2633 3878
226 227 297 265 106

222 313 380 353 duntur
410 322 531 364 aquae
559 311 611 351 ab
642 311 762 364 aquis
781 314 856 364 (a),
879 312 937 354 sic
966 315 1168 367 purgatio
1198 316 1243 356 in

222 395 332 436 aqua
346 383 449 422 facta
469 382 648 422 sormam
661 382 858 435 baptismi
881 384 991 435 gerit
1007 385 1242 426 secundum

224 455 393 494 beatum
415 451 586 493 Petrum
602 455 612 476 ¹
628 485 640 503 ,
663 455 748 493 tam
769 454 966 507 baptismi
990 456 1239 507 sanguinis,

223 536 350 576 quam
371 523 586 575 fluminis,
609 536 737 577 quam
758 525 955 565 flaminis.

274 593 366 635 Dies
390 597 514 635 terra}
538 595 762 643 foecundae,
785 599 950 648 tempus
973 597 1114 648 gentis
1136 599 1240 641 elcc-

221 669 294 715 tae,
314 677 474 706 norma}
493 666 589 706 fidei
619 666 850 707 catholioae.
873 666 1001 708 Terra
1024 671 1240 720 germina-

220 737 278 776 vit
300 736 537 786 Abraham,
567 740 607 776 et
625 736 838 776 Abraham
860 737 973 778 Isaac
997 741 1172 792 genuit,
1204 745 1244 782 et

222 808 333 848 Isaac
355 807 501 856 Jacob,
525 810 600 847 etc.
628 806 678 847 Et.
709 807 891 849 Ecclesia
922 821 1116 852 normam
1148 812 1243 854 fidei

220 880 390 929 statuit,
423 880 654 921 secundum
677 892 806 933 quam
838 881 1067 922 succedunt
1101 883 1244 925 fideles

218 950 428 991 fidi-libus.

275 1021 368 1061 Dies
382 1021 489 1061 lucis
507 1021 699 1073 sidereae,
724 1024 890 1075 tempus
914 1023 1025 1076 legis
1048 1027 1215 1067 statutae
1231 1057 1244 1077 ,

223 1096 389 1146 tempus
409 1104 570 1133 normae
595 1093 785 1145 justitiae.
809 1092 893 1134 Lex
918 1095 1031 1135 enim
1054 1095 1247 1138 distincta

222 1164 299 1204 fuit
330 1176 404 1217 per
432 1163 586 1214 solem,
621 1164 790 1213 lunam,
820 1168 862 1206 et
891 1166 1051 1216 stellas,
1085 1168 1166 1209 hoc
1187 1172 1247 1209 est

222 1236 456 1276 secuudum
481 1235 612 1276 ritum
634 1235 705 1276 Dei
735 1236 916 1288 colendi,
940 1238 1028 1279 sive
1047 1239 1094 1292 (b)
1117 1252 1245 1281 caere-

224 1306 430 1355 moniam,
460 1319 681 1347 censuram
704 1307 947 1359 Judicanili,
979 1309 1159 1350 formam
1186 1312 1248 1352 vi·

224 1379 368 1430 vendi,
391 1379 480 1419 sive
511 1379 742 1420 secundum
776 1380 975 1432 moralia,
1000 1382 1244 1436 judicialia,

224 1450 534 1491 caeremonialia
555 1465 563 1491 :
587 1450 644 1491 sic
675 1451 718 1491 in
744 1451 927 1493 Ecclesia
947 1465 1151 1505 canones;
1176 1456 1250 1496 de-

225 1521 319 1562 inde
335 1521 452 1573 leges
472 1534 546 1574 per
564 1521 585 1562 J
591 1523 852 1564 ustinianum
872 1524 916 1564 in
938 1537 1075 1566 unum
1096 1538 1249 1580 corpus

224 1593 423 1642 redactae,
446 1605 542 1645 quae
561 1593 697 1645 primo
714 1597 834 1634 erant
853 1607 1120 1647 paganorum
1133 1630 1143 1648 ,
1164 1598 1248 1639 fac-

226 1666 279 1705 tae
299 1667 399 1704 sunt
419 1663 750 1705 Christianorum
767 1678 777 1716 3
800 1668 840 1706 et
859 1667 1024 1718 regulae
1046 1669 1248 1710 monasti—

225 1748 308 1785 cae,
330 1739 377 1776 ut
399 1735 510 1776 beati
531 1734 755 1776 Benedicti.
779 1735 966 1778 Canones
997 1740 1252 1792 respondent

225 1807 613 1858 caeremonialibuS,
639 1807 754 1860 leges
765 1809 1064 1862 Judicialibus,
1086 1824 1252 1853 monas-

223 1878 303 1919 tica
323 1878 567 1919 moralibus,

276 1950 368 1990 Dies
387 1950 486 1991 vitae
506 1950 698 2001 motivae,
720 1952 889 2004 tempus
904 1953 1061 2005 regalis
1081 1955 1246 2007 gloriae,

221 2024 386 2075 tempus
408 2021 600 2062 sublimis
620 2022 853 2075 cathedrae,
884 2026 1158 2078 respondent.
1182 2028 1247 2069 Si-

220 2096 290 2134 cut
310 2093 420 2134 enim
454 2106 539 2133 una
568 2106 665 2146 pars
685 2094 783 2135 vitae
803 2096 976 2137 motivae
999 2098 1077 2138 fuit
1095 2110 1247 2152 repen-

221 2164 351 2214 tium,
374 2163 504 2205 altera
524 2164 788 2215 volatilium;
811 2165 868 2205 sic
888 2166 933 2206 in
961 2167 1145 2208 Ecclesia
1164 2182 1252 2209 una

221 2248 319 2289 pars
335 2239 395 2277 est
413 2248 568 2289 regum
596 2239 636 2277 et
655 2237 930 2289 pontificum,
955 2239 1036 2280 alia
1057 2241 1248 2282 subdito-

222 2320 334 2348 rum.

276 2379 370 2419 Dies
389 2379 590 2420 humanae
610 2379 778 2430 formae,
801 2382 971 2433 tempus
1005 2382 1121 2422 vocis
1152 2396 1251 2436 pro-

222 2451 424 2504 pheticae,
460 2454 627 2504 tempus
658 2450 783 2492 clarae
817 2452 1016 2494 doctrina}
1044 2486 1053 2505 ,
1089 2454 1134 2494 in
1168 2468 1252 2508 quo

223 2526 329 2563 esset
361 2523 449 2562 vita
479 2523 744 2575 prophetica,
781 2524 1051 2577 respondent.
1090 2525 1141 2566 Et
1172 2539 1251 2567 ne-

224 2606 333 2634 cesse
355 2594 432 2634 tuit
460 2597 508 2634 ut
539 2594 583 2634 in
613 2594 693 2634 hoc
721 2598 910 2648 tempore
942 2596 1109 2637 veniret
1139 2609 1253 2638 unus

224 2665 325 2705 ordo
344 2697 354 2715 ,
390 2664 545 2705 scilicet
580 2664 751 2706 habitus
790 2667 1061 2719 propheticus
1103 2668 1253 2709 similis

226 2737 363 2778 ordini
389 2736 486 2777 Jsssu
517 2736 701 2787 Cnmsn,
725 2739 847 2789 cujus
881 2741 1007 2791 caput
1037 2743 1144 2781 esset
1176 2753 1250 2780 an-

226 2807 367 2861 gelus,
402 2807 625 2848 ascendens
656 2808 708 2848 ab
739 2811 836 2849 ortu
870 2809 993 2860 solis,
1025 2812 1254 2852 conformis

228 2878 415 2919 Cflmsro.
439 2878 489 2919 Et
508 2879 595 2919 dixi
616 2880 661 2932 (c)
676 2911 688 2930 ,
722 2880 833 2933 quod
848 2882 939 2933 Jam
958 2885 1135 2923 venerat
1166 2884 1254 2924 dies

228 2951 379 3004 quietis
399 2951 580 2999 sabbati,
601 2954 768 3004 tempus
787 2952 939 3005 quietis
960 2953 1127 3005 mediae,
1151 2957 1254 2995 tem-

229 3034 308 3075 pus
339 3021 491 3075 quietis
518 3021 606 3062 sive
640 3023 753 3074 pacis
794 3029 1032 3076 postremae.
1068 3025 1255 3079 Tempus

229 3093 380 3146 quietis
400 3092 551 3133 mediae
577 3092 673 3142 fuit,
695 3094 865 3146 quando
894 3095 1110 3148 prophetae
1142 3097 1251 3137 nihil

230 3164 513 3214 scripserunt3
536 3167 576 3205 et
593 3166 696 3204 tunc
723 3164 802 3205 fuit
831 3165 1251 3221 silentium.prophe—

231 3238 394 3285 tarum,
416 3235 604 3276 medium
624 3235 733 3275 inter
759 3235 940 3288 primam
972 3237 1157 3288 quietem
1175 3270 1186 3289 ,
1216 3241 1258 3279 et

233 3305 442 3346 ultimam.
464 3305 560 3347 Fuit
584 3306 710 3347 etiam
729 3308 898 3360 tempus
918 3307 1132 3360 quietum,
1156 3309 1257 3361 quia

235 3379 336 3417 tunc
348 3376 392 3416 in
403 3378 589 3418 maxima
598 3390 699 3432 pace
712 3378 730 3418 f
733 3378 793 3420 uit
804 3379 989 3419 mundus
1000 3382 1126 3431 totus,
1144 3380 1257 3421 unde

236 3449 278 3487 et
296 3458 370 3500 per
386 3446 604 3488 duodecim
625 3461 758 3490 annos
780 3450 985 3503 templum
1006 3450 1151 3492 Romae
1168 3452 1257 3503 jam

280 3529 290 3550 ¹
311 3529 322 3561 1
343 3529 447 3568 Petr„
468 3537 522 3570 111,
544 3532 595 3561 21.
612 3547 651 3554 -
672 3531 682 3549 2
700 3532 791 3572 Luc„
813 3540 851 3573 11,
874 3535 901 3565 1.

912 224 926 265 1
932 224 1128 266 LLUMIN
1134 225 1219 266 ATI
1224 225 1357 269 ONES
1383 228 1574 273 ECCLES
1596 231 1645 272 AE

1318 317 1508 360 clausum
1527 320 1607 361 fuit
1633 322 1730 362 ante
1758 320 1990 361 adventum
2009 318 2173 360 Cnmsu
2187 351 2198 370 ,
2226 319 2341 373 quod

1317 389 1506 442 tempore
1534 391 1632 431 belli
1653 403 1819 445 semper
1838 393 2034 444 apertum
2052 391 2151 442 fuit,
2173 393 2214 432 et
2231 394 2338 432 tem-

1317 471 1419 511 pore
1439 461 1551 513 pacis
1573 462 1779 503 clausum.
1802 461 1919 502 Unde
1941 462 2067 503 etiam
2093 463 2227 514 portae
2247 461 2341 502 rui-

1318 542 1434 572 nosae¹
1465 533 1583 574 factae
1613 536 1726 573 sunt.
1749 533 1866 574 Unde
1897 536 1937 574 et
1967 533 2224 586 imperator2
2245 533 2342 573 des-

1319 602 1423 641 cribi
1449 603 1543 644 fecit
1574 605 1787 644 mundum
1811 607 1884 644 :et
1915 604 2022 645 DEus
2051 604 2234 657 ponebat
2264 604 2344 645 hoc

1320 673 1364 712 in
1381 673 1504 713 corde
1523 674 1680 726 pagani
1698 706 1709 723 ,
1732 676 1780 713 ut
1802 674 2109 715 describeretur
2127 674 2313 715 mundus
2327 706 2340 725 ,

1318 746 1365 784 ut
1387 744 1514 795 virgo
1534 744 1629 785 ierit
1647 745 1691 784 in
1713 744 1928 786 Bethleem
1943 777 1953 795 ,
1975 748 2016 785 et
2035 745 2093 785 ibi
2113 748 2281 798 pareret
2300 745 2343 785 in

1320 814 1565 856 diversorio.
1597 815 1648 856 Et
1679 815 2016 868 frequentissime
2049 815 2342 867 inculcabam,

1321 886 1434 938 quod
1455 898 1539 926 non
1567 889 1666 927 sunt
1692 899 1716 927 a
1735 899 1835 927 casu
1865 888 1906 927 et
1933 899 1957 927 a
1986 887 2156 927 fortuna
2186 887 2286 937 ista,
2307 889 2348 928 et

1321 956 1574 1008 consimilia,
1596 958 1730 1010 posita
1750 957 1796 998 in
1813 957 2049 1010 Scriptura,
2074 957 2144 998 sed
2160 958 2349 999 maxima

1321 1027 1496 1078 ratione,
1520 1029 1709 1070 maximo
1726 1029 1951 1083 mysteri03
1969 1028 2039 1069 sed
2054 1029 2126 1081 qui
2141 1041 2226 1070 non
2247 1040 2346 1070 con-

1322 1099 1490 1150 siderat,
1506 1099 1612 1140 nihil
1625 1100 1840 1152 intelligit.
1858 1099 1954 1141 Fuit
1974 1100 2100 1141 etiam
2114 1111 2203 1141 nox
2215 1099 2260 1140 in
2274 1111 2350 1141 suo

1323 1181 1466 1220 cursu,
1488 1170 1588 1223 quia
1607 1173 1708 1211 tunc
1725 1174 1816 1211 erat
1835 1183 2006 1212 summa
2024 1171 2275 1211 idololatria.

1379 1239 1620 1281 Secundum
1640 1241 1721 1282 hoc
1741 1253 1863 1294 ergO,
1888 1244 2055 1295 tempus
2073 1244 2237 1283 naturae
2257 1253 2352 1283 con-

1323 1310 1421 1351 ditae
1446 1311 1569 1352 durat
1587 1312 1638 1352 ab
1655 1312 1789 1352 Adam
1811 1324 1946 1365 usque
1968 1312 2020 1353 ad
2037 1311 2138 1353 Noe.

1378 1381 1565 1435 Tempus
1595 1383 1731 1436 culpae
1761 1383 2022 1437 purgandae,
2050 1395 2075 1423 a
2104 1381 2191 1424 Noe
2217 1394 2353 1436 usque

1325 1454 1376 1495 ad
1396 1454 1621 1495 Abraham.

1378 1526 1562 1580 Tempus
1582 1528 1720 1579 gentis
1752 1527 1917 1578 electae,
1950 1526 2002 1568 ad
2030 1526 2248 1568 Abraham
2280 1538 2354 1568 us-

1325 1610 1408 1652 que
1426 1599 1477 1639 ad
1496 1598 1685 1652 Moysen.
1707 1598 1847 1651 Elegit
1863 1599 1976 1639 enim
1998 1598 2105 1639 DEus
2119 1598 2351 1649 Abraham,

1325 1681 1409 1710 non
1423 1669 1518 1720 Lot3
1536 1670 1663 1721 Isaac,
1675 1682 1761 1711 non
1776 1670 1943 1720 Ismae13
1961 1670 2103 1720 Jacob,
2116 1682 2201 1710 non
2215 1669 2328 1711 Esau
2341 1685 2351 1721 ;

1325 1744 1365 1782 et
1395 1741 1544 1782 Judam
1576 1741 1626 1782 de
1657 1753 1742 1795 quo
1773 1743 1898 1782 natus
1930 1745 1992 1783 est
2017 1742 2245 1792 Cumsrus,
2267 1753 2355 1783 non

1324 1813 1474 1854 fratres
1493 1813 1609 1853 alios.

1376 1883 1562 1937 Tempus
1579 1883 1687 1936 legis
1705 1885 1892 1934 statutae,
1916 1896 1941 1924 a
1961 1883 2104 1937 Moyse
2134 1895 2272 1938 usque
2301 1885 2353 1925 ad

1325 1955 1589 2006 Samuelem,
1613 1955 1686 2009 qui
1705 1968 1842 1996 uuum
1861 1967 2011 2008 regem
2030 1956 2261 2009 reprobum
2277 1988 2288 2008 ,
2311 1958 2353 1997 et

1324 2028 1457 2069 alium
1476 2027 1657 2068 electum
1681 2026 1924 2067 inunxerat.

1377 2098 1562 2151 Tempus
1593 2097 1752 2149 regalis
1786 2097 1961 2149 gloriae,
1997 2110 2022 2138 a
2060 2097 2190 2140 David
2218 2110 2355 2152 usque

1325 2170 1377 2211 ad
1405 2169 1649 2219 Ezechiam,
1680 2168 1725 2208 in
1746 2180 1829 2221 quo
1856 2169 2182 2221 transmigratio
2209 2169 2354 2211 decem

1325 2242 1515 2282 tribuum
1538 2240 1644 2280 facta
1666 2241 1742 2280 est.

1379 2312 1563 2364 Tempus
1600 2311 1715 2352 vocis
1753 2310 2011 2363 propheticae
2037 2343 2049 2361 ,
2089 2312 2141 2352 ab
2179 2311 2356 2352 Ezechia

1325 2383 1463 2424 stricte
1479 2382 1704 2436 loquendo,
1726 2381 1846 2433 large
1875 2382 1927 2422 ab
1956 2381 2068 2433 Ozia,
2094 2382 2168 2436 qui
2196 2383 2276 2424 fuit
2292 2383 2356 2424 le-

1326 2465 1491 2508 prosuS‚
1506 2465 1643 2506 usque
1657 2453 1708 2493 ad
1728 2452 1967 2493 Zorobabel.
1983 2452 2071 2493 Sub
2083 2453 2261 2494 Ezechia
2272 2454 2357 2494 fac-

1325 2528 1419 2566 tum
1439 2527 1501 2565 est
1520 2524 1624 2565 illud
1652 2523 1920 2575 miraculum,
1951 2524 2064 2577 quod
2088 2525 2175 2565 dies
2206 2525 2358 2566 hahuit

1325 2596 1501 2648 triginta
1533 2595 1639 2636 duas
1662 2595 1790 2636 horas
1816 2607 1890 2647 per
1919 2596 2208 2637 reversionem
2242 2596 2354 2636 solis.

1380 2666 1563 2720 Tempus
1584 2667 1697 2720 pacis
1715 2669 1757 2707 et
1777 2666 1931 2718 quietis
1946 2698 1956 2715 ‚
1979 2678 2003 2706 a
2026 2665 2254 2707 Zorobabel
2283 2677 2358 2707 us-

1326 2750 1410 2791 que
1431 2739 1482 2779 ad
1500 2737 1722 2778 Camswm.
1757 2737 1806 2777 ln
1837 2749 1950 2777 novo
1977 2739 2227 2777 testamento
2255 2739 2358 2778 tem-

1326 2823 1405 2864 pus
1426 2810 1587 2851 collatae
1609 2809 1780 2863 gratiae,
1803 2821 1828 2849 a
1855 2809 2027 2850 Cnmsro
2058 2811 2098 2849 et
2117 2809 2326 2862 Apostolis
2343 2841 2354 2861 ‚

1327 2880 1719 2934 comprehendendo
1734 2882 1916 2921 mortem
1933 2879 1954 2921 J
1958 2879 2125 2929 oannis,
2144 2892 2281 2933 usque
2299 2880 2351 2921 ad

1328 2953 1586 2994 Clementem
1606 2963 1774 3005 papam.

1379 3023 1564 3077 Tempus
1583 3022 1781 3075 baptismi
1797 3022 1841 3062 in
1859 3021 2086 3073 sanguine,
2101 3035 2125 3063 a
2145 3022 2358 3064 Clemente

1329 3107 1464 3149 usque
1498 3095 1549 3136 ad
1582 3093 1872 3147 SyIvestrum,
1904 3093 2003 3146 quia
2033 3093 2112 3133 sub
2149 3092 2358 3134 Clemente

1329 3167 1501 3219 incoepit
1527 3177 1688 3217 magna
1714 3164 1950 3217 persecutio
1976 3196 1985 3214 ,
2021 3163 2190 3216 quando
2220 3162 2358 3204 Judaei

1330 3237 1489 3278 venditi
1519 3237 1711 3286 fuerunt,
1736 3235 1901 3287 expulsi
1928 3235 1979 3276 de
2007 3233 2270 3275 Hierusalem
2287 3264 2297 3284 ,
2316 3235 2358 3274 et

1331 3309 1521 3351 Clemens
1539 3308 1694 3348 missus
1715 3309 1778 3348 est
1796 3306 2052 3347 chersonam
2083 3317 2181 3346 cum
2199 3304 2357 3358 populo

1330 3380 1375 3420 in
1394 3379 1572 3420 exilium
1604 3379 1648 3419 in
1671 3377 1889 3419 Graeciam.
1920 3375 1970 3418 Et
1995 3377 2039 3417 in
2065 3375 2137 3417 illo
2166 3378 2357 3429 tempore

1374 3484 1419 3525 (a)
1442 3484 1522 3516 Coet.
1540 3483 1620 3514 cclii.
1640 3483 1799 3515 dividitur
1818 3491 1905 3524 aqua
1925 3482 2032 3524 aquis.
2049 3501 2090 3508 —
2112 3481 2155 3523 (b)
2176 3482 2257 3514 Coet.
2274 3482 2354 3516 edit.

1332 3541 1396 3564 non
1421 3531 1540 3563 habent
1564 3530 1816 3564 caeremoniam.
1836 3548 1876 3554 —
1894 3530 1933 3572 (c)
1957 3529 2037 3562 Caet.
2053 3529 2135 3562 edit.
2156 3528 2250 3561 dixit.

2381 1256 2512 1283 AEtatum

2389 1296 2491 1324 mundi

2383 1337 2500 1365 distinc-

2385 1379 2436 1408 tio.
