2633 3878
155 1085 261 1116 Legem

140 1124 244 1156 triplici

137 1164 248 1191 ratione

130 1205 213 1239 dilig<
221 1214 250 1233 re

121 1245 261 1273 debemus

146 2385 245 2411 Domi-

125 2433 191 2458 nus,
208 2426 235 2451 id

111 2468 164 2499 est,
175 2466 249 2493 dans

109 2514 225 2534 munus.

291 296 367 334 442

288 382 529 417 Demonstrat
553 380 697 428 quippe
726 380 774 417 de
801 381 984 418 charitate
1011 381 1113 416 intus
1133 378 1313 424 ardente,

288 442 397 489 quod
429 442 624 487 accendit,
662 443 840 489 attendit,
876 442 1079 490 expendit,
1110 440 1311 477 extendit:

287 504 381 550 quia
400 504 584 541 nimirum
606 516 676 552 per
696 506 879 543 ardorem
898 517 1011 542 suum
1040 504 1241 541 rationalis
1261 503 1315 540 af-

285 567 406 603 fectus
426 568 665 614 accenditur,
686 568 896 616 spiritualis
916 568 1072 604 dilectio
1090 566 1312 612 attenditur,

287 632 438 677 tempus
473 631 693 678 exponitur,
727 631 975 667 meditativus
1002 630 1218 667 intellectus
1250 640 1314 667 ex-

285 690 467 728 tenditur.

613 741 801 776 Arctcuzus
823 741 976 786 primus.

329 817 522 860 Quantum
549 816 600 852 ad
628 817 823 864 primum,
856 816 1021 853 dicitur:
1057 816 1233 860 Quomodo
1259 816 1313 851 di-

282 878 355 914 Ieaei
375 879 481 923 leuem
502 881 624 914 tuam!
646 878 753 925 Legis
782 878 886 915 enim
911 878 1046 924 lectio,
1069 881 1124 914 est
1149 877 1312 923 legentis

281 938 444 985 illectio;
478 939 661 976 affectum
695 939 945 986 calefaciens,
980 943 1015 976 et
1046 938 1311 975 calefaciendo

280 1000 552 1048 liquefaciens;
577 1001 673 1038 dum
694 1001 846 1050 aliquid
865 1002 905 1038 in
925 1002 1010 1048 lege
1030 1001 1184 1047 legitur,
1201 1000 1310 1047 quod

280 1073 303 1099 a
328 1062 479 1109 legente
509 1063 696 1109 diligitur.
726 1066 767 1100 Et
787 1065 901 1109 nota,
933 1062 1043 1110 quod
1062 1062 1193 1109 legem
1219 1061 1310 1098 dili-

281 1135 371 1171 gere
392 1125 582 1161 debemus
603 1125 742 1173 triplici
763 1126 911 1162 ratione
931 1138 938 1161 :
972 1124 1161 1172 quoniam
1183 1123 1310 1160 delec-

280 1186 421 1232 tabile,
448 1187 677 1233 honestum,
706 1187 811 1224 utile.
835 1187 948 1224 Plane
976 1186 1228 1232 delectabile,
1251 1185 1310 1221 di-

279 1248 368 1285 lecti
389 1259 527 1285 vocem
553 1249 712 1295 audire3
741 1250 948 1285 honestum
976 1259 1159 1296 quoque,
1181 1248 1310 1284 dilecti

279 1310 595 1347 benevolentiam
616 1311 830 1357 custodire3
853 1321 924 1347 nec
943 1310 1100 1356 inutile,
1123 1310 1310 1347 dilectum

279 1372 455 1409 odientes
476 1372 598 1409 odire.
622 1374 670 1408 De
695 1373 824 1420 primo
854 1372 994 1409 dicitur
1014 1373 1053 1409 in
1078 1373 1306 1420 proposito:

279 1434 456 1477 Quomodo
483 1435 599 1471 dileaei
626 1436 733 1480 quem
760 1439 881 1478 tuam,
903 1437 975 1471 etc.
1009 1434 1068 1471 Sic
1097 1434 1226 1481 legem
1249 1434 1309 1470 di-

276 1497 372 1543 ligit,
395 1498 462 1545 qui
483 1498 534 1534 ad
554 1497 695 1544 legem,
718 1497 831 1546 quasi
851 1497 981 1534 dilecti
998 1508 1152 1542 vocem,
1173 1507 1309 1533 aurem

275 1559 502 1596 interiorem
516 1560 639 1607 erigit,
657 1560 754 1597 sicut
767 1559 948 1597 scribitur
964 1559 1059 1597 alibi
1076 1562 1082 1582 ¹
1102 1571 1108 1595 :
1127 1561 1308 1595 «Bonum

274 1622 370 1659 mihi
391 1622 454 1659 lex
473 1622 552 1660 oris
573 1624 640 1659 tui.
664 1636 680 1656 η
704 1625 754 1660 1)6
774 1623 948 1660 secundo
965 1621 997 1659 ²:
1022 1636 1039 1656 a
1062 1622 1308 1670 Iniquitatem

274 1684 367 1721 odio
393 1684 539 1730 habui,
563 1687 598 1721 et
618 1685 868 1722 abominatus
894 1696 1001 1732 sum3
1029 1684 1158 1731 legem
1177 1685 1307 1720 autem

273 1747 382 1782 tuam
402 1746 533 1782 dilexi.
558 1759 574 1780 n
593 1747 653 1783 Sic
672 1747 800 1794 legem
822 1747 966 1793 diligit,
994 1747 1061 1794 qui
1082 1745 1211 1783 dilecti
1237 1745 1307 1782 be-

272 1808 538 1845 nevolentiam
568 1809 722 1856 potius,
750 1820 868 1856 quam
894 1808 1078 1855 inJ'uriam
1105 1807 1224 1854 eligit.
1256 1809 1305 1844 De

272 1870 383 1906 tertio
404 1872 442 1906 ³:
469 1884 486 1905 α
507 1870 664 1919 iniquos
692 1871 785 1907 odio
814 1871 956 1916 habui,
983 1873 1020 1907 et
1047 1870 1176 1917 legem
1195 1872 1305 1906 tuam

272 1932 405 1969 dilexi.
422 1946 439 1966 n
458 1933 516 1969 Sic
537 1932 664 1979 legem
684 1933 823 1979 diligit,
840 1933 908 1980 qui
922 1932 1155 1979 legislatoris
1174 1932 1304 1968 hostes

271 1994 483 2041 objurgare
503 2004 585 2031 non
608 1994 782 2040 negligit.

579 2099 770 2135 Articulus
796 2099 981 2134 secundus.

316 2183 511 2226 Quantum
539 2181 591 2218 ad
616 2181 851 2227 secundum,
880 2181 1110 2228 subjicitur:
1143 2183 1300 2218 Domine.

268 2245 363 2279 Ecce
396 2242 588 2280 dilectus:
634 2243 774 2280 dicitur
811 2243 916 2280 enim
950 2242 1149 2288 Dominus,
1189 2243 1301 2290 quasi

269 2305 367 2341 dans
397 2315 560 2349 munus,
592 2307 629 2341 et
659 2304 805 2341 idcirco
829 2305 1004 2342 dilectus.
1033 2304 1140 2341 Unde
1159 2306 1300 2341 notan-

269 2366 386 2412 dum,
419 2366 529 2414 quod
558 2366 628 2403 iste
655 2367 842 2404 Dominus
873 2367 941 2403 dat
970 2367 1112 2414 triplex
1141 2378 1298 2413 munus,

268 2428 413 2464 scilicet
440 2439 582 2465 munus
602 2429 721 2475 legis,
743 2428 917 2474 virtutis,
951 2428 1098 2465 salutis.
1128 2428 1300 2465 Primum

268 2500 411 2526 munus
434 2493 490 2527 est
521 2490 784 2536 luminosum3
815 2491 1034 2527 secundum
1060 2490 1298 2537 gratiosum,

268 2553 422 2589 tertium
438 2552 668 2599 gloriosum.
686 2555 736 2590 De
755 2552 884 2600 primo
906 2553 1099 2601 Propheta
1117 2553 1249 2601 psallit
1263 2555 1297 2590 ¹·:

270 2628 287 2648 «
307 2615 434 2651 Dulcis
452 2618 489 2651 et
513 2618 639 2651 rectus
659 2615 867 2661 Dominus,
891 2617 1052 2663 propter
1071 2615 1147 2652 hoc
1170 2615 1299 2662 legem

267 2677 400 2714 dabit:
432 2690 449 2711 n
478 2687 567 2714 ecce
599 2676 784 2713 Dominus
811 2677 910 2714 dans
942 2677 1038 2724 legis
1067 2688 1224 2714 munus.
1247 2679 1298 2714 De

265 2738 438 2776 secundo
459 2739 631 2776 Psalmus
652 2739 786 2775 scribit
806 2740 818 2762 ⁵
837 2751 844 2775 :
871 2753 887 2773 «
910 2739 1095 2775 Dominus
1114 2740 1298 2776 virtutem

264 2801 415 2848 populo
435 2812 506 2837 suo
528 2801 659 2838 dabit:
674 2816 690 2834 n
714 2811 802 2838 ecce
821 2801 1008 2838 Dominus
1029 2801 1128 2838 dans
1147 2802 1298 2838 virtutis

267 2873 421 2898 munus,
455 2865 504 2899 De
526 2863 634 2899 tertio
663 2864 701 2898 ⁶:
733 2877 749 2896 ι(
775 2863 884 2900 Dedit
913 2863 1099 2900 Dominus
1132 2864 1297 2901 salutem

265 2924 402 2971 Syriae,
433 2938 449 2958 n
473 2935 559 2972 quae
588 2925 859 2972 interpretatur
889 2926 1080 2971 Sublimis,
1103 2929 1140 2963 et
1158 2930 1296 2974 typum

265 2986 364 3032 gerit
383 2985 559 3023 Ecclesiae
577 2986 867 3034 triumphantis:
892 2998 980 3024 ecce
996 2988 1182 3025 Dominus
1197 2988 1296 3025 dans

265 3048 399 3085 salutis
418 3059 574 3085 munus.

600 3150 787 3186 Articulus
814 3151 955 3186 tertius.

311 3237 508 3280 Quantum
527 3235 579 3272 ad
597 3235 773 3280 tertium,
795 3234 974 3272 additur:
1001 3237 1087 3272 Tota
1111 3237 1180 3273 (lie.
1200 3240 1295 3274 Ecce

266 3299 418 3343 tempus
446 3307 683 3345 expensum,
718 3297 863 3334 scilicet
892 3297 1078 3334 diurnum
1106 3298 1294 3346 spatium,

266 3357 376 3405 quod
397 3358 600 3395 meditanti
631 3359 670 3395 in
697 3359 784 3406 lege
815 3359 968 3396 Domini
987 3359 1149 3405 [videtur
1173 3360 1294 3399 breve

311 3455 428 3486 ¹Psal.
449 3456 524 3494 hoc,
551 3459 602 3488 72.
623 3475 661 3480 —
687 3458 697 3476 ²
722 3457 819 3497 lbid„
848 3460 916 3490 163.
941 3475 981 3481 —
1005 3458 1018 3480 ³
1040 3457 1137 3499 ibid„
1164 3461 1231 3491 113.
1255 3477 1294 3482 -

267 3502 279 3523 ⁸
299 3501 386 3533 Psal.
413 3511 507 3541 xxm,
537 3505 566 3534 8.
591 3521 623 3526 -
654 3505 665 3523 ⁵
685 3504 775 3537 Psal.
800 3513 931 3545 xxvin,
960 3507 1008 3537 Η.
1037 3523 1072 3528 -
1100 3506 1113 3527 ⁶
1135 3505 1175 3536 lV
1204 3506 1293 3546 Req„

268 3555 299 3588 v,
333 3552 360 3581 ¹.
390 3567 423 3571 —
457 3549 468 3570 ⁷
499 3550 628 3591 Taren„
661 3559 690 3589 1,
726 3555 774 3583 13.
796 3569 834 3575 —
861 3552 874 3574 ⁸
903 3555 1010 3594 Prov.,
1037 3560 1143 3592 xxm,
1176 3555 1224 3586 18.
1256 3571 1290 3577 -—

984 288 1255 332 EXPOSlTlO
1284 288 1337 331 IN
1372 286 1722 331 PSALTElllUM.

1389 389 1469 426 prae
1497 378 1643 416 amoris
1670 379 1954 426 magnitudine.
1985 382 2028 416 Et
2057 383 2170 425 nota,
2202 382 2311 428 quod
2339 382 2414 419 hoc

1389 441 1557 489 spatium
1589 441 1815 489 expendunt
1840 441 1983 478 diversi
2013 441 2304 480 diversimode:
2333 445 2416 491 qui-

1389 502 1482 539 dam
1502 503 1539 539 in
1561 513 1742 549 moerore,
1764 503 1926 550 quidam
1946 504 1985 539 iu
2006 503 2163 549 timore,
2191 503 2354 551 quidam
2375 505 2414 541 in

1388 575 1521 601 amore
1536 577 1546 610 3
1573 565 1670 601 sicut
1695 565 1734 600 iu
1755 565 1903 601 Christo
1928 565 2102 613 parvuli,
2132 565 2413 612 grandiusculi,

1389 626 1601 673 grandmvi.
1622 628 1669 662 De
1690 626 1832 673 primo,
1848 626 1917 663 ubi
1935 627 2028 663 dicit
2047 627 2267 674 poenitentis
2284 627 2416 665 anima

1387 688 1427 724 iu
1459 688 1606 724 Christo
1635 687 1802 735 parvula
1822 689 1859 725 ⁷:
1888 701 1904 722 «
1931 689 2061 725 Posuit
2091 700 2153 726 me
2185 689 2415 736 desolatam,

1388 751 1467 785 tota
1485 749 1547 785 die
1568 759 1734 786 moerore
1755 749 1973 786 confectam
1991 763 1999 787 :
2021 764 2038 785 »
2063 761 2151 787 ecce
2173 751 2278 788 diem
2294 753 2417 788 totam

1386 810 1426 846 in
1448 821 1614 847 moerore
1643 822 1868 858 expensam.
1892 814 1941 848 De
1968 813 2161 858 secundo,
2191 813 2259 850 uhi
2281 813 2418 861 praeci-

1386 873 1491 919 pitur
1518 873 1795 919 grandiusculo
1815 873 1828 894 ⁸
1849 887 1858 910 :
1885 887 1902 907 «
1927 875 1967 911 In
1997 874 2133 912 timore
2163 874 2314 913 Domini
2335 877 2416 912 esto

1385 936 1465 970 tota
1492 934 1575 979 die,
1603 935 1696 982 quia
1725 936 1891 972 habebis
1922 947 2029 984 spem
2058 936 2098 972 in
2122 937 2368 974 novissimo.-
2394 951 2411 972 n

1386 1006 1475 1032 ecce
1504 996 1587 1033 dies
1615 999 1693 1034 tota
1719 998 1760 1034 in
1788 998 1927 1035 timore
1953 1009 2136 1046 expensa.
2168 1001 2218 1035 De
2244 999 2354 1037 tertio
2375 1001 2413 1036 ⁹:

1389 1071 1407 1092 «
1422 1059 1717 1097 Amantissimus
1736 1061 1887 1098 Domini
1900 1061 2093 1098 habitabit
2111 1061 2354 1098 confidenter
2375 1061 2415 1098 in

1385 1131 1455 1167 eo,
1487 1122 1598 1168 quasi
1633 1123 1673 1158 in
1704 1123 1877 1160 thalamo
1913 1125 1992 1160 tota
2024 1123 2087 1160 die
2124 1123 2361 1160 morabitur:
2393 1138 2411 1159 n

1385 1183 1495 1230 quod
1523 1183 1568 1220 de
1593 1185 1792 1231 Benjamin
1818 1186 1970 1232 legitur,
1991 1196 2061 1233 per
2089 1197 2207 1234 quem
2236 1185 2416 1233 grandae-

1384 1255 1469 1290 vus,
1487 1257 1555 1282 seu
1580 1247 1904 1294 contemplativus
1932 1247 2170 1295 intelligitur.
2195 1251 2288 1285 Ecce
2309 1247 2414 1284 diem

1383 1308 1506 1344 totam
1526 1308 1565 1344 in
1586 1319 1719 1345 amore
1740 1319 1969 1356 expensam.

1715 1415 1900 1450 Articulus
1920 1417 2085 1460 quartus.

1431 1497 1626 1540 Quantum
1658 1497 1709 1534 ad
1741 1500 1938 1545 quartum,
1970 1498 2268 1545 superadditur:
2298 1499 2413 1538 Meda·-

1384 1561 1472 1595 tatz'o
1493 1570 1570 1596 mea
1589 1563 1652 1596 est.
1669 1559 1769 1604 Quid
1785 1560 1890 1596 enim
1905 1563 1961 1597 est
1979 1561 2195 1606 meditatio,
2214 1561 2288 1598 nisi
2305 1573 2412 1599 men·
2450 1574 2571 1602 Medita-

1382 1621 1428 1657 tis
1448 1621 1620 1658 extensio
1634 1623 1652 1657 ἱ)
1677 1622 1736 1659 Ad
1760 1621 1859 1658 illud
1879 1623 2026 1670 quippe
2053 1623 2267 1669 meditans,
2295 1624 2411 1661 intui·
2430 1616 2470 1643 ¹5⁰
2489 1616 2570 1651 quid.

1381 1686 1463 1720 tum
1494 1684 1633 1720 mentis
1662 1684 1856 1730 extendit,
1886 1685 1995 1732 quod
2022 1685 2198 1722 invenire
2229 1686 2408 1724 intendit.

1380 1747 1423 1782 Et
1441 1747 1554 1791 nota,
1576 1746 1685 1793 quod
1710 1746 1806 1792 legis
1835 1747 2035 1784 meditatio
2054 1748 2152 1784 solet
2176 1759 2259 1785 esse
2278 1748 2327 1785 de
2346 1748 2412 1785 tri-

1378 1808 1472 1855 plici
1486 1809 1686 1856 mysterio,
1704 1809 1886 1846 videlicet
1905 1809 2131 1856 allegorico,
2146 1810 2409 1857 tropologico,

1379 1872 1415 1905 et
1434 1870 1675 1916 anagogico:
1700 1881 1869 1917 quorum
1886 1871 2057 1918 primum
2071 1871 2237 1918 pertinet
2255 1872 2307 1908 ad
2327 1882 2410 1910 cre-

1379 1931 1530 1978 denda3
1556 1933 1792 1977 secundum,
1821 1932 1869 1969 ad
1903 1933 2104 1980 operanda
2115 1946 2125 1980 3
2155 1933 2333 1980 tertium,
2356 1934 2408 1971 ad

1377 1994 1585 2042 speranda.
1610 1997 1660 2031 De
1679 1994 1809 2042 primo
1827 1995 2013 2043 mysterio
2030 1999 2085 2032 est
2103 1995 2172 2032 illa
2190 1995 2406 2043 meditatio,

1378 2056 1427 2092 de
1448 2067 1528 2103 qua
1547 2056 1735 2104 scriptum
1754 2060 1810 2094 est
1830 2056 1856 2079 ¹⁰
1876 2070 1883 2092 :
1903 2070 1920 2091 «
1938 2057 2013 2094 Nisi
2029 2057 2140 2105 quod
2159 2057 2221 2094 lex
2239 2059 2306 2095 tua
2325 2069 2406 2095 me-

1377 2118 1513 2155 ditatio
1536 2130 1625 2156 mea
1645 2122 1720 2166 est,
1748 2133 1765 2154 »
1790 2119 1859 2155 ubi
1885 2120 2012 2167 agitur
2039 2119 2087 2156 de
2113 2119 2331 2156 credendis
2356 2122 2405 2157 De

1376 2180 1551 2217 secundo
1573 2180 1758 2228 mysterio
1773 2184 1828 2218 est
1847 2181 1915 2218 illa
1934 2181 2136 2218 meditatio
2150 2181 2198 2218 ¹¹:
2215 2182 2406 2220 «Veniant

1375 2242 1471 2278 mihi
1497 2242 1765 2280 miserationes
1783 2245 1879 2289 tuae,
1905 2246 1941 2280 et
1962 2243 2117 2290 vivam,
2138 2244 2233 2291 quia
2255 2244 2318 2281 lex
2338 2245 2405 2282 tua

1375 2304 1576 2341 meditatio
1601 2315 1690 2342 mea
1716 2307 1792 2352 est3
1823 2318 1840 2339 n
1865 2305 1934 2341 ubi
1954 2305 2081 2351 agitur
2101 2306 2149 2342 cle
2176 2306 2400 2354 operandis

1376 2369 1424 2403 De
1446 2367 1556 2403 tertio
1576 2367 1762 2415 mysterio
1777 2369 1833 2404 est
1853 2368 1919 2404 illa
1931 2368 2132 2405 meditatio
2148 2370 2197 2405 ¹²:
2219 2381 2235 2403 a
2254 2370 2402 2406 Concu-

1373 2429 1452 2476 pivi
1482 2429 1648 2465 salutare
1670 2432 1798 2472 tuum,
1833 2429 2014 2475 Domine,
2042 2433 2079 2466 et
2105 2430 2167 2467 lex
2188 2433 2255 2467 tua
2279 2432 2405 2469 medi-

1373 2491 1466 2535 tatio
1487 2502 1575 2528 mea
1595 2494 1671 2537 est3
1694 2505 1711 2525 »
1731 2491 1800 2528 ubi
1822 2492 1950 2538 agitur
1971 2492 2019 2528 de
2039 2492 2257 2540 sperandis.

1801 2599 1972 2641 Epilogus.

1420 2680 1649 2717 ostensurus
1683 2689 1777 2726 ergo
1807 2679 2158 2727 psalmographus,
2193 2681 2303 2728 quod
2331 2693 2401 2730 per

1373 2741 1622 2778 dilectionem
1661 2741 1845 2777 dilatatur
1885 2741 1936 2777 ad
1972 2741 2269 2779 meditationem
2308 2743 2399 2780 dili-

1371 2803 1496 2849 gentis
1516 2803 1687 2849 animus,
1711 2803 1789 2840 ait:
1812 2803 1990 2847 Quomodo
2011 2804 2126 2840 dileoez·
2152 2805 2258 2850 quem
2287 2807 2397 2851 tuam,

1371 2865 1580 2901 ostendens
1609 2865 1706 2912 quid
1733 2865 1975 2912 accenditur,
2009 2865 2201 2914 quoniam
2219 2860 2397 2913 affectus3

1372 2929 1530 2973 Domine,
1553 2927 1761 2964 ostendens
1773 2924 1874 2975 ‘quid
1894 2927 2118 2974 attenditur,
2135 2928 2326 2976 quoniam
2341 2929 2400 2966 di-

1369 2988 1509 3035 lectus3
1548 2991 1635 3025 Tota
1668 2990 1746 3035 die,
1782 2989 1990 3026 ostendens
2023 2989 2120 3037 quid
2150 2991 2399 3038 expenditur,

1370 3050 1560 3098 quoniam
1579 3054 1732 3099 tempus
1743 3064 1754 3098 3
1782 3052 1976 3088 Meditata>
1995 3063 2073 3088 mea
2099 3056 2170 3097 est,
2190 3053 2400 3091 ostendens

1370 3113 1467 3159 quid
1485 3113 1717 3160 extenditur,
1738 3113 1929 3161 quoniam
1948 3113 2175 3151 intellectus

1722 3260 1944 3288 VERSlCULUS
1977 3262 2015 3288 11.

1416 3365 1472 3399 98,
1496 3363 1609 3408 Super
1628 3364 1788 3398 inimicos
1810 3372 1912 3404 meos,
1945 3364 2017 3399 etc.
2047 3365 2097 3399 De
2118 3362 2311 3401 charitatis
2333 3365 2394 3402 di-

1366 3423 1569 3470 latatione,
1600 3434 1721 3471 quam
1743 3422 1834 3460 facit
1852 3423 1892 3459 in
1911 3423 2183 3471 meditatione,
2208 3426 2395 3474 scriptum

1367 3508 1380 3528 ⁹
1401 3507 1508 3543 Dent„
1524 3509 1714 3546 xxx111,12.
1738 3524 1772 3528 —
1799 3507 1822 3528 '0
1840 3506 1932 3538 Psal.
1954 3506 2032 3547 hoc,
2051 3508 2102 3538 92.
2118 3525 2158 3530 —
2182 3509 2200 3527 '¹
2221 3509 2319 3551 ibid,
2340 3512 2391 3545 77.

1368 3571 1407 3577 —-
1429 3556 1452 3574 ¹2
1470 3554 1566 3593 lbid.,
1589 3555 1657 3586 174.
