2633 3878
1022 229 1261 272 PSALMUS
1290 229 1463 271 CXVIII.

491 367 675 404 Articulus
700 364 884 402 secundus.

219 450 438 488 Amicitiam
458 459 552 486 vero
573 447 712 485 mundi
733 445 948 491 denotavit,
971 455 1062 481 cum
1078 444 1197 482 dixit:

172 515 297 550 Omnes
321 516 522 560 peccatores
553 514 655 547 τεν-νας
680 522 687 546 ;
714 520 809 546 nam
838 510 1065 557 peccatores
1092 510 1203 543 terrae

171 577 261 612 sunt
280 576 474 612 amatores
489 576 596 609 terrae
616 585 625 609 :
648 574 873 618 peccatores
907 572 1037 607 autem
1067 569 1203 615 hujus-

171 636 280 674 modi
293 637 484 673 vocantur
504 634 620 671 amici
640 632 794 670 mundi.
817 634 859 669 Et
884 634 978 669 nota
999 630 1047 667 de
1063 640 1203 678 pecca·

170 699 321 737 toribus
340 697 434 744 istis,
457 696 567 744 quod
587 707 726 733 eorum
745 696 826 732 vita
840 697 896 731 est
912 693 1200 741 vituperabilis,

170 760 335 798 defectio
373 758 660 803 desiderabilis,
698 757 914 794 interfectio
953 755 1170 793 tolerabilis
1191 767 1200 791 z

169 823 263 871 quia
294 821 468 858 videndo
502 820 776 866 inhumantur3
821 818 1043 855 deficiendo
1082 818 1203 854 exhu-

168 887 342 930 mantur3
366 882 637 920 interficiendo
667 884 867 919 sanantur.
909 883 959 917 De
992 880 1122 928 primo
1158 881 1168 902 ¹
1193 892 1201 916 ε

172 960 189 981 «
225 948 288 983 Vae
325 946 522 993 peccatori
567 947 712 982 terram
752 942 988 990 ingredienti
1047 942 1204 978 duabus

166 1008 252 1045 viis.
273 1021 292 1043 »
314 1009 537 1044 Peccatores
557 1006 755 1054 ejusmodi
774 1007 863 1042 sunt
895 1004 1011 1041 amici
1048 1003 1204 1049 mundi,

167 1070 236 1119 qui
256 1070 411 1107 duabus
428 1069 499 1107 viis
525 1072 669 1106 terram
703 1067 996 1115 ingrediuntur,
1016 1066 1109 1113 quia
1123 1068 1204 1102 tam

166 1133 354 1179 viventes,
372 1143 495 1180 quam
515 1131 726 1168 morientes
743 1129 924 1167 interrari
958 1130 1177 1165 noscuntur
1193 1140 1201 1165 :

166 1197 341 1236 viventes
358 1195 534 1244 quidem,
546 1194 784 1231 interrantur
797 1195 990 1241 quantum
1004 1192 1057 1228 ad
1067 1191 1202 1239 corda3

165 1258 379 1296 morientes
400 1259 546 1301 autem,
566 1257 804 1294 interrantur
825 1257 1019 1303 quantum
1048 1253 1100 1291 ad
1120 1264 1204 1291 cor-

165 1331 265 1368 pora
284 1333 292 1357 :
311 1330 400 1357 ecce
414 1319 494 1356 vita
505 1320 551 1366 (a)
563 1318 846 1366 vituperabilis.
861 1320 911 1354 De
921 1316 1095 1354 seeundo
1111 1316 1204 1352 dicit

165 1382 366 1419 Psalmista
386 1384 399 1404 2
423 1394 458 1418 z«
473 1381 657 1418 Deficient
674 1382 901 1429 peccatores
922 1392 945 1418 a
960 1383 1076 1426 terra,
1095 1394 1112 1415 »
1127 1380 1204 1417 hoc

165 1447 234 1490 est,
257 1444 436 1481 desinent
456 1454 589 1481 amare
609 1446 764 1480 terrena
785 1455 793 1479 :
817 1454 905 1480 eece
933 1442 1098 1480 desectio
1137 1443 1204 1479 de-

164 1506 400 1543 siderabilis.
434 1509 484 1543 De
523 1506 634 1543 tertio
673 1505 804 1553 psallit
839 1505 1031 1553 Propheta
1052 1506 1066 1528 ³
1089 1517 1097 1542 t
1123 1518 1141 1539 «
1162 1507 1203 1542 In

163 1569 356 1606 matutino
367 1568 653 1605 interficiebam
664 1579 801 1605 omnes
812 1571 1038 1615 peccatores
1046 1570 1156 1604 terrae
1166 1580 1199 1613 3»

163 1631 205 1667 id
225 1635 294 1677 est,
333 1631 374 1667 in
413 1634 501 1668 ortu
539 1630 752 1678 spiritualis
791 1630 882 1676 diei,
923 1629 1201 1666 interimebant

163 1695 358 1731 amatores
378 1695 490 1730 terrae
509 1692 644 1740 gladio
664 1692 777 1730 verbi
798 1692 863 1729 Dei
886 1703 894 1728 :
921 1702 1010 1729 eece
1024 1691 1201 1729 interfec-

163 1756 217 1793 tio
237 1755 468 1793 tolerabilis.

505 1857 690 1894 Articulus
712 1858 854 1893 tertius.

210 1943 430 1981 Amicitiam
447 1952 608 1991 quoque
625 1942 691 1979 Dei
711 1942 952 1988 connotavit,
973 1952 1064 1980 cum
1081 1943 1200 1981 ratio-

164 2006 334 2044 cinando
355 2004 559 2052 conjunxit
591 2005 710 2041 :Ideo
747 2004 880 2051 dilexi,
920 2005 1035 2052 quasi
1073 2005 1201 2043 amica

162 2069 229 2107 Dei
251 2081 259 2105 :
281 2078 364 2105 non
384 2067 560 2115 despexi,
577 2066 692 2114 quasi
715 2067 843 2103 amica
854 2067 1010 2103 mundi.
1032 2069 1075 2104 Et
1091 2070 1199 2114 nota,

163 2131 274 2181 quod
287 2130 457 2168 Ecclesia
475 2132 577 2166 recte
598 2129 663 2166 Dei
684 2131 886 2176 reputatur
915 2130 1056 2176 amica,
1088 2131 1200 2178 quod

162 2193 404 2241 significatur
420 2192 461 2228 in
480 2191 645 2228 Canticis
683 2202 754 2239 per
771 2191 846 2228 tria
865 2193 978 2239 signa
1000 2204 1008 2229 :
1030 2203 1102 2240 per
1138 2194 1200 2229 tce-

164 2256 288 2301 dium,
306 2265 378 2303 per
393 2254 582 2301 studium,
597 2264 668 2302 per
688 2254 880 2301 gaudium
902 2268 912 2290 .·
928 2254 1021 2302 quia
1041 2254 1199 2302 signum

164 2323 220 2357 est
238 2318 442 2366 diligendi,
467 2317 629 2355 taedium
663 2318 844 2362 carendi;
879 2318 1053 2355 studium
1090 2329 1197 2366 quae-

163 2381 298 2430 rendi3
329 2379 522 2427 gaudium
554 2379 796 2416 inveniendi.
827 2382 878 2417 De
893 2380 1029 2427 primo
1048 2381 1062 2402 ἵ*
1085 2393 1094 2417 :
1119 2392 1138 2414 «
1157 2383 1199 2419 ln

162 2443 307 2480 lectulo
327 2452 417 2478 meo
436 2452 507 2489 per
538 2444 674 2478 noctes
706 2442 883 2489 quaesivi,
923 2453 1044 2489 quem
1071 2443 1200 2491 diligit

165 2504 296 2541 anima
312 2514 420 2550 mea;
440 2503 601 2551 quaesivi
639 2503 766 2548 illum,
805 2506 843 2540 et
881 2513 962 2540 non
990 2503 1155 2541 inveni:
1177 2519 1194 2539 »

165 2577 254 2604 ecee
274 2565 434 2604 carendi
454 2565 630 2602 taedium.
659 2567 709 2602 De
730 2565 905 2603 secundo
939 2565 1120 2604 scribitur
1139 2567 1198 2604 in-

164 2630 223 2667 fra
241 2630 254 2652 ⁵
276 2641 285 2665 ε
311 2629 513 2676 «Surgam
541 2630 578 2665 et
597 2628 772 2665 circuibo
802 2628 1011 2675 civitatem,
1038 2640 1108 2678 per
1142 2631 1199 2667 vi-

165 2703 232 2730 cos
258 2694 295 2729 et
329 2691 477 2739 plateas
516 2701 706 2738 quaeram,
747 2701 867 2739 quem
907 2691 1033 2740 diligit
1066 2693 1199 2730 anima

163 2765 252 2792 mea
275 2766 284 2791 ε
305 2767 324 2789 »
348 2764 437 2790 eece
469 2753 673 2801 quaerendi
705 2753 892 2791 studium.
935 2756 985 2791 De
1010 2755 1123 2793 tertio
1144 2766 1200 2793 se-

164 2815 355 2866 quitur⁸z
382 2816 566 2862 «Inveni,
605 2825 724 2863 quem
764 2815 890 2863 diligit
923 2816 1056 2854 anima
1088 2829 1196 2866 mea;

164 2880 270 2917 tenui
291 2880 412 2926 jeum,
446 2888 519 2916 nec
552 2877 746 2915 dimittam
776 2891 825 2916 :»
843 2889 932 2916 ecce
969 2879 1198 2918 inveniendi

165 2940 370 2989 gaudium.

493 3040 685 3076 Articulus
710 3043 873 3086 quartus.

213 3128 457 3167 Inimicitiam
484 3128 657 3176 denique
678 3129 817 3165 mundi
838 3129 1088 3176 subnotavit,
1108 3142 1200 3169 cum

164 3190 367 3239 subjunxit
398 3203 406 3227 :
451 3191 673 3227 Testimonia
705 3194 790 3236 tua,
824 3191 970 3229 scilicet
1005 3192 1198 3240 praediea-

163 3257 296 3292 menta
327 3253 543 3299 dominica,
574 3254 765 3300 tanquam
792 3263 902 3290 arma
931 3253 1074 3291 bellica
1099 3265 1198 3303 prae-

164 3315 427 3354 varicantibus
448 3314 619 3351 inimica.
643 3316 686 3351 Et
705 3317 800 3352 nota
821 3315 870 3352 de
891 3315 1003 3352 dictis
1024 3318 1199 3356 testimo-

164 3377 259 3423 niis,
277 3377 389 3426 quod
408 3380 498 3415 sunt
515 3376 739 3414 testimonia
759 3376 956 3414 charitatis
967 3405 979 3424 ,
1001 3378 1198 3427 claritatis,

209 3461 215 3478 ¹
236 3460 352 3500 Eccli„
378 3468 415 3502 11,
442 3462 490 3492 14.
518 3478 550 3483 —
577 3460 587 3479 ²
609 3460 700 3493 Psal.
727 3468 801 3500 0111,
825 3461 875 3492 355.
894 3479 934 3484 —
957 3462 968 3478 ³
988 3461 1080 3493 Psal.
1106 3471 1144 3503 c,
1166 3465 1196 3496 8.

166 3524 207 3531 —
240 3508 253 3528 ⁸
281 3507 391 3550 Cant„
424 3516 481 3549 111,
522 3512 549 3541 1.
581 3526 622 3532 -
652 3509 666 3531 ⁵
695 3508 795 3550 ibid„
821 3511 851 3542 2.
882 3527 922 3533 —
949 3511 961 3527 Γ·
982 3510 1079 3549 ibid„
1107 3513 1138 3543 4.
1158 3529 1199 3535 —

2230 235 2303 273 471

1276 321 1311 355 et
1349 316 1596 366 cupiditatis:
1634 317 1727 364 quia
1765 318 1991 355 charitatem
2029 319 2308 367 protestantia,

1275 380 1490 418 claritatem
1504 379 1771 425 contestantia,
1787 379 2042 427 cupiditatem
2064 381 2306 419 detestantia.

1275 446 1326 480 De
1361 443 1490 490 primo
1519 443 1532 464 ⁷
1569 453 1578 477 ε
1618 453 1636 475 «
1669 441 1784 485 Quod
1814 441 2001 486 vidimus,
2039 445 2238 490 testamur,
2272 447 2310 482 et

1274 504 1543 541 testimonium
1562 505 1740 540 nostrum
1758 513 1841 539 non
1861 503 2053 552 accipitis;
2075 519 2092 540 υ
2118 509 2154 542 et
2181 505 2306 544 infra:

1280 581 1297 601 α
1311 567 1371 604 Sic
1387 566 1492 602 enim
1507 568 1606 602 Deus
1618 565 1755 602 dilexit
1771 565 1979 612 mundum,
1995 569 2037 603 ut
2050 567 2176 604 filium
2193 579 2308 605 suum

1276 628 1523 675 unigenitum
1550 628 1661 664 daret
1687 639 1695 664 :
1726 640 1744 662 »
1770 637 1859 664 ecce
1879 627 2145 665 testimonium
2167 629 2310 667 divinae

1277 690 1487 727 charitatis,
1510 692 1560 726 De
1589 689 1763 727 seeundo
1789 690 1803 712 ⁸
1827 702 1836 726 ε
1869 702 1886 723 «
1906 689 1973 727 Hie
2004 690 2111 726 venit
2132 690 2174 726 in
2206 690 2310 728 testi-

1275 751 1476 798 monium,
1506 754 1548 788 ut
1576 751 1843 788 testimonium
1870 751 2096 799 perhiberet
2125 752 2173 789 de
2193 751 2311 790 lumi-

1277 825 1357 851 ne:
1394 828 1410 847 »
1444 823 1533 850 ecce
1558 813 1827 850 testimonium
1859 813 2002 850 divinae
2028 813 2223 851 claritatis.
2259 816 2310 853 De

1276 876 1389 914 tertio
1409 877 1422 899 ⁹
1445 889 1452 913 :
1480 889 1497 910 «
1520 877 1576 913 Me
1603 875 1686 912 odit
1705 875 1880 912 mundus
1893 902 1904 921 ,
1927 876 2022 923 qnia
2040 887 2115 923 ego
2136 877 2309 914 testimo-

1277 939 1387 976 nium
1406 938 1598 987 perhibeo
1619 938 1668 974 de
1693 937 1787 983 illo,
1813 938 1907 985 quia
1935 948 2056 985 opera
2082 937 2186 974 illius
2205 939 2312 976 mala

1277 1004 1367 1039 sunt
1390 1014 1430 1038 z»
1450 1012 1537 1038 eece
1557 1000 1824 1038 testimonium
1842 999 2055 1037 mundanae
2075 999 2311 1048 cupiditatis,

1278 1064 1373 1112 quia
1385 1064 1412 1086 ¹⁰
1427 1064 1572 1100 «radix
1587 1063 1766 1100 omnium
1780 1063 1980 1100 malorum
1993 1065 2049 1100 est
2067 1062 2274 1110 cupiditas,
2289 1076 2306 1097 »

1277 1129 1370 1164 teste
1390 1126 1590 1175 Apostolo.

1709 1218 1882 1261 Epilogus.

1327 1314 1386 1352 Ait
1417 1325 1510 1361 ergo
1542 1313 1735 1361 Propheta
1766 1313 1839 1351 sub
1872 1313 2049 1351 Ecclesiae
2078 1313 2227 1361 figura,
2248 1315 2313 1352 vel

1278 1378 1446 1416 Ecclesia
1472 1387 1571 1414 voce
1603 1376 1836 1424 prophetica
1867 1388 1875 1413 ε
1903 1378 2181 1413 Praevaricantes
2204 1388 2313 1424 repu-

1279 1443 1355 1478 tavi
1367 1469 1378 1487 ,
1399 1442 1540 1477 notans
1560 1439 1738 1476 divinam
1757 1438 2002 1475 inimicitiam
2015 1467 2028 1486 ,
2049 1441 2240 1487 quantum
2260 1439 2313 1476 ad

1278 1502 1666 1551 praevaricationem3
1703 1501 1828 1538 Omnes
1858 1505 2058 1548 peccatores
2085 1505 2212 1548 terroe,
2243 1502 2312 1539 de-

1277 1568 1419 1603 notans
1462 1564 1710 1601 mundanam
1751 1563 1990 1610 amicitiam,
2027 1566 2222 1612 quantum
2259 1564 2312 1601 ad

1278 1627 1554 1675 cupiditatem3
1585 1627 1668 1662 Ideo
1700 1627 1836 1670 dilexi,
1879 1628 2096 1663 connotans
2134 1626 2312 1664 divinam

1276 1689 1487 1726 amicitiam
1514 1690 1707 1736 quantum
1734 1688 1786 1724 ad
1816 1687 2042 1725 charitatem
2049 1701 2061 1735 3
2094 1689 2313 1725 Testimonia

1275 1755 1339 1788 tua
1353 1780 1364 1798 ,
1393 1751 1608 1788 subnotans
1626 1750 1872 1788 mundanam
1893 1750 2137 1789 inimicitiam
2151 1780 2161 1794 ,
2185 1761 2311 1799 quan-

1273 1816 1359 1851 tum
1373 1813 1425 1851 ad
1442 1812 1820 1862 praevaricationem.

1618 1961 1838 1990 VERSICULUS
1862 1960 1941 1988 vm.

1323 2069 1403 2104 120.
1435 2067 1575 2113 Confiqe
1610 2067 1738 2102 timore
1770 2068 1846 2110 tuo,
1885 2066 1957 2101 etc.
1992 2066 2081 2102 Post
2113 2065 2307 2114 triplicem

1274 2129 1469 2167 militandi
1488 2128 1670 2173 modum,
1691 2127 1793 2164 circa
1809 2128 1943 2174 Deum,
1966 2127 2068 2164 circa
2084 2127 2306 2175 diabolum,

1274 2192 1378 2229 circa
1407 2191 1627 2236 mundum,
1655 2190 1830 2238 sequitur
1850 2191 2013 2238 quartus
2031 2189 2177 2227 modus
2192 2219 2203 2237 ,
2224 2202 2307 2239 quo

1274 2256 1377 2294 circa
1395 2264 1469 2292 nos
1488 2253 1654 2290 militare
1677 2252 1882 2290 debemus.
1899 2254 2019 2290 Porro
2041 2252 2143 2290 circa
2162 2263 2249 2299 1108,
2270 2255 2308 2291 et

1274 2318 1388 2368 quasi
1432 2319 1568 2354 contra
1603 2326 1677 2352 nos
1722 2315 1835 2352 toties
1872 2314 2111 2361 militamus,
2156 2316 2310 2364 quoties

1274 2383 1521 2418 coarctamus
1541 2378 1797 2426 appetitivam
1823 2376 2052 2414 inferiorem
2070 2388 2143 2425 per
2167 2388 2309 2427 appre-

1273 2442 1479 2480 hensivam
1514 2440 1763 2486 inferiorem,
1799 2450 1848 2476 ne
1885 2439 2060 2476 fortassis
2095 2441 2310 2489 appetitiva

1274 2505 1453 2553 superior
1478 2505 1656 2540 coerceat
1686 2501 2016 2550 apprehensivam
2042 2503 2307 2552 superiorem3

1274 2567 1316 2603 id
1351 2569 1419 2613 est,
1459 2565 1613 2614 quoties
1652 2574 1879 2601 coercemus
1918 2563 2206 2601 sensualitatem
2238 2576 2310 2614 per

1274 2628 1617 2676 imaginationem,
1639 2637 1688 2664 ne
1720 2626 1818 2663 forte
1837 2626 2022 2664 voluntas
2052 2630 2229 2665 coerceat
2247 2638 2309 2666 ra-

1274 2693 1423 2730 tionem
1450 2703 1458 2727 :
1483 2690 1594 2739 quod
1614 2689 1827 2736 contingit,
1849 2700 1940 2726 cum
1959 2689 2189 2737 imaginatio
2210 2690 2308 2728 ima-

1274 2757 1408 2804 ginato
1422 2754 1637 2804 peccatoris
1649 2753 1859 2802 supplicio,
1876 2753 1991 2801 quasi
2007 2752 2158 2790 doloris
2175 2752 2308 2800 gladio

1273 2831 1314 2857 se
1333 2818 1541 2865 succingit,
1570 2819 1608 2854 et
1635 2815 1894 2853 sensualitatis
1920 2815 2220 2852 dissolutionem
2240 2826 2311 2864 per

1273 2881 1527 2919 formidinem
1554 2879 1608 2916 sic
1630 2878 1877 2925 constringit,
1898 2877 2010 2926 quod
2033 2877 2173 2915 eadem
2192 2878 2310 2916 aflec-

1275 2945 1390 2982 tionis
1418 2943 1663 2981 altitudinem
1683 2952 1765 2978 non
1794 2941 1968 2989 attingit,
1995 2943 2032 2978 et
2056 2940 2124 2978 illa
2148 2941 2310 2979 rationis

1274 3007 1548 3045 rectitudinem
1574 3016 1657 3044 non
1681 3005 1865 3052 effringit.
1896 3007 1951 3043 lta
1977 3015 2116 3042 revera
2142 3004 2309 3042 militare

1275 3070 1434 3108 volebat
1453 3068 1653 3107 Psalmista
1675 3067 1936 3116 pronuntians
1955 3067 2078 3104 verba
2094 3067 2166 3103 ista
2186 3077 2195 3103 ε
2217 3067 2308 3104 Con-

1274 3135 1354 3180 fiqe,
1371 3134 1460 3178 etc.,
1476 3131 1588 3180 quasi
1603 3131 1708 3168 dicat
1727 3142 1735 3167 ι
1750 3129 1992 3177 Constringe,
2007 3139 2078 3177 per
2095 3127 2309 3166 terribilem

1274 3195 1623 3242 imaginationem,
1669 3192 1929 3230 sensualitatis
1978 3190 2278 3228 dissolutionem
2295 3218 2306 3236 ‚

1275 3257 1467 3306 quoniam
1487 3267 1511 3293 a
1526 3255 1685 3304 Judieiis
1702 3255 1792 3300 tuis,
1818 3265 1906 3302 quae
1927 3255 2017 3290 sunt
2047 3262 2168 3300 penes
2191 3251 2310 3289 ratio-

1274 3331 1388 3366 nem,
1410 3319 1544 3365 timui,
1563 3329 1613 3355 ne
1632 3317 1831 3355 violentur
1850 3326 1921 3364 per
1940 3314 2152 3352 voluntatis
2182 3314 2309 3352 viola-

1274 3383 1437 3420 tionem.
1461 3381 1567 3418 Unde
1587 3382 1693 3428 patet
1712 3379 1799 3416 luce
1820 3378 1962 3416 clarius
1974 3405 1987 3424 ,
2008 3377 2120 3425 quod
2140 3379 2310 3425 quatuor

1276 3468 1285 3484 ⁷
1304 3467 1413 3505 Joan.,
1434 3472 1487 3503 111,
1511 3466 1560 3504 ll,
1583 3465 1631 3496 16.
1654 3479 1693 3487 -
1715 3463 1725 3481 ⁸
1743 3463 1851 3501 Joan.,
1872 3469 1897 3503 1,
1921 3462 1952 3493 7.
1975 3478 2010 3484 -
2030 3461 2042 3479 ⁹
2062 3461 2171 3502 Joan„
2194 3468 2258 3501 vn,
2276 3459 2308 3493 7.

1276 3531 1315 3538 —
1338 3515 1359 3533 ¹⁶
1381 3514 1390 3545 1
1414 3513 1509 3551 Tim„
1530 3518 1576 3551 111,
1601 3513 1648 3543 10.
1662 3528 1701 3534 —
1719 3510 1763 3552 (α)
1783 3508 1876 3543 Edit.
1899 3508 1976 3542 Ven.
1996 3507 2084 3542 deest
2102 3507 2184 3544 vita.
