2633 3878
169 2919 245 2952 Sequ

166 2960 259 2986 Deum

147 2999 266 3034 duplici-

184 3044 236 3068 tet.

286 263 363 305 604

289 352 509 401 memoria,
525 348 724 391 similiter
743 351 790 388 uc
812 343 952 394 stulti,
974 344 1023 385 in
1038 344 1313 394 perpennam

289 427 327 465 et
348 423 452 463 ratio
480 420 706 462 subditur:
743 418 796 459 Ec
829 417 977 468 Ῑιιῑιινα
997 418 1181 465 tempora
1209 411 1310 454 obli-

289 496 410 537 vione
435 497 586 534 cuncta
616 489 777 543 pariter
801 487 1002 540 operient.
1039 483 1154 524 Unde
1185 494 1314 535 supra

291 566 332 616 (1,
368 565 428 615 11)
451 563 609 604 dictum
640 563 703 601 est
727 572 735 598 :
767 574 785 596 «
811 557 904 598 Non
923 559 985 596 est
1013 554 1204 607 priorum
1231 565 1314 593 me-

289 635 448 684 moria,
480 645 557 673 nec
589 633 715 672 etiam
747 640 896 669 eorum
923 638 1019 679 quae
1051 627 1143 678 post
1173 625 1315 664 sutura

289 708 401 747 sunt.
428 718 447 741 ι)
477 703 526 744 Et
550 706 560 726 ¹
587 716 594 741 :
635 699 936 741 «Oblivionem
970 695 1142 749 accipiet
1159 706 1314 735 nomen

289 779 482 817 nostrum
514 785 588 826 per
619 775 808 823 tempus,
845 772 884 809 et
914 779 1039 808 nemo
1065 766 1314 807 memoriam

291 844 462 886 habebit
493 853 670 897 operum
696 843 955 881 nostrorum.
979 852 998 875 »
1025 837 1073 878 Et
1098 838 1111 858 ²
1143 851 1151 875 :
1192 851 1211 874 α
1236 834 1316 875 Μθ-

292 916 426 957 moria
450 918 591 956 vestra
615 910 926 964 comparabitur
953 907 1108 957 cineri,
1140 909 1181 947 et
1212 905 1317 946 redi-

295 990 450 1039 gentur
469 986 513 1026 in
533 985 672 1026 lutum
693 982 875 1024 cervices
895 982 1059 1021 vestrae.
1077 991 1096 1014 n

348 1060 412 1097 16.
441 1056 626 1098 Moritur
639 1054 799 1096 doctus.
831 1051 905 1092 llic
925 1052 1074 1103 quarto
1095 1060 1149 1088 ex
1167 1047 1317 1098 11υῂ115-

295 1129 406 1171 modi
434 1125 738 1179 aequiparantia
763 1123 934 1163 inventa
959 1118 1169 1160 concludit
1199 1117 1318 1158 vani-

292 1204 419 1242 tatem
458 1199 502 1238 in
549 1208 625 1237 suo
663 1194 827 1244 studio,
867 1195 909 1233 et
946 1188 1316 1243 reprehensionem

293 1283 413 1312 suam
432 1284 440 1310 :
462 1268 573 1309 unde
592 1265 741 1319 repetit
761 1261 1127 1316 aequiparantiam,
1149 1258 1313 1299 dicens:

293 1342 474 1384 Moritur
495 1339 636 1381 doctus
665 1335 863 1378 similiter
887 1337 925 1376 et
943 1331 1167 1379 indoctu83
1202 1331 1242 1369 et
1261 1328 1319 1368 ita

294 1423 414 1465 pares
435 1412 553 1459 sunt3
587 1411 627 1448 et
647 1419 699 1448 ex
720 1406 799 1446 hoc
818 1402 1028 1445 concludit
1048 1403 1104 1452 (v.
1127 1402 1190 1450 17)
1214 1411 1224 1440 z
1247 1399 1319 1441 Id-

294 1484 403 1525 circo
425 1480 577 1524 toeduz't
595 1489 657 1520 me
683 1478 786 1520 vitoe
811 1485 912 1517 meoe
927 1486 943 1526 ;
975 1472 1095 1526 quasi
1127 1471 1319 1512 recusavi

294 1554 439 1595 vivere
477 1562 565 1604 prae
603 1549 751 1597 taedio;
785 1547 891 1587 sicut
926 1545 1003 1586 ι1011
1025 1544 1037 1566 ³
1075 1556 1085 1584 ε
1125 1558 1144 1581 «
1178 1542 1321 1583 Taedet

295 1625 480 1666 animam
500 1633 640 1663 meam
667 1621 766 1662 vitae
786 1629 893 1659 meae
906 1649 916 1668 ,
939 1632 957 1655 »
992 1617 1161 1669 propter
1179 1626 1321 1667 pecca·

296 1700 437 1737 torum
467 1693 716 1734 occasiones.
754 1689 805 1730 Et
838 1689 1022 1730 Rebecca
1047 1690 1059 1711 ¹·
1093 1698 1102 1726 :
1135 1701 1154 1723 «
1179 1684 1321 1725 Taedet

297 1779 364 1807 me
390 1766 490 1806 vitae
519 1775 640 1805 meae.
663 1777 682 1801 1>
711 1762 886 1814 Propter
904 1759 1069 1799 labores
1090 1760 1103 1782 ⁵
1133 1770 1143 1798 :
1177 1773 1195 1796 ε(
1225 1755 1320 1796 Tae-

296 1838 394 1879 dere
429 1835 552 1888 coepit
590 1833 797 1887 populum
835 1830 996 1871 itineris
1023 1832 1063 1870 et
1093 1828 1262 1869 laboris.
1295 1841 1313 1864 ι)

297 1908 472 1960 Propter
504 1905 795 1946 tribulationes
828 1901 841 1922 ⁶
883 1916 891 1942 :
927 1917 946 1940 (ι
975 1900 1115 1953 Supra
1146 1899 1320 1939 modum

297 1978 462 2032 gravati
497 1988 660 2024 511111115,
698 1975 755 2015 ita
795 1976 841 2014 ut
875 1971 1049 2013 taederet
1081 1981 1159 2010 nos
1193 1968 1320 2009 etiam

295 2050 494 2090 vivere.»
530 2046 704 2099 Propter
732 2046 885 2085 suturae
917 2043 971 2095 (a)
1002 2041 1245 2082 dilationem
1265 2040 1278 2061 ⁷
1309 2053 1317 2079 :

300 2138 314 2155 «ι
333 2119 475 2160 Taedet
487 2119 675 2159 animam
695 2127 833 2156 meam
844 2114 944 2155 vitae
961 2123 1081 2154 meae.
1103 2125 1121 2148 ›)
1145 2109 1320 2163 Propter

294 2191 586 2232 imminentem
616 2186 889 2228 tentationem
918 2186 931 2208 ⁸
965 2198 973 2223 :
1015 2198 1034 2220 (ι
1067 2181 1316 2222 Dormitavit

295 2262 436 2303 anima
467 2271 562 2301 mea
597 2270 685 2311 prae
721 2256 861 2297 taedio.
896 2269 915 2292 1)
960 2254 1135 2305 Propter
1175 2252 1322 2291 mortis

294 2330 551 2373 imminentis
569 2329 791 2369 horrorem
811 2330 848 2366 ⁹:
871 2340 890 2363 c
910 2324 1041 2376 Coepit
1060 2323 1180 2364 Jesus
1200 2321 1323 2362 taede-

293 2415 354 2452 re,
370 2405 409 2442 et
420 2410 588 2454 pavere.
610 2412 628 2435 n
652 2396 875 2439 Valentem
890 2394 1005 2436 mala
1022 2403 1106 2435 esse
1122 2393 1322 2434 universa

293 2473 368 2516 sub
393 2473 489 2521 sole,
523 2475 563 2513 ec
595 2472 747 2511 cuncta
781 2466 1028 2515 vanitatem,
1067 2463 1323 2515 etafslictio-

295 2555 386 2587 nem
404 2543 600 2596 spiritus.
623 2541 651 2563 ¹⁰
678 2539 870 2591 «Corpus
889 2535 1002 2589 quod
1017 2534 1320 2587 corrumpitur,

294 2617 504 2668 aggravat
533 2612 744 2659 animam,
783 2612 823 2649 et
857 2609 1031 2648 externa
1071 2605 1322 2646 inhabitatio

297 2698 468 2728 sensum
497 2683 695 2737 deprimit
726 2680 862 2721 multa
893 2678 1151 2730 cogitantem
1182 2690 1189 2715 :
1229 2676 1322 2716 ideo

296 2759 493 2812 frequens
516 2754 727 2797 meditatio
747 2751 882 2793 carnis
901 2753 964 2791 est
987 2748 1172 2789 afflictio.
1200 2762 1218 2785 n

351 2828 562 2878 Quaeritur
585 2826 656 2866 hic
674 2824 811 2878 primo
838 2821 888 2862 de
919 2820 1019 2870 hoe,
1049 2818 1162 2872 quod
1188 2817 1288 2859 dicit
1310 2831 1318 2857 :

251 2918 256 2943 i
301 2898 412 2946 Quid
431 2902 489 2940 est
510 2898 649 2945 homo,
672 2899 718 2936 ut
737 2892 858 2946 sequi
877 2892 1011 2944 possit
1030 2891 1165 2931 Deum
1179 2889 1201 2929 ἴ)
1221 2888 1324 2928 Con-

298 2973 362 3010 tra
382 2971 410 2994 ¹¹
445 2983 452 3009 :
482 2983 500 3006 (ι
520 2967 673 3018 Magna
706 2964 843 3016 gloria
875 2965 937 3003 θ5ῖ
968 2960 1088 3014 sequi
1126 2960 1317 3000 Deum.»

298 3041 402 3082 Item
426 3038 504 3080 Job
526 3037 584 3078 ait
604 3038 632 3058 ¹²
659 3049 668 3076 :
697 3050 716 3073 (ι
735 3033 924 3084 Vestigia
948 3034 1040 3084 ejus
1068 3033 1237 3072 secutus
1262 3031 1324 3070 est

302 3122 376 3164 pes
395 3121 532 3150 meus.
558 3122 577 3146 ι)
597 3104 842 3158 Respondeo
862 3101 1101 3151 dicendum,
1124 3100 1237 3153 quod
1262 3101 1325 3140 est

300 3181 416 3234 sequi
434 3191 508 3233 per
519 3176 885 3231 aequiparantiam,
905 3172 1036 3213 ethoc
1053 3170 1159 3210 nulli
1176 3170 1324 3210 datum

301 3255 363 3294 est
376 3254 595 3298 creaturae,
612 3252 653 3289 et
666 3247 766 3301 quia
785 3248 952 3287 satanas
965 3243 1046 3283 hoc
1064 3240 1214 3290 voluit,
1232 3240 1324 3281 ideo

301 3321 483 3372 corruit3
506 3323 567 3362 est
588 3320 688 3360 item
711 3317 829 3371 sequi
855 3327 930 3369 per
957 3311 1264 3365 subjectionem
1283 3313 1325 3351 et

345 3407 350 3423 ¹
374 3405 465 3445 Sap„
484 3412 522 3444 11,
550 3405 578 3435 4.
606 3419 646 3426 —
673 3403 686 3423 ²
707 3401 785 3438 Job,
806 3408 891 3440 xm,
915 3401 965 3431 12.
989 3415 1023 3421 -
1047 3397 1060 3419 ⁸
1077 3395 1155 3437 doh,
1177 3403 1216 3437 x,
1240 3398 1323 3427 1.—

301 3452 314 3474 ·
329 3451 422 3490 Gen„
442 3457 553 3490 xxvn,
575 3451 625 3481 46.
643 3465 683 3472 —
699 3449 709 3467 ⁵
728 3447 841 3486 Num„
861 3454 934 3484 xxi,
950 3447 978 3476 4.
998 3462 1033 3467 -
1055 3443 1066 3461 ὃ
1089 3444 1114 3474 ΙΙ
1137 3443 1228 3480 Cor„
1250 3449 1272 3482 ι,
1292 3442 1322 3472 8.

302 3515 341 3522 —
359 3499 372 3520 ⁷
391 3497 463 3534 Job‚
483 3504 517 3535 11,
538 3500 567 3528 i.
591 3513 630 3519 —
652 3495 666 3517 Β
685 3494 780 3526 Paul.
801 3501 927 3533 cxvm,
946 3493 996 3524 28.
1015 3509 1055 3515 —
1078 3491 1089 3509 Β
1110 3490 1228 3526 Marc„
1253 3496 1323 3523 xiv,

302 3547 353 3578 33.
370 3562 404 3569 -
430 3545 457 3566 ¹⁰
475 3543 566 3585 Sap„
588 3551 636 3583 ix,
662 3544 710 3574 15.
725 3559 763 3566 -—
787 3541 807 3561 ¹¹
830 3539 948 3580 Eccli„
964 3545 1061 3578 xxm,
1080 3538 1131 3569 38.
1149 3553 1190 3559 —
1210 3536 1236 3557 ¹²
1253 3533 1323 3574 J0b‚

954 251 1228 295 EXPOSITlO
1260 251 1312 292 IN
1343 249 1745 293 ECCLESIASTEN.

1388 340 1692 391 obedientiam,
1714 343 1755 381 et
1773 341 1855 381 hoc
1882 340 2053 393 quidem
2084 342 2221 393 potest
2249 341 2406 392 homo,

1389 411 1461 452 sed
1489 422 1574 451 non
1602 411 1802 464 quilibet,
1833 410 1905 451 sed
1935 410 2090 463 quibus
2123 409 2270 450 datum
2297 413 2359 450 est
2386 423 2411 451 a

1389 481 1472 522 Deo
1504 493 1575 534 per
1604 481 1808 533 gratiam,
1841 484 1882 521 et
1912 493 2038 533 quem
2073 481 2161 532 ipse
2192 479 2347 530 trahit3
2371 483 2412 520 et

1390 552 1482 592 ideo
1503 552 1646 592 nullus
1665 554 1800 604 potest
1819 551 1908 592 sine
1928 551 1998 591 Dei
2023 550 2196 591 auxilio.

1444 622 1658 671 Quaeritur
1688 622 1738 662 de
1756 622 1858 671 hoc,
1877 620 1989 673 quod
2018 621 2114 661 dicit
2136 636 2144 661 :
2173 620 2288 670 Quid
2303 619 2414 662 mihi

1386 692 1588 745 prodest,
1619 691 1731 744 quod
1768 691 1967 743 majorem
1994 691 2215 743 sapientire
2248 699 2415 741 operam

1390 763 1528 805 dedi?
1560 762 1668 811 Quia
1700 761 1934 802 secundum
1965 761 2045 801 1100
2079 760 2272 811 videtur,
2301 760 2414 813 quod

1391 833 1628 874 dissuadeat
1645 832 1813 873 studere
1836 832 2074 884 sapientiae;
2102 832 2225 883 cujus
2244 833 2414 872 contra-

1390 904 1503 944 rium
1534 915 1644 956 saepe
1672 903 1869 944 hortatur
1893 905 1923 928 ¹³
1948 916 1956 943 ;
1984 902 2152 942 «Stude
2171 901 2413 954 sapientiae,

1392 974 1451 1014 fili
1479 974 1551 1014 mi.
1583 989 1601 1012 »
1638 972 1883 1026 Respondeo
1909 973 2155 1021 dicendum,
2176 972 2290 1025 quod
2317 971 2417 1012 dare

1393 1057 1564 1098 operam
1585 1044 1802 1097 sapientiae
1817 1075 1827 1095 ,
1849 1044 1929 1085 1100
1960 1045 2092 1096 potest
2119 1054 2209 1083 esse
2239 1041 2413 1095 duplici-

1393 1119 1456 1157 ter
1483 1131 1491 1156 :
1528 1117 1697 1168 propter
1728 1114 1999 1155 commodum
2030 1112 2251 1166 praesentis
2280 1112 2382 1154 vitae
2404 1127 2414 1162 ;

1393 1186 1462 1227 vel
1475 1188 1645 1240 propter
1658 1185 2044 1226 remunerationem
2065 1184 2214 1236 gloriae
2228 1185 2415 1224 aeternae.

1394 1256 1570 1310 Propter
1589 1256 1860 1297 commodum
1889 1255 2108 1308 praesentis
2131 1254 2231 1295 vitae
2250 1253 2419 1307 prodest

1394 1327 1598 1381 sapientia
1621 1329 1717 1367 ante
1739 1329 1942 1377 mortem,
1965 1326 2064 1379 quia
2093 1325 2242 1377 dirigit
2274 1324 2419 1365 homi-

1393 1410 1493 1438 nem
1515 1398 1560 1438 in
1589 1397 1676 1439 suis
1702 1397 1927 1450 operibus;
1950 1396 2022 1437 sed
2050 1396 2094 1436 in
2125 1398 2261 1437 morte
2283 1395 2388 1436 nihil
2406 1426 2417 1445 ‚

1394 1480 1444 1509 eo
1471 1468 1583 1521 quod
1613 1469 1672 1509 ita
1704 1468 1884 1510 moritur
1914 1468 2088 1517 doctus,
2119 1469 2167 1508 ut
2199 1466 2417 1515 indoctus,

1394 1551 1472 1580 nec
1504 1539 1737 1592 protelatur
1768 1539 1808 1580 ei
1845 1539 1931 1580 vita
1958 1551 1969 1589 ;
2005 1538 2040 1578 si
2075 1539 2219 1578 autem
2250 1538 2420 1590 propter

1395 1611 1666 1670 commodum
1686 1612 1856 1651 aeternae
1878 1609 1978 1651 vitae
1991 1640 2004 1659 ,
2029 1608 2087 1649 sic
2106 1620 2192 1649 non
2213 1607 2417 1657 moritur,

1395 1681 1481 1722 imo
1501 1681 1624 1722 vivit.
1646 1680 1717 1721 Est
1729 1680 1845 1721 utilis
1864 1679 1917 1720 ad
1936 1678 2223 1731 operationem
2246 1677 2390 1718 bonist
2408 1691 2417 1718 ε

1401 1767 1420 1790 (1
1451 1751 1759 1793 Ornamentum
1789 1761 1970 1790 aureum
2001 1748 2228 1801 prudenti,
2265 1748 2418 1789 doctri-

1397 1835 1466 1863 na.
1504 1837 1524 1860 »
1556 1821 1628 1862 Est
1661 1820 1775 1861 utilis
1794 1820 1846 1860 ad
1880 1818 2201 1860 declinationem
2230 1818 2333 1859 mali
2352 1819 2381 1844 ¹¹⁵
2408 1833 2417 1860 ε

1401 1909 1419 1932 α
1452 1892 1626 1944 Sapiens
1652 1903 1723 1931 cor
1751 1885 1791 1931 e't
1822 1889 2089 1941 intelligibile
2120 1888 2301 1929 abstinet
2332 1900 2376 1929 se
2396 1901 2421 1930 a

1395 1963 1586 2016 peccatis.
1600 1976 1618 2000 n
1635 1961 1707 2002 Est
1719 1961 1834 2002 utilis
1847 1961 1900 2001 ad
1911 1962 2192 2012 augmentum
2204 1959 2353 2011 gratiae
2365 1959 2393 1981 ¹⁶
2407 1970 2418 1999 z

1401 2049 1420 2073 (1
1446 2034 1565 2075 Dabit
1593 2033 1718 2086 capiti
1748 2036 1821 2074 tuo
1853 2038 2084 2084 augmenta
2114 2030 2366 2083 gratiarum.
2395 2043 2414 2067 n

1395 2105 1468 2147 Est
1486 2106 1539 2146 ad
1558 2106 1837 2157 augmentum
1864 2103 2014 2156 gloriae
2036 2103 2063 2128 ¹⁷
2086 2116 2095 2143 ε
2115 2117 2134 2141 (1
2157 2101 2341 2142 Gloriam
2355 2111 2421 2140 sa-

1395 2176 1556 2229 pientes
1588 2175 1874 2228 possidebunt.
1908 2187 1926 2211 »
1963 2172 2032 2213 Sic
2062 2172 2198 2224 igitur
2222 2171 2419 2212 dehorta—

1394 2249 1488 2296 tur,
1518 2245 1630 2298 quod
1660 2256 1746 2285 non
1774 2246 1834 2284 est
1864 2243 2121 2284 studendum
2152 2242 2197 2282 in
2217 2241 2420 2294 sapientia

1395 2319 1566 2370 propter
1595 2327 1783 2368 praesens
1821 2313 2093 2354 commodum
2124 2314 2166 2352 et
2201 2311 2423 2352 curiosita-

1395 2390 1503 2437 tem,
1523 2387 1595 2427 sed
1615 2387 1786 2438 propter
1805 2386 2009 2424 aeternam
2038 2382 2216 2423 salutem
2239 2395 2248 2421 :
2271 2383 2312 2422 et
2329 2382 2422 2423 ideo

1396 2460 1581 2512 seipsum
1601 2455 1895 2510 reprehendit,
1919 2455 2020 2507 quia
2041 2454 2130 2507 ipse
2156 2453 2423 2495 laboraverat

1396 2531 1566 2583 propter
1587 2526 1872 2568 curiositatem
1908 2527 1949 2566 et
1977 2524 2237 2565 mundanam
2257 2523 2423 2565 vanita-

1396 2603 1496 2641 tem.

1449 2670 1662 2720 Quaeritur
1691 2668 1742 2709 de
1773 2667 1879 2717 hoc,
1903 2666 2015 2719 quod
2050 2665 2150 2706 dicit
2181 2678 2189 2705 :
2219 2665 2314 2708 Non
2342 2666 2424 2708 erit

1396 2742 1596 2784 memoria
1615 2738 1822 2792 sapientis
1838 2741 1878 2780 et
1892 2736 2029 2779 stulti.
2051 2735 2203 2776 Contra
2220 2737 2250 2760 ¹⁸
2273 2749 2282 2775 ε
2307 2750 2326 2775 «
2339 2735 2423 2777 Me-

1396 2812 1533 2853 moria
1546 2809 1651 2863 justi
1671 2821 1769 2849 cum
1788 2807 2004 2857 laudibus,
2026 2808 2067 2847 et
2085 2817 2243 2846 nomen
2268 2805 2420 2858 impio-

1396 2894 1494 2923 rum
1514 2880 1739 2934 putrescet.
1760 2893 1779 2915 ))
1805 2877 1909 2918 Item
1929 2876 1958 2902 ¹⁹
1979 2890 1988 2917 ι
2014 2891 2034 2916 α
2051 2876 2144 2917 Νο11
2156 2876 2320 2917 recedet
2338 2888 2424 2917 me-

1398 2952 1532 2993 moria
1566 2952 1658 3003 ejus
1679 2981 1690 2999 ,
1723 2951 1763 2989 et
1793 2959 1949 2988 nomen
1984 2948 2076 3000 ejus
2113 2946 2367 3000 requiretur.
2396 2962 2416 2986 »

1398 3022 1673 3075 Respondeo:
1703 3019 1767 3060 Ad
1794 3019 1875 3059 hoc
1905 3017 2048 3058 dicunt
2080 3017 2277 3070 quidam,
2311 3017 2423 3070 quod

1397 3096 1486 3148 ipse
1504 3093 1692 3147 loquitur
1710 3092 1754 3131 in
1773 3102 1951 3144 persona
1977 3089 2157 3130 carnalis
2179 3103 2188 3130 ε
2212 3089 2324 3130 1111ᾱο
2344 3089 2422 3130 fal-

1398 3177 1495 3206 sum
1514 3165 1613 3205 dicit
1632 3161 1897 3215 simpliciter,
1919 3160 1991 3200 sed
2012 3171 2166 3201 verum
2187 3159 2420 3200 secundum

1398 3235 1631 3276 carnalium
1647 3232 1986 3274 aestimationem.
2003 3229 2084 3271 Sed
2103 3230 2183 3270 hoc
2195 3241 2281 3270 non
2295 3228 2422 3282 plane

1398 3306 1538 3356 solvit,
1555 3304 1655 3358 quia
1673 3303 1796 3343 debet
1814 3301 2049 3342 carnalium
2068 3300 2321 3353 positionem
2335 3310 2422 3339 non

1398 3396 1500 3429 xxm,
1522 3390 1573 3418 11.
1594 3403 1628 3409 -
1654 3385 1679 3406 ¹³
1698 3386 1807 3421 Prov„
1830 3391 1940 3423 xxvn,
1961 3386 2011 3415 11.
2032 3399 2072 3405 -
2095 3381 2115 3400 ¹⁴
2135 3380 2254 3419 Eccli„
2273 3387 2347 3420 xm,
2369 3381 2420 3414 24.

1397 3453 1437 3459 —
1457 3435 1482 3457 ¹⁵
1506 3433 1622 3473 Eccli„
1642 3441 1693 3472 111,
1715 3433 1766 3463 32.
1783 3449 1823 3455 —
1848 3429 1875 3450 ¹⁶
1891 3431 2066 3469 Prov.,1v‚
2086 3430 2118 3460 9.
2137 3443 2177 3450 —
2197 3427 2221 3448 ¹⁷
2238 3428 2347 3466 Prov„
2370 3434 2421 3467 111,

1399 3483 1450 3513 35.
1471 3499 1512 3504 —
1533 3481 1558 3502 ¹⁸
1577 3481 1690 3516 Prov„
1712 3487 1744 3516 x,
1764 3480 1795 3509 7.
1815 3495 1851 3500 —-
1876 3477 1902 3499 ¹⁹
1922 3475 2040 3515 Eccli„
2060 3482 2178 3513 xxxix,
2201 3475 2252 3506 13.

1439 3533 1484 3571 (α)
1506 3529 1622 3571 Suppl.
1643 3528 1734 3560 vitae.

2459 921 2536 947 Dure

2447 967 2564 995 operam

2448 1000 2564 1035 sapien-

2448 1042 2494 1068 tiae
2508 1041 2563 1068 du-

2449 1082 2564 1117 pliciter

2437 1122 2576 1158 iutelligi-

2478 1165 2532 1192 tur.
