2633 3878
161 1447 254 1471 Deum

113 1495 176 1514 esse
191 1495 254 1521 pro-

114 1527 197 1554 batur
212 1537 255 1553 rn-

113 1569 171 1595 tion

113 1610 200 1644 ginis.

158 2949 251 2974 Deum

113 2996 175 3015 esse
191 2997 252 3023 prc-

113 3030 197 3056 batur
210 3039 253 3056 ra-

142 3072 220 3098 tione

120 3123 152 3141 co
159 3116 232 3149 ,111116
239 3131 248 3136 -

113 3156 210 3184 tionis,

280 195 331 235 30
980 181 1426 225 ILLUMINATIONES
1456 182 1719 225 ECCLESIAE

280 281 421 323 tialem
436 279 626 321 ordinem
638 308 648 328 ,
665 279 707 318 et
719 273 1057 329 dependentiam,
1073 271 1304 314 secundum

280 353 470 394 ordinem
500 353 666 390 naturae
691 364 699 390 :
724 351 764 388 et
790 359 878 388 non
907 345 1060 386 dicitur
1082 344 1150 385 hic
1181 355 1306 396 supe-

278 424 387 472 rius,
411 425 451 462 et
476 421 672 470 inferius,
704 418 936 460 secundum
967 416 1122 456 lineam
1153 414 1305 467 [1156111-

279 492 577 542 camentalem,
599 491 671 532 sed
699 489 934 531 secundum
967 487 1104 538 magis
1136 485 1303 535 nobile,

277 568 317 605 et
336 564 493 604 111111115.
514 563 653 604 Tertio
669 565 731 602 65ῖ
746 561 848 601 ordo
862 558 1063 611 temporis
1077 556 1129 597 ad
1144 569 1304 606 aevum,

277 639 317 676 et
343 636 425 676 aevi
456 635 508 676 ad
542 634 818 676 {eternitatem
844 646 852 672 :
875 630 975 683 quia
997 629 1028 669 si
1063 632 1124 669 est
1147 628 1305 681 aliquid

276 710 447 759 propter
468 706 582 746 aliud
603 706 813 753 creatum,
836 705 876 742 et
894 701 997 741 illud
1018 703 1207 741 creatum
1226 699 1306 740 erit

276 784 446 833 propter
467 780 715 827 increatum,
733 780 772 817 et
786 777 1019 816 increatum
1041 774 1120 814 erit
1135 775 1306 827 propter

276 863 319 891 se
340 865 347 890 :
364 853 411 890 ut
431 851 464 889 si
485 852 547 890 est
567 861 634 889 res
654 847 897 900 temporalis
914 849 1084 899 propter
1099 844 1301 892 animam,

276 926 317 962 et
348 922 489 961 anima
528 923 701 974 propter
734 919 868 960 Deum
889 950 901 969 ,
936 916 1167 958 necessario
1201 927 1305 967 ergo

278 993 384 1033 Deus
405 995 575 1045 propter
595 992 646 1044 (α)
670 1004 713 1031 56
733 993 807 1031 est.
838 989 1080 1030 Secundum
1111 988 1303 1028 ordinem

275 1077 378 1116 ergo
410 1063 683 1113 causalitatis,
720 1061 963 1114 dignitatis,
995 1060 1092 1100 finis
1116 1092 1125 1109 ,
1159 1059 1305 1100 omnia

275 1137 489 1177 declarant
520 1148 608 1176 esse
642 1135 830 1188 primum
863 1136 903 1174 et
934 1132 1134 1173 ultimum
1168 1131 1210 1171 in
1231 1143 1302 1171 ra-

275 1207 389 1249 tione
422 1207 702 1260 producendi3
726 1206 795 1246 5611
825 1205 1027 1246 ultimum
1062 1203 1106 1243 in
1141 1203 1304 1243 ratione

274 1279 402 1320 fiendi
425 1294 433 1320 ε
459 1280 538 1320 1106
557 1290 660 1331 ergo
689 1277 921 1318 secundum
950 1275 1157 1316 rationem
1187 1274 1303 1315 ordi-

273 1351 352 1391 nis.

329 1421 422 1462 Alio
443 1421 568 1462 modo
589 1424 781 1462 creatura
796 1420 893 1461 dicit
906 1420 1040 1460 Deum
1056 1430 1146 1459 esse
1161 1429 1305 1458 5661111-

274 1493 375 1533 dum
398 1494 608 1534 rationem
630 1493 831 1545 originis,
857 1494 905 1532 ut
935 1491 968 1531 si
998 1493 1060 1531 est
1087 1502 1161 1530 ens
1190 1501 1304 1530 crea-

175 1570 255 1595 001‘2·
274 1567 388 1615 tum,
411 1567 474 1605 est
502 1577 577 1605 ens
603 1566 839 1605 increatum
865 1578 873 1604 ε
896 1567 937 1604 et
970 1563 1005 1603 si
1037 1566 1098 1603 est
1129 1574 1202 1602 ens
1227 1574 1303 1615 per

275 1636 659 1689 participationem,
688 1638 750 1676 65ῖ
776 1647 850 1676 6115
877 1647 950 1688 per
984 1634 1207 1675 essentiam
1235 1648 1242 1675 :
1267 1633 1302 1673 si

274 1710 337 1747 est
356 1720 431 1747 ens
450 1720 523 1760 per
545 1707 889 1760 compositionem
906 1738 915 1757 ,
936 1709 998 1746 est
1019 1719 1093 1747 ens
1113 1718 1188 1759 per
1207 1706 1303 1746 sim-

274 1779 501 1833 plicitatem
517 1792 526 1820 :
543 1783 582 1820 et
599 1780 631 1819 si
647 1782 707 1819 est
722 1791 796 1820 ens
811 1790 885 1831 per
900 1777 1299 1827 multiformitatem,

274 1855 336 1892 est
353 1864 427 1892 ens
447 1863 522 1905 per
538 1851 875 1892 uniformitatem
892 1883 901 1901 ,
924 1849 991 1891 vel
1022 1848 1299 1889 identitatem.

274 1922 416 1964 Primo
443 1923 689 1974 dicendum,
713 1923 824 1976 quod
853 1934 978 1962 omne
1007 1922 1197 1962 creatum
1226 1931 1300 1972 po-

272 1994 334 2034 nit
364 2007 557 2046 causam,
580 1997 621 2035 et
647 1993 901 2035 universitas
930 1996 1200 2033 causatorum
1223 2003 1299 2044 po-

272 2066 334 2105 nit
347 2078 518 2107 causam
532 2066 713 2119 primam
732 2065 1030 2106 universalem.
1049 2063 1168 2104 Tunc
1188 2074 1302 2116 quae-

272 2149 319 2178 ro
339 2138 390 2178 de
419 2150 544 2179 causa
571 2137 674 2178 illa:
705 2140 779 2178 aut
808 2140 869 2178 est
896 2139 1053 2187 creata,
1076 2138 1150 2176 aut
1181 2147 1266 2176 non
1290 2149 1299 2176 :

272 2209 308 2249 si
327 2209 405 2259 sic,
428 2212 489 2249 est
508 2209 625 2250 abire
645 2209 690 2248 in
709 2208 927 2248 infinitum
944 2223 954 2258 ;
977 2207 1009 2247 si
1031 2219 1114 2248 non
1131 2239 1141 2258 ,
1165 2207 1301 2247 habeo

272 2280 552 2333 propositum.
589 2280 692 2320 ltem
722 2292 796 2320 ens
829 2291 903 2332 per
935 2278 1301 2332 participationem

271 2352 323 2391 ab
351 2363 400 2392 eo
430 2351 557 2392 habet
585 2363 694 2401 esse,
718 2350 831 2403 quod
865 2353 927 2390 est
955 2361 1029 2390 ens
1056 2361 1131 2402 per
1157 2361 1299 2390 essen-

270 2423 372 2462 tiam
391 2453 401 2471 ,
424 2422 525 2475 quia
542 2421 636 2462 fluit
653 2421 706 2461 ab
727 2433 791 2461 eo.
816 2420 1020 2461 Similiter
1039 2433 1164 2461 omne
1183 2432 1301 2461 com-

270 2494 453 2547 positum
482 2496 545 2534 est
567 2505 592 2533 a
621 2492 973 2545 componentibus
1003 2507 1012 2533 :
1039 2492 1235 2533 similiter
1262 2496 1304 2534 et

272 2568 435 2618 partes,
458 2577 556 2606 cum
583 2564 667 2605 sint
693 2563 972 2617 dependentes
1003 2564 1055 2605 ad
1086 2564 1270 2606 invicem
1289 2596 1299 2614 ,

269 2640 368 2678 sunt
388 2637 440 2677 ab
459 2637 600 2689 aliquo
619 2635 930 2689 simplicissimo
946 2635 1155 2676 absoluto.
1180 2634 1300 2675 Simi-

270 2707 364 2749 liter
384 2709 434 2748 de
456 2708 797 2748 multiformitate
821 2721 829 2747 :
852 2707 887 2747 si
917 2707 1031 2747 enim
1051 2709 1112 2747 est
1132 2719 1206 2747 ens
1226 2718 1302 2759 per

271 2780 669 2830 multiformitatem,
686 2783 748 2820 est
763 2791 837 2819 ens
855 2791 929 2832 per
944 2779 1298 2828 uniformitatem,

271 2855 321 2893 111
340 2853 384 2892 111
403 2851 616 2902 numeris,
639 2851 739 2904 quia
758 2862 926 2891 necesse
947 2853 1009 2891 est
1028 2850 1226 2891 devenire
1246 2851 1298 2891 ad

272 2923 480 2964 unitatem
503 2937 512 2963 :
534 2923 617 2963 hoc
639 2935 742 2974 ergo
765 2923 927 2962 ratione
947 2921 1137 2974 originis.
1160 2921 1302 2962 Tertio

273 2995 414 3045 modo,
439 2995 602 3035 ratione
624 2993 915 3046 completionis
936 2993 996 3033 :si
1023 2996 1084 3034 est
1112 3005 1199 3033 esse
1224 3004 1298 3044 po-

272 3066 466 3118 tentiale,
493 3069 555 3107 est
586 3078 677 3106 6556
695 3065 880 3114 actuale,
903 3064 937 3104 si
966 3067 1027 3105 est
1047 3076 1135 3104 esse
1156 3066 1300 3104 muta-

274 3139 375 3188 bile,
397 3141 458 3179 est
478 3149 567 3179 esse
586 3136 853 3177 immutabile
871 3148 881 3186 3
906 3135 941 3175 si
969 3138 1030 3175 est
1048 3147 1136 3175 esse
1155 3147 1302 3175 secun-

273 3210 374 3250 dum
401 3209 502 3262 quid
521 3241 533 3259 ,
568 3211 629 3249 est
650 3219 738 3248 esse
770 3206 1040 3259 simpliciter;
1065 3206 1100 3245 si
1125 3209 1186 3246 est
1213 3217 1301 3246 esse

273 3281 535 3332 dependens,
557 3282 620 3320 est
644 3290 733 3320 esse
762 3277 1028 3326 absolutum;
1050 3277 1086 3317 si
1117 3280 1178 3317 est
1209 3289 1300 3317 esse

274 3351 320 3392 in
341 3363 516 3403 genere,
538 3353 599 3392 est
619 3362 709 3392 esse
728 3352 849 3390 extra
866 3361 1018 3402 genus.
1048 3347 1132 3388 Ens
1155 3350 1300 3389 autem

318 3458 360 3496 (α)
379 3457 458 3489 Coet.
490 3458 569 3491 edit.
596 3468 669 3500 per.
693 3476 734 3483 —
759 3458 806 3500 (b)
836 3458 918 3490 Caet.
948 3455 1028 3488 edit.
1054 3456 1236 3489 diversum.
1257 3474 1297 3479 —

275 3505 318 3546 (c)
339 3505 420 3537 Coee.
440 3505 520 3537 edit.
541 3505 639 3538 libro.

1383 273 1610 325 potentiale
1628 274 1745 315 venit
1774 286 1826 315 ex
1859 275 2012 316 actuali
2039 287 2154 326 esse,
2176 277 2412 319 necessario

1384 344 1427 384 in
1446 344 1622 386 diversis
1641 345 1688 398 (b)
1706 361 1715 396 ;
1737 347 1809 387 sed
1827 347 1870 386 in
1889 347 2035 387 eodem
2049 379 2060 398 ,
2077 359 2168 388 esse
2188 349 2412 401 potentiale

1384 417 1582 469 praecedit
1602 429 1692 458 esse
1712 418 1888 459 actuale.
1913 417 2115 459 Similiter
2131 420 2332 461 mutabile
2352 424 2414 462 est

1383 487 1521 528 fluens
1541 489 1593 528 ab
1609 488 1865 530 immutabili
1885 490 1987 530 fixo.
2005 490 2207 531 Similiter
2222 496 2413 532 creatura

1385 559 1660 600 essentialiter
1677 560 1916 613 dependens
1933 574 1957 601 a
1976 561 2134 614 primo,
2157 564 2198 602 et
2218 563 2411 614 materia,

1384 632 1424 670 et
1444 630 1580 670 forma
1595 663 1606 680 ‚
1628 634 1668 670 et
1687 631 1815 671 etiam
1842 632 2031 672 accidens
2050 633 2191 684 magis
2209 633 2414 686 dependet

1384 713 1409 740 a
1425 700 1529 751 Deo,
1553 713 1683 754 quam
1703 714 1728 742 a
1747 714 1825 742 suo
1847 703 2035 755 subjecto
2059 718 2067 744 :
2092 704 2191 757 quia
2211 704 2319 744 Deus
2337 717 2414 757 po-

1384 774 1465 812 test
1488 773 1642 823 facere,
1663 775 1712 813 ut
1732 774 1785 813 sit
1805 773 1895 814 sine
1916 774 2125 826 subJ'ecto,
2150 778 2198 815 ut
2217 775 2262 815 in
2282 788 2414 816 sacra-

1383 846 1526 885 mento
1543 844 1707 895 altaris3
1728 845 1801 885 sed
1819 857 1927 895 non,
1947 846 2059 898 quod
2080 858 2166 886 non
2183 846 2414 900 dependeat

1382 914 1435 954 ab
1459 928 1523 955 60.
1547 914 1750 957 Similiter
1770 917 1805 956 si
1831 920 1893 957 est
1924 930 1999 957 ens
2028 918 2259 959 secundum
2282 919 2410 972 quid,

1382 986 1460 1026 erit
1489 999 1563 1027 6115
1597 988 1841 1041 simpliciter
1874 988 1919 1028 in
1953 988 2020 1028 his
2060 1001 2155 1041 quae
2187 992 2285 1029 nata
2316 992 2415 1030 sunt

1381 1070 1469 1099 esse
1493 1059 1739 1113 simpliciter
1763 1073 1770 1098 :
1795 1063 1842 1100 111
1861 1060 1896 1100 51
1916 1063 1977 1100 est
1998 1060 2163 1113 sapiens
2179 1061 2413 1102 secundum

1380 1131 1507 1184 quid,
1536 1135 1598 1172 est
1629 1133 1795 1185 sapiens
1829 1133 2088 1185 simpliciter.
2120 1133 2345 1183 Similiter,
2367 1136 2414 1174 ut

1379 1207 1654 1245 removeatur
1672 1204 1892 1256 instantia,
1916 1208 1977 1245 651
1993 1205 2114 1246 albus
2135 1206 2259 1246 dente
2278 1219 2286 1247 :
2309 1217 2414 1257 ergo

1379 1278 1442 1315 est
1463 1275 1583 1316 albus
1616 1276 1878 1328 simpliciter.
1902 1275 1944 1316 Si
1966 1278 2027 1315 est
2053 1288 2126 1316 ens
2158 1276 2201 1316 in
2229 1288 2410 1328 genere,

1379 1349 1441 1386 est
1469 1359 1543 1386 ens
1574 1349 1694 1387 extra
1725 1360 1876 1399 genus.
1913 1347 1999 1387 Ens
2033 1347 2147 1388 enim
2178 1347 2222 1388 in
2255 1359 2413 1399 genere

1379 1417 1506 1458 habet
1535 1418 1793 1458 differentias
1825 1421 2083 1459 coarctantes
2108 1433 2118 1468 ;
2147 1421 2188 1459 et
2217 1418 2298 1459 tale
2329 1431 2414 1460 non

1379 1489 1507 1529 habet
1530 1502 1651 1543 posse
1674 1523 1684 1540 ,
1713 1502 1801 1531 esse
1822 1523 1832 1541 ,
1868 1494 1908 1530 et
1938 1502 2067 1542 agere
2100 1490 2410 1532 universaliter.

1385 1560 1497 1602 Unde
1532 1561 1642 1602 Deus
1674 1565 1735 1602 est
1764 1573 1838 1602 ens
1868 1564 1990 1602 extra
2027 1574 2186 1614 genus,
2218 1564 2259 1602 et
2286 1574 2414 1615 supra

1381 1644 1534 1683 genus.
1551 1633 1627 1674 Hae
1647 1633 1782 1685 igitur
1800 1633 2106 1687 speculationes
2120 1633 2279 1675 ordinis
2294 1665 2306 1684 ,
2329 1633 2414 1674 ori-

1379 1704 1511 1755 ginis,
1534 1707 1575 1745 et
1596 1705 1910 1757 completionis,
1933 1705 2097 1745 ducunt
2119 1704 2169 1745 ad
2197 1703 2301 1745 illud
2321 1716 2412 1745 esse

1377 1774 1588 1827 primum,
1611 1776 1724 1829 quod
1745 1778 2052 1829 repraesentant
2072 1787 2221 1816 omnes
2242 1778 2413 1815 creatu-

1377 1859 1452 1888 166.
1474 1847 1560 1888 Hoc
1580 1848 1694 1888 enim
1716 1860 1871 1889 nomen
1902 1849 2106 1901 scriptum
2127 1850 2187 1887 est
2206 1847 2251 1887 in
2270 1847 2410 1888 omni-

1376 1920 1458 1960 bus
1490 1920 1631 1961 1611115.
1665 1919 1716 1960 Et
1744 1922 1843 1960 sunt
1871 1920 1939 1960 hae
1977 1919 2234 1960 conditiones
2272 1919 2407 1970 entis,

1377 2002 1504 2043 super
1524 2002 1629 2044 quas
1651 1991 1885 2032 fundantur
1910 1990 2155 2031 certissimae
2183 1990 2407 2031 illationes,

1377 2061 1495 2103 Unde
1522 2063 1629 2103 dixit
1648 2065 1794 2103 auctor
1811 2062 1909 2102 libri
1928 2062 1980 2104 de
2004 2061 2155 2104 Gausz‘s
2173 2062 2218 2115 (G)
2248 2076 2256 2102 :
2279 2078 2299 2101 «
2316 2061 2409 2103 Pri-

1378 2147 1447 2175 ma
1465 2147 1613 2175 rerum
1633 2138 1925 2176 creaturarum
1945 2135 2140 2175 omnium
2162 2137 2224 2175 est
2243 2145 2334 2175 esse
2352 2149 2360 2176 :
2383 2149 2402 2173 ›>

1376 2206 1447 2247 sed
1470 2218 1552 2258 ego
1572 2206 1664 2247 dico
1685 2219 1695 2247 :
1724 2221 1743 2244 «
1762 2206 1900 2259 prima
1928 2218 2074 2247 rerum
2106 2205 2409 2258 intelligentia-

1376 2290 1477 2320 rum
1496 2281 1559 2318 est
1578 2290 1667 2319 esse
1683 2278 1886 2331 primum.
1909 2293 1928 2316 1)

1742 2423 1933 2469 SERMO
1965 2425 2042 2468 XI.

1411 2532 1587 2576 Quomodo
1617 2534 1779 2569 Trinitas
1803 2534 1984 2580 speculum
2009 2535 2061 2569 esc
2082 2532 2377 2580 pulcherrimum.

1429 2639 1443 2660 ²
1470 2639 1556 2681 Nos
1588 2643 1728 2681 autem
1751 2638 1937 2680 revelata
1969 2638 2080 2689 facie
2109 2637 2290 2690 qlorz‘am
2321 2637 2408 2680 Do-

1374 2711 1486 2753 mim·
1505 2710 1770 2762 speculantes
1783 2741 1795 2759 ,
1821 2712 1898 2749 616.
1918 2709 2085 2749 Dictum
2111 2711 2173 2748 est
2192 2708 2241 2749 de
2261 2720 2408 2749 5661111-

1374 2782 1427 2822 da
1455 2781 1640 2831 visione,
1672 2780 1826 2821 scilicet
1855 2778 2148 2831 intelligentiae
2173 2792 2249 2833 per
2276 2780 2407 2821 fidem

1376 2853 1551 2893 elevatae
1581 2884 1592 2903 ,
1627 2864 1722 2905 quae
1753 2851 2007 2903 intelligitur
2043 2863 2117 2904 per
2151 2852 2305 2892 coelum
2339 2852 2408 2894 vel

1375 2925 1698 2964 firmamentum
1720 2955 1732 2974 ,
1768 2923 1880 2976 quod
1912 2928 1973 2963 est
2002 2922 2138 2962 altum
2158 2954 2170 2973 ,
2202 2923 2375 2963 firmum
2395 2955 2406 2974 ,

1375 2996 1628 3049 speciosum.
1652 2994 1816 3035 Dictum
1836 2997 1898 3034 est
1917 2993 1967 3034 de
1987 2993 2152 3033 duobus
2172 2992 2343 3045 primis,
2365 2995 2406 3034 61

1374 3066 1609 3117 incceptum
1646 3065 1696 3106 de
1733 3064 1856 3104 tertio
1876 3095 1890 3114 ‚
1929 3063 2084 3103 scilicet
2122 3062 2403 3115 speciositate.

1375 3148 1472 3189 quae
1490 3139 1552 3177 est
1573 3135 1845 3177 multiformis
1866 3134 2094 3187 speculatio
2115 3134 2227 3175 fidei.
2245 3133 2302 3174 De
2322 3146 2407 3187 qua

1375 3209 1536 3250 dictum
1568 3211 1630 3249 est
1660 3207 1842 3249 Abrahae
1862 3238 1874 3257 ,
1908 3206 1990 3247 hoc
2029 3208 2091 3246 est
2132 3205 2318 3246 credenti
2348 3205 2361 3227 ³
2393 3218 2401 3244 :

1381 3294 1400 3318 «
1420 3278 1593 3332 Suspice
1613 3279 1788 3330 coelum,
1812 3280 1854 3318 et
1880 3289 2061 3318 numera
2092 3276 2253 3327 stellas,
2274 3276 2309 3316 si
2326 3287 2401 3328 po·
2434 3280 2438 3284 '

1374 3353 1450 3391 tes.
1473 3365 1491 3389 n
1516 3350 1679 3392 Dictum
1699 3353 1762 3391 est
1780 3362 1805 3390 a
1830 3348 1991 3390 Joanne
2007 3352 2021 3374 ἢ
2043 3363 2052 3388 ;
2082 3363 2101 3388 11
2124 3347 2302 3389 Sustulit
2332 3358 2402 3387 me

1419 3459 1426 3476 ¹
1448 3458 1521 3490 Lib.
1541 3457 1580 3490 de
1603 3457 1716 3496 Gaas„
1736 3465 1834 3499 prop.
1855 3464 1902 3494 w,
1921 3455 1957 3487 in
1976 3454 2084 3497 princ.
2102 3473 2144 3482 --
2158 3455 2172 3477 ²
2190 3455 2217 3487 11
2237 3455 2328 3495 Corn,
2348 3464 2401 3498 111,

1376 3507 1425 3537 18.
1445 3522 1486 3529 —
1501 3504 1516 3526 ³
1534 3509 1626 3545 Gen„
1644 3512 1701 3546 xv,
1723 3507 1753 3538 5.
1775 3521 1812 3528 -
1831 3503 1847 3526 δ
1863 3504 1975 3545 Αροε.,
1999 3511 2074 3544 xm,
2100 3505 2151 3535 10.

2625 2404 2627 2434 .-
2624 2262 2628 2383 —-
2627 2202 2629 2243 m
2621 2026 2629 2190 »ι-ῴ-
2625 1848 2630 2017 ,ψᾼ-ᾼῄᾳ
