2633 3878
1062 188 1305 231 PSALMUS
1337 189 1509 233 CXVIII.

212 283 399 318 aeternam
424 281 762 329 permanentiam,
794 282 986 328 quantum
1013 279 1064 316 ad
1096 281 1256 316 natura-

212 342 291 380 lem
312 344 571 381 existentiam.
603 345 654 380 De
687 342 864 380 secunda
892 340 986 377 dicit
1018 341 1195 378 psalmus
1214 341 1255 377 in

212 410 321 453 parte
342 406 416 444 ista
441 419 449 443 :
470 408 515 444 In
534 410 719 451 aeternum,
748 407 818 441 etc.
843 405 938 441 Ecce
959 406 1143 440 aeternam
1163 414 1254 451 per·

214 469 476 516 manentiam,
506 471 697 517 quantum
731 466 782 503 ad
809 466 1061 514 corporalem
1087 465 1253 502 influen-

214 530 321 568 tiam.
344 534 394 569 De
408 531 522 568 tertia
536 530 730 575 scribitur,
749 529 816 566 ubi
833 528 974 566 dicitur
988 538 1011 565 a
1032 527 1197 565 Domino
1220 527 1251 564 ¹:

219 606 236 628 α
263 595 347 631 Non
365 592 614 642 permanebit
640 591 796 640 spiritus
826 602 938 628 meus
958 591 998 628 in
1018 590 1180 627 homine
1213 590 1254 627 in

213 659 416 702 aeternum,
442 657 535 704 quia
559 666 650 693 caro
672 657 749 702 est3
779 669 795 687 »
821 665 866 691 ac
887 654 918 690 si
940 653 1113 691 diceret:
1138 653 1256 701 Spiri-

215 719 329 757 tualis
360 719 486 766 gratia
523 728 605 755 non
636 717 886 766 permanebit
918 717 958 753 in
988 719 1177 754 aeternum
1213 715 1255 752 in

214 782 376 819 homine
400 781 629 818 ambulante
650 779 869 817 secundum
894 790 1076 826 carnem,
1107 778 1178 816 sed
1214 778 1254 816 in

214 844 441 882 ambulante
474 843 693 882 secundum
725 842 905 891 spiritum
929 855 936 879 :
957 852 1046 879 ecce
1068 845 1255 879 aeternam

212 907 548 954 permanentiam,
577 909 770 954 quantum
800 905 851 942 ad
889 904 1136 952 spiritualem
1169 915 1256 952 gra-

214 968 324 1006 tiam.

651 1017 820 1059 Epilogus.

259 1094 474 1132 Ostendens
494 1104 589 1141 crgo
608 1094 800 1142 Propheta
820 1103 901 1130 non
919 1104 1001 1130 esse
1021 1093 1255 1130 defectivam

211 1157 442 1204 bonitatem,
487 1168 575 1206 quae
621 1159 749 1205 potest
786 1156 1003 1204 inquietare
1041 1157 1256 1194 maximam

211 1220 452 1262 firmitatem,
486 1220 537 1257 ait
560 1232 568 1256 :
594 1221 755 1266 Domine,
786 1222 979 1267 quantum
1007 1219 1056 1256 ad
1099 1220 1255 1257 bonita—

211 1286 290 1321 tem
335 1282 579 1320 dominicam
626 1281 886 1330 imperantem
895 1295 907 1329 3
951 1284 1102 1319 Verbum
1139 1287 1255 1329 tuum,

213 1348 406 1394 quantum
427 1345 478 1382 ad
511 1348 665 1382 motum
703 1344 888 1381 divinitus
926 1345 1190 1393 imperatum,
1213 1347 1256 1381 In

213 1410 308 1455 coelo,
332 1410 526 1457 quantum
564 1407 616 1444 ad
642 1407 869 1444 firmitatem
909 1407 1088 1445 coelicam
1118 1408 1256 1445 obser-

212 1474 369 1509 vantem
378 1485 388 1518 3
413 1473 598 1508 Permanet
613 1473 652 1507 z'n
667 1475 849 1517 (eternum,
873 1473 1065 1518 quantum
1095 1471 1146 1508 ad
1165 1481 1253 1508 mo-

214 1536 295 1571 tum
317 1534 472 1572 coelitus
493 1534 764 1572 observatum.

589 1683 810 1711 VERSICULUS
840 1683 877 1710 X.

265 1787 322 1823 90.
334 1788 379 1823 In
389 1788 649 1833 generationem
661 1788 709 1835 (a)
719 1790 750 1823 et
758 1788 1019 1834 generationem
1026 1789 1162 1823 veritas
1177 1790 1254 1832 tua,

217 1851 289 1885 etc.
309 1850 468 1896 Magnus
483 1848 669 1886 bonitatis
686 1849 843 1886 effectus
863 1849 1083 1897 claruitper
1098 1860 1255 1886 versum

217 1911 424 1959 praevium,
437 1912 583 1949 scilicet
593 1913 822 1960 inquietatio
839 1913 1023 1950 maximae
1040 1912 1233 1950 firmitatis
1241 1927 1252 1960 ;

218 1984 291 2011 nec
310 1975 441 2012 minor
463 1975 640 2012 clarescit
654 1987 725 2024 per
745 1976 876 2023 istum,
899 1976 1083 2014 videlicet
1103 1978 1255 2026 quieta-

217 2037 271 2075 tio
288 2038 470 2075 maximoe
490 2038 740 2075 infirmitatis.
763 2038 866 2083 Quid
887 2039 993 2076 enim
1025 2043 1125 2077 statu
1147 2040 1257 2088 quie-

217 2100 320 2137 tius?
338 2101 441 2146 Quid
458 2100 596 2138 infimo
617 2101 812 2139 elemento
834 2101 1161 2140 infirmius?Nam
1177 2103 1255 2140 ele-

216 2166 348 2201 menta
398 2167 546 2212 quanto
595 2164 795 2210 inferiora,
841 2167 948 2202 tanto
1006 2164 1224 2202 infirmiora
1242 2179 1253 2212 ,-

217 2225 366 2274 quippe
380 2226 478 2263 sicut
501 2226 716 2264 humiliora
735 2230 824 2263 sunt
844 2227 999 2274 ordine,
1016 2227 1072 2265 sic
1091 2227 1256 2265 exiliora

215 2293 305 2327 sunt
320 2290 448 2338 specie
488 2293 525 2327 et
554 2291 705 2328 virtute.
745 2291 865 2337 Hujus
897 2294 1028 2328 autem
1065 2291 1253 2340 quietatio

216 2352 399 2390 elementi
419 2352 643 2390 declaratur
673 2353 713 2390 in
734 2364 849 2389 versu
869 2354 1063 2401 praesenti,
1085 2355 1180 2403 quia
1193 2365 1254 2392 re-

215 2425 311 2451 vera
323 2415 480 2452 bonitas
497 2425 653 2452 summa
673 2415 772 2453 sicut
791 2418 873 2452 erat
902 2416 1122 2462 praestitura
1154 2416 1255 2454 fina—

217 2475 317 2522 liter,
335 2487 407 2524 per
428 2476 537 2514 verbi
558 2477 757 2522 virtutem,
786 2477 989 2524 terrigenae
1018 2478 1253 2516 humanitati

216 2537 396 2584 salutem,
414 2539 469 2575 sic
486 2539 660 2587 praestitit
675 2539 997 2586 primordialiter,
1022 2551 1092 2588 per
1111 2531 1253 2578 verita-

2289 201 2366 240 433

1333 291 1355 316 a
1374 283 1481 317 Patre
1503 281 1632 329 dicta3
1652 283 1722 319 sed
1744 293 1824 320 non
1856 284 2003 332 relicta,
2038 287 2180 324 veritas
2206 287 2366 329 invicta,

1333 344 1474 379 veritas
1491 342 1713 382 benedicta.
1731 345 1873 383 Dicitur
1892 348 2013 395 enim,
2025 349 2119 397 quia
2133 352 2344 398 generatur
2353 363 2365 398 ;

1332 415 1412 441 non
1431 405 1677 454 relinquitur,
1701 407 1794 455 quia
1814 419 1895 445 non
1925 415 2126 458 separatur
2138 425 2149 458 3
2177 423 2260 450 non
2279 413 2366 451 vin-

1332 468 1442 513 citur,
1466 468 1560 515 quia
1579 479 1660 506 non
1681 473 1965 518 commutatur3
1987 472 2247 522 benedicitur,
2272 476 2367 524 quia

1332 530 1660 568 communicatur.
1683 533 1733 569 De
1754 532 1883 580 primo
1904 534 1917 554 ²
1940 546 1947 570 :
1969 547 1985 568 (ι
2005 537 2139 573 Sermo
2161 539 2247 574 tuus
2265 539 2366 576 veri-

1333 593 1387 627 tas
1410 594 1467 628 est
1489 604 1496 628 :
1520 607 1537 628 »
1563 604 1652 631 ecce
1673 594 1815 631 veritas
1837 595 1954 633 dicta.
1989 598 2036 634 De
2067 599 2242 637 secundo
2275 600 2368 638 dici-

1333 654 1393 690 tnr
1411 664 1482 701 per
1502 655 1858 705 Psalmographum
1879 660 1892 681 ³
1916 671 1924 696 :
1948 673 1966 693 (ι
1988 659 2060 704 Qui
2081 662 2250 699 custodit
2268 663 2369 700 veri-

1331 718 1449 754 tatem
1470 718 1511 754 in
1527 719 1713 756 saeculum
1736 732 1744 756 :
1767 733 1784 755 n
1810 731 1898 758 ecce
1931 721 2070 760 veritas
2100 734 2182 761 non
2218 724 2366 763 relicta.

1331 781 1381 816 De
1395 780 1507 817 tertio
1525 779 1538 801 ⁶
1560 794 1567 818 :
1594 795 1611 815 «
1632 782 1754 830 Super
1769 783 1902 821 omnia
1918 783 2039 822 vincit
2057 786 2224 824 veritas:
2245 801 2262 823 »
2279 799 2367 826 ecce

1332 842 1473 880 veritas
1492 843 1650 881 invicta.
1674 846 1724 882 De
1750 848 1890 893 quarto
1907 847 1946 883 ⁵:
1973 860 1991 882 α
2011 849 2144 886 Omnis
2175 852 2276 888 terra
2309 852 2369 888 in-

1332 908 1447 943 vocat
1472 906 1696 954 veritatem,-
1732 907 1877 945 coelum
1902 909 2020 947 etiam
2050 911 2176 959 ipsam
2205 913 2368 951 benedi-

1332 967 1404 1005 cit:
1421 982 1437 1003 »
1463 979 1552 1006 ecce
1574 969 1713 1008 veritas
1731 970 1953 1009 benedicta.

1654 1076 1843 1113 Articulus
1863 1077 2051 1114 secundus.

1380 1157 1576 1195 Stabilitas
1590 1158 1841 1206 subauditur,
1862 1172 1954 1198 cum
1975 1161 2116 1199 dicitur
2139 1175 2147 1200 :
2170 1164 2368 1212 Fundasti3

1333 1219 1446 1267 quasi
1467 1219 1599 1258 dicat:
1628 1221 1731 1259 Sicut
1769 1223 1927 1271 sapiens
1965 1224 2195 1263 architectus
2232 1226 2371 1264 funda-

1331 1286 1508 1321 mentum
1529 1285 1695 1333 posuisti
1717 1287 1922 1325 veritatem
1956 1291 2079 1336 tuam,
2111 1293 2153 1327 ut
2183 1290 2372 1328 fundares

1332 1347 1475 1384 terram
1508 1358 1627 1396 super
1665 1348 1917 1387 stabilitatem
1951 1362 2079 1389 suam.
2115 1355 2230 1390 Terra
2262 1364 2371 1391 nam-

1333 1420 1409 1457 que
1427 1421 1528 1457 pura
1548 1421 1630 1448 non
1649 1413 1705 1448 est
1723 1412 1887 1460 stabilis,
1910 1425 2001 1450 cum
2015 1414 2062 1451 sit
2079 1414 2211 1463 pulvis
2233 1428 2241 1452 :
2263 1417 2370 1453 unde

1332 1474 1433 1509 terra
1446 1484 1550 1520 ‚pura
1567 1473 1668 1522 lapis
1686 1486 1768 1512 non
1778 1476 1834 1523 fit,
1851 1476 1949 1513 sicut
1963 1476 2004 1513 in
2019 1476 2122 1514 libro
2135 1479 2372 1515 Meteororum

1332 1535 1593 1583 Philosophus
1612 1536 1752 1585 inquit.
1788 1541 1831 1576 Et
1849 1541 1956 1586 nota,
1982 1540 2094 1588 quod
2123 1543 2268 1578 terram
2285 1540 2371 1578 fun-

1333 1597 1440 1635 davit
1473 1598 1662 1636 Dominus
1698 1600 1912 1648 tripliciter,
1953 1601 2136 1640 videlicet
2174 1605 2370 1651 potenter,

1332 1660 1542 1708 sapienter,
1579 1661 1744 1700 latenter
1766 1663 1907 1711 :plane
1945 1666 2138 1712 potenter,
2179 1666 2371 1714 quoniam

1331 1722 1505 1760 stabilire
1525 1723 1805 1771 infirmitatem,
1845 1729 1901 1763 est
1941 1728 2125 1774 potentiae
2136 1741 2148 1775 3
2180 1728 2373 1776 sapienter

1332 1795 1508 1834 quoque,
1537 1787 1730 1835 quoniam
1767 1799 1838 1836 per
1871 1788 2078 1827 veritatem
2113 1791 2287 1828 stabilire
2317 1794 2374 1829 est

1331 1848 1555 1896 sapientiae3
1595 1850 1760 1887 latenter
1794 1853 1939 1897 autom,
1977 1852 2071 1899 quia
2101 1853 2372 1892 causalitatem

1330 1911 1530 1959 invenire,
1572 1923 1654 1950 non
1709 1917 1766 1951 est
1801 1914 1985 1952 humanae
2022 1916 2286 1964 perspicaciae.
2321 1919 2372 1954 De

1330 1975 1460 2023 primo
1482 1976 1495 1997 ⁶
1518 1988 1526 2012 :
1548 1989 1565 2009 «
1584 1978 1719 2014 Manus
1738 1987 1827 2014 mea
1846 1977 2028 2015 fundavit
2047 1981 2217 2016 terram:
2240 1993 2257 2014 n
2281 1989 2371 2018 ecce

1329 2036 1527 2075 fundandi
1560 2038 1749 2086 potentia.
1791 2041 1841 2077 De
1876 2041 2052 2078 secundo
2073 2042 2086 2064 ⁷
2110 2054 2118 2079 :
2145 2043 2371 2080 «Dominus

1331 2100 1522 2148 sapientia
1538 2100 1721 2139 fundavit
1739 2104 1883 2140 terram
1908 2115 1949 2140 :n
1974 2115 2062 2141 ecee
2090 2104 2286 2142 fundandi
2308 2116 2369 2143 sa-

1329 2162 1489 2210 pientia.
1511 2165 1561 2201 De
1579 2164 1691 2201 tertio
1721 2165 1908 2213 quaeritur
1925 2167 1938 2188 ⁸
1961 2179 1969 2203 :
1995 2180 2013 2201 a
2035 2167 2200 2212 Quando
2229 2166 2370 2206 funda-

1330 2224 1446 2264 batur
1461 2227 1502 2274 (c)
1516 2227 1641 2275 pulvis
1655 2228 1696 2265 in
1710 2230 1810 2266 terra
1821 2230 1839 2265 ?
1851 2242 1868 2263 ι)
1887 2240 1975 2267 eece
1989 2230 2366 2269 fundandilatentia.

1670 2335 1862 2371 Artz'culus
1883 2338 2022 2373 tertius.

1377 2415 1584 2453 infirmitas
1628 2416 1871 2465 intelligitur,
1929 2430 2020 2456 cum
2073 2419 2363 2460 introducitur:

1331 2481 1462 2524 Terra3
1490 2478 1583 2526 quia
1621 2480 1724 2516 terra
1760 2483 1816 2517 cst
1849 2480 2088 2519 elementum
2125 2483 2308 2521 infimum
2328 2489 2365 2523 et

1327 2541 1552 2588 infirmum3
1575 2543 1612 2578 et
1631 2544 1780 2589 quanto
1801 2542 1977 2590 inferius,
2010 2547 2116 2582 tanto
2153 2545 2359 2584 infirmius.

217 2601 264 2637 tis
295 2601 560 2648 stabilitatem,
598 2604 760 2638 terrenae
804 2601 1019 2639 infirmitati
1064 2602 1251 2651 quietem,

217 2667 411 2711 quatenus
427 2675 450 2701 a
466 2663 606 2701 mundi
625 2664 845 2712 primordio
863 2665 1117 2703 subrutilat-et
1129 2666 1251 2714 ipsius

216 2726 519 2764 consummatio,
540 2726 729 2772 Quocirca
749 2726 789 2763 iu
808 2730 918 2775 parte
943 2727 1016 2765 ista
1049 2727 1251 2765 denotavit

1327 2607 1369 2641 Et
1382 2607 1491 2650 nota,
1503 2603 1616 2652 quod
1636 2607 1739 2644 terra
1759 2604 1901 2642 dicitur
1932 2606 2018 2644 aliis
2037 2607 2239 2646 elementis
2257 2610 2362 2647 infir-
2408 2630 2499 2657 Tem

1326 2667 1429 2704 mior
1444 2669 1605 2715 propter
1618 2667 1690 2705 tria
1713 2680 1722 2704 ε
1744 2667 1837 2716 quia
1854 2669 2056 2708 actualiter
2073 2671 2229 2710 inanior
2236 2685 2247 2720 ;
2268 2673 2362 2721 quia
2381 2675 2523 2718 02¹⁰&ss-

1325 2729 1584 2778 possibilitate
1615 2730 1797 2779 plenior;
1832 2732 1925 2780 quia
1960 2733 2141 2772 nihilitati
2178 2735 2359 2774 vicinior.
2393 2714 2507 2782 ἓίξίῗ,

2411 2796 2490 2824 infir-

214 2788 418 2826 Psalmista
437 2788 607 2826 veritatis
636 2788 902 2836 stabilitatem,
938 2792 976 2828 et
1012 2790 1250 2829 infirmitatis

215 2851 400 2899 quietem.
423 2853 484 2889 Est
503 2854 634 2889 autem
647 2852 820 2890 veritatis
833 2852 946 2890 verbi
960 2854 1080 2900 testis,
1100 2854 1249 2892 stabili-

214 2916 272 2950 tas
282 2913 449 2961 virtutis,
468 2914 678 2952 infirmitas
691 2915 959 2962 humanitatis,
973 2916 1084 2964 quies
1097 2917 1246 2955 salutis.

547 3021 738 3057 Articulus
758 3023 912 3068 primus.

261 3102 408 3140 Veritas
427 3102 545 3150 igitur
563 3103 718 3153 liquido
743 3105 929 3154 aperitur,
960 3117 1051 3143 cum
1072 3106 1215 3145 dicitur
1236 3119 1245 3145 ε

213 3167 257 3202 In
277 3168 538 3212 yeneratz'onem
568 3166 612 3215 (h)
638 3171 669 3204 et
689 3171 953 3214 generationem
992 3171 1124 3206 veritas
1157 3174 1245 3218 ταας

213 3230 326 3278 quasi
346 3229 450 3268 dicat
471 3242 479 3267 :
499 3230 646 3268 Veritas
673 3241 695 3268 a
719 3233 753 3268 te
775 3231 906 3279 genita
935 3237 1010 3279 est,
1038 3232 1247 3271 stabilitate

210 3295 400 3341 perpetua
415 3293 599 3331 stabilita.
623 3296 665 3331 Et
684 3297 778 3332 nota
796 3294 911 3344 quod
926 3295 1011 3332 haec
1031 3298 1087 3332 est
1107 3295 1247 3335 veritas

256 3393 266 3414 ¹
289 3393 382 3435 Gen„
406 3401 452 3435 vi,
478 3395 509 3427 3.
533 3412 567 3418 —
586 3396 597 3414 ²
615 3396 723 3432 Joan..
751 3403 843 3436 xvii,
867 3397 915 3428 Π.
940 3414 975 3418 -
1003 3396 1014 3415 ³
1035 3396 1121 3429 Psal.
1143 3405 1246 3439 cuv,

212 3439 243 3470 Ἰ.
271 3457 307 3462 —
334 3441 345 3460 ⁴
373 3442 416 3473 ΙΙΙ
447 3442 563 3484 Εετίν.,
590 3451 651 3483 111,
682 3445 739 3483 12,
765 3443 825 3475 sed
852 3443 940 3476 inter
968 3444 1183 3487 apocrypha,
1209 3448 1246 3478 ut

211 3494 368 3528 sequens.
389 3506 428 3512 —
453 3489 467 3512 ⁸
488 3491 532 3522 111
559 3490 672 3533 Esdr„
702 3499 748 3533 iv,
769 3493 819 3524 36.
840 3509 881 3515 —
903 3491 916 3513 ⁸
935 3492 1016 3534 1sa.‚
1039 3499 1166 3532 Χινιιι,
1192 3495 1241 3526 13.

420 3560 521 3592 Tou.
550 3563 611 3594 lx.

1326 2794 1486 2841 Propter
1504 2792 1680 2841 primum
1713 2796 1769 2831 est
1795 2794 1926 2832 minus
1953 2796 2097 2843 activa3
2125 2801 2286 2846 propter
2306 2809 2361 2836 se-

1324 2855 1513 2903 cundum,
1535 2856 1661 2903 magis
1686 2857 1867 2904 passiva,-
1906 2861 2068 2907 propter
2099 2860 2267 2908 tertium,
2303 2861 2358 2898 ci·-

1324 2919 1398 2957 tius
1420 2919 1624 2966 defectiva,
1647 2931 1769 2968 quam
1788 2920 1866 2958 alia
1894 2921 2101 2960 elementa.
2123 2925 2208 2961 Haec
2225 2926 2357 2962 autem

1322 2982 1512 3030 intellige,
1528 2985 1710 3020 manente
1721 2983 1838 3031 parili
1853 2984 2080 3032 quantitate.
2104 2987 2154 3023 De
2174 2986 2303 3034 primo
2316 2988 2354 3024 ⁹:

1328 3059 1345 3080 α
1363 3047 1477 3083 Terra
1495 3048 1577 3083 erat
1596 3045 1724 3083 inanis
1738 3048 1775 3083 et
1796 3057 1934 3094 vacua,
1956 3060 1973 3082 n
2004 3048 2159 3096 supple,
2190 3059 2260 3096 per
2279 3059 2357 3086 res-

1322 3111 1479 3156 pectum
1517 3107 1569 3145 ad
1600 3107 1679 3146 alia
1711 3108 1904 3147 elementa
1915 3122 1927 3157 3
1967 3110 2158 3158 quoniam
2195 3110 2354 3148 illorum

1321 3173 1497 3219 respectu
1517 3172 1620 3208 terra
1641 3173 1698 3208 est
1721 3171 1877 3208 inanior
1908 3172 2053 3220 specie,
2081 3172 2163 3210 sive
2181 3175 2281 3210 actu.
2305 3175 2355 3210 De

1321 3233 1498 3271 secundo
1521 3235 1549 3256 ¹0
1572 3246 1580 3271 ε
1602 3247 1618 3268 «
1637 3234 1778 3282 Aspexi
1798 3236 1955 3280 terram,
1971 3237 2008 3272 et
2026 3245 2115 3272 ecce
2129 3245 2256 3274 vacua
2275 3238 2356 3274 erat

1320 3354 1360 3361 —
1376 3337 1389 3360 ⁷
1409 3338 1518 3376 Prov„
1540 3344 1594 3376 ιιι,
1619 3338 1666 3369 19.
1686 3353 1726 3360 —
1745 3336 1758 3358 ⁸
1776 3335 1848 3376 lob,
1869 3344 2027 3378 xxxviii,
2047 3339 2098 3369 38.
2115 3354 2154 3361 —
2175 3339 2188 3358 ⁸
2209 3337 2304 3379 Gen„
2329 3347 2353 3379 1,

1320 3387 1352 3418 2.
1369 3403 1411 3410 —
1432 3387 1454 3406 ¹⁰
1472 3386 1606 3426 Jerem.,
1627 3393 1673 3426 lv,
1693 3387 1746 3418 23.

1363 3447 1405 3487 (α)
1427 3445 1508 3478 Coet.
1529 3444 1609 3477 edit.
1630 3446 1852 3485 qeneratione.
1876 3463 1909 3467 —
1933 3444 1975 3486 (b)
2003 3446 2103 3487 item,
2124 3449 2159 3479 ut
2181 3447 2297 3482 mod0.
2314 3465 2352 3472 —

1320 3493 1362 3535 (c)
1384 3493 1482 3534 vulg.
1503 3491 1717 3533 fundebatur.

2086 3557 2139 3596 28

2403 2839 2489 2866 mior-
