2633 3878
136 938 226 965 tentia
237 946 279 965 rc-

169 979 257 1013 quirit

160 3015 290 3042 Ecclesia

150 3058 220 3090 quot
235 3064 288 3082 no-

158 3097 285 3124 minibus

150 3139 280 3164 vocetur.

292 309 370 347 262

293 391 551 440 castimonia,
573 390 686 431 unde
705 391 786 432 11οο
808 396 818 417 ¹
844 406 853 432 ε
882 406 902 430 <i
920 391 1087 440 Anima,
1110 401 1206 443 quae
1224 389 1320 429 teti-

293 462 403 514 gerit
419 462 651 509 mortuum,
673 460 896 501 immunda
911 461 1002 502 erit.
1022 474 1040 497 n
1068 459 1136 501 Sic
1153 459 1205 500 ad
1222 459 1317 509 hoc,

292 534 340 572 ut
359 542 456 572 caro
479 530 641 571 munda
670 531 748 579 sit,
771 541 917 571 omnes
947 541 1096 570 sensus
1116 529 1321 569 debemus

293 600 616 650 circumcidere;
647 601 760 641 unde
792 600 1019 652 Apostolus
1050 600 1063 621 ²
1102 613 1110 638 :
1157 614 1175 636 (ι
1207 598 1322 639 Sicut

293 671 548 712 exhibuistis
569 671 761 712 membra
784 674 924 711 vestra
948 669 1107 710 servire
1132 669 1320 710 immun-

294 742 424 792 ditiae,
440 756 458 779 n
484 745 564 783 etc.

348 815 413 852 11.
446 813 623 855 Laetettcr
647 820 716 853 cor
743 820 901 859 meum,
931 813 979 851 ut
1006 810 1155 852 timeat
1174 819 1324 851 nomen

203 906 219 923 r
247 897 272 923 i-
296 886 430 925 tuum.
464 882 510 922 Iu
542 880 788 934 poeuitentia
814 879 894 920 tria
925 882 1023 920 sunt
1052 879 1289 920 necessaria
1312 893 1320 919 :

297 952 588 1004 compunctio,
635 950 867 999 confessio,
911 949 1146 990 satisfactio.
1202 948 1324 989 Com-

204 1029 230 1047 a·
298 1022 467 1074 punctio
483 1021 646 1070 turbat3
670 1020 872 1061 confessio
887 1022 1077 1069 accusat3
1101 1019 1325 1060 satisfactio

297 1093 515 1134 confortat.
557 1090 828 1144 Compunctio
874 1093 1089 1143 apostema
1134 1089 1292 1142 pungit
1314 1104 1322 1139 ;

296 1162 501 1204 consessio
533 1160 695 1202 saniem
730 1160 925 1212 expellit3
960 1159 1181 1200 satisfactio
1213 1163 1324 1200 cata-

296 1233 457 1286 plasma
494 1231 678 1284 apponit.
720 1230 995 1283 Compunctio
1027 1229 1141 1270 enim
1169 1229 1327 1270 vulnus

296 1302 486 1351 invenit;
519 1301 722 1342 confessio
758 1301 920 1352 aperit;
953 1299 1176 1340 satisfactio
1213 1299 1326 1339 sani-

296 1375 423 1413 tatem
445 1372 639 1412 restituit.
663 1371 1038 1424 Compunctionem
1061 1370 1144 1412 duo
1165 1373 1325 1421 creant,

298 1443 451 1484 scilicet
465 1454 575 1495 speS‚
591 1444 632 1482 et
645 1441 784 1482 timor.
801 1440 946 1482 Timor
961 1443 1023 1481 est
1036 1441 1321 1492 inchoativus,

297 1527 391 1568 spes
410 1513 700 1555 confortativa.
724 1512 831 1553 Nam
858 1513 1009 1563 timor,
1034 1516 1074 1554 et
1093 1525 1327 1554 nnmerum

299 1585 519 1638 culparum
562 1583 831 1633 examinans,
870 1587 911 1623 et
955 1584 1144 1635 rigorem
1177 1584 1330 1636 judicii

299 1655 537 1704 attendens,
569 1654 762 1694 animum
795 1653 973 1706 pungit,
1013 1655 1054 1694 ct
1092 1654 1326 1706 pungendo

299 1729 518 1779 peccatum
543 1725 729 1777 expellit.
764 1724 843 1765 Per
862 1724 1074 1776 timorem,
1100 1737 1328 1778 compunc-

301 1798 360 1838 tio
380 1798 625 1846 suscitatur3
650 1807 722 1849 per
748 1807 885 1848 spem,
909 1798 1064 1848 optatae
1090 1796 1332 1837 reconcilia-

301 1867 427 1908 tionis
463 1867 603 1919 gratia
637 1868 917 1919 promeretur.
955 1866 1013 1906 Dc
1049 1869 1229 1919 utroque
1263 1867 1332 1907 hic

302 1938 457 1979 dicitur
477 1937 491 1959 ³
514 1952 523 1977 :
548 1952 568 1975 «
587 1936 680 1978 Non
697 1936 874 1988 accipies
893 1935 984 1976 loco
999 1936 1192 1988 pignoris
1211 1948 1335 1988 supe-

303 2009 459 2049 riorem
478 2007 633 2048 molam
645 2039 655 2057 ,
679 2007 768 2048 sive
787 2006 1043 2056 inferiorem,
1063 2021 1081 2044 »
1107 2007 1174 2047 vel
1193 2019 1215 2048 e
1233 2019 1330 2047 con-

305 2090 451 2129 verso3
474 2078 517 2119 id
537 2080 613 2128 est,
630 2089 717 2119 non
734 2076 909 2117 habebis
927 2089 1045 2130 spem
1059 2078 1149 2118 sine
1167 2078 1333 2129 timore,

303 2150 372 2191 vel
392 2162 415 2191 e
432 2161 650 2190 converso.

359 2224 423 2262 14.
446 2222 575 2270 Deus,
601 2221 746 2272 iniqui
759 2221 1092 2262 insurreoeernnt
1109 2220 1336 2262 adversum

305 2302 381 2338 me,
403 2295 441 2333 et
460 2301 678 2344 synaqoqa
695 2292 933 2343 potentium
953 2293 1214 2344 quoesz'erunt
1237 2293 1337 2334 cmi-

306 2374 414 2404 mam
446 2373 596 2404 meam.
632 2362 710 2411 Qui
739 2364 907 2414 justum
940 2363 1204 2413 afflixerunt,
1238 2366 1338 2404 sunt

308 2444 395 2485 pra}
416 2445 464 2473 eo
483 2433 754 2484 potentiores,
777 2433 890 2473 unde
911 2447 919 2473 :
942 2434 1147 2485 Superme
1160 2445 1173 2485 3
1198 2434 1334 2484 multi,

306 2502 419 2542 unde
443 2517 450 2543 :
474 2503 527 2544 Et
543 2512 761 2555 synaqosla
779 2517 788 2552 3
808 2505 995 2555 potentes
1015 2503 1056 2543 id
1076 2506 1153 2550 est,
1176 2504 1339 2556 potissi-

308 2584 428 2612 mum
448 2573 490 2612 iu
513 2572 644 2613 Deum
666 2576 899 2625 peccantes,
921 2573 1034 2614 unde
1056 2574 1165 2616 :Non
1183 2584 1334 2627 propo-

307 2646 485 2684 suerunt
506 2647 542 2685 te
562 2644 609 2684 z'n
629 2647 853 2695 conspecta
873 2653 961 2685 suo.

445 2800 710 2846 PSALMUS
743 2802 922 2846 DAVID
956 2802 1196 2847 LXXXVI.

364 2926 402 2964 1.
431 2925 732 2968 Fundamenta
752 2926 843 2977 ejns
863 2927 912 2968 tn
934 2927 1144 2969 montibus
1160 2929 1335 2969 sanctis.

310 2994 490 3035 Ecclesia
511 2995 554 3034 in
572 2995 649 3035 hoc
670 2995 834 3037 Psalmo
849 3008 920 3036 sex
938 2997 1181 3037 nominibus
1192 2999 1336 3050 appel·

309 3065 437 3105 latur.
477 3064 584 3105 Nam
619 3065 771 3105 dicitur
811 3066 1158 3117 fundamentum,
1196 3078 1337 3119 mons,

312 3135 431 3185 Sion,
447 3138 611 3184 sancta,
624 3138 763 3185 porta,
778 3136 935 3177 civitas
950 3149 965 3174 .·
986 3137 1312 3187 fundamentum
1327 3171 1337 3188 ,

310 3205 590 3254 astabilitate3
613 3208 776 3253 sancta,
799 3218 823 3245 a
841 3206 1019 3255 virtute3
1037 3217 1180 3254 mons,
1202 3208 1253 3247 ab
1276 3208 1337 3249 al-

310 3276 488 3317 titudine
504 3290 514 3325 ;
532 3279 673 3328 porta,
696 3277 866 3328 propter
894 3277 1186 3327 securitatem3
1209 3279 1310 3320 Sion
1327 3310 1336 3327 ,

311 3351 481 3398 propter
500 3345 851 3398 speculationem,
874 3346 1045 3396 civitas,
1060 3348 1231 3398 propter
1251 3348 1338 3388 col-

357 3475 365 3495 ¹
385 3474 502 3514 LemL,
529 3482 646 3514 XXVII,
672 3475 724 3506 39.
747 3491 787 3497 —
811 3474 824 3495 ²
848 3474 949 3513 Rom„
978 3481 1032 3513 Vt,
1061 3476 1110 3505 19.
1129 3491 1167 3497 —-
1189 3475 1203 3497 ⁸
1230 3476 1341 3515 Dent„

313 3527 408 3559 xxiv,
430 3522 459 3551 G.
481 3537 520 3542 —
540 3521 552 3542 δ
572 3522 664 3561 Med„
688 3521 726 3552 (le
746 3520 907 3552 Scloemat.
927 3538 967 3543 —
987 3523 997 3539 ’ψ
1012 3521 1100 3552 I’sal.
1123 3530 1242 3562 cmm,
1269 3526 1336 3554 1555.

313 3583 351 3589 —
375 3567 383 3588 ¹
404 3566 490 3598 Psal.
513 3574 606 3606 xxm,
627 3570 656 3600 5.
672 3585 711 3591 —
731 3568 743 3589 ⁷
764 3568 854 3599 Psal.
875 3575 956 3607 XXV,
978 3570 1009 3599 5.

989 299 1258 343 EXPOSITIO
1288 300 1339 342 IN
1369 300 1718 343 PSALTERIUM.

1390 389 1625 432 lectionem.
1654 390 1812 431 Dicitur
1832 390 2163 441 fundamentum
2191 392 2418 433 inchoatio-

1391 472 1464 510 ne,
1486 471 1606 503 mons
1628 461 1674 500 in
1692 461 1775 502 viae
1792 460 2061 513 perfectione,
2085 464 2234 504 sancta
2257 461 2302 502 in
2315 474 2416 515 ope-

1392 542 1489 571 rum
1524 530 1878 584 superadditione.
1912 530 2012 572 Haec
2048 533 2191 572 autem
2225 531 2306 572 tria
2340 543 2415 573 no-

1394 600 1509 641 mina
1520 601 1778 642 conveniunt
1791 601 1985 642 Ecclesiae
1996 603 2202 654 quantum
2213 601 2266 641 ad
2279 603 2418 654 partes

1395 682 1491 724 quae
1504 671 1768 723 triumphant
1787 672 1832 711 in
1847 671 1962 712 coelis
1983 683 1994 712 ε
2011 683 2108 724 quae
2122 671 2275 712 dicitur
2292 675 2420 724 porta

1396 741 1439 781 111
1465 741 1580 782 aditu
1617 741 1766 792 regni,
1798 741 1898 782 Sion
1931 741 1982 794 (a)
2015 741 2059 782 in
2094 741 2291 783 fruitione
2320 741 2416 792 Dei,

1394 812 1549 853 civitas
1568 823 1641 864 pro
1661 811 1772 852 bono
1791 811 2014 864 multiplici
2030 826 2040 862 ;
2062 812 2215 853 dicitur
2230 815 2356 864 porta
2374 813 2419 853 in

1396 883 1511 924 obitu
1533 883 1695 934 mortis,
1716 882 1816 924 Sion
1839 883 1886 936 (b)
1909 882 1954 923 in
1970 882 2255 936 speculatione
2269 883 2421 925 divini-

1396 953 1513 1001 tatis,
1535 953 1692 996 civitas
1713 965 1789 1005 pro
1815 952 2084 995 multitudine
2109 953 2305 1005 unionis,
2331 953 2421 996 sive

1397 1036 1474 1076 pro
1493 1023 1649 1065 unione
1668 1024 1968 1065 multitudinis,
1993 1024 2135 1065 Prima
2150 1024 2233 1064 tria
2248 1023 2422 1065 nomina

1397 1095 1619 1147 designant
1643 1098 1728 1136 tres
1746 1097 1877 1136 status
1907 1095 2103 1136 Ecclesiae
2119 1127 2129 1146 ‚
2154 1095 2310 1136 scilicet
2327 1097 2423 1136 ante

1398 1169 1554 1220 legem,
1574 1168 1778 1221 sublege,
1800 1168 1878 1209 sub
1899 1169 2051 1220 gratia.
2073 1167 2205 1209 Nota:
2221 1168 2424 1221 prolepsis

1399 1241 1461 1280 est
1477 1239 1798 1292 praeoccupatio,
1821 1240 1990 1292 quando
2012 1251 2109 1292 quae
2129 1239 2249 1292 sequi
2271 1239 2426 1280 debent

1400 1322 1488 1363 prae
1494 1312 1725 1363 ponuntur,
1741 1313 1789 1351 ut
1801 1310 1900 1351 dicit
1918 1310 2029 1351 Beda
2041 1311 2070 1362 ¹⁰,
2083 1313 2132 1351 ut
2149 1310 2218 1351 1110
2233 1325 2242 1351 :
2257 1309 2426 1352 Funda-

1401 1384 1539 1423 menta
1559 1381 1651 1433 ejus
1676 1381 1726 1422 in
1758 1380 1967 1423 montibus
1994 1381 2178 1431 sanctis,
2207 1382 2286 1421 etc.
2318 1380 2426 1421 Nam

1401 1452 1632 1504 praeposuit
1644 1451 1713 1492 hic
1728 1463 1976 1504 pronomen,
1999 1451 2105 1503 ejus,
2124 1453 2165 1492 et
2183 1453 2276 1503 post
2292 1450 2422 1492 dixit:

1403 1523 1627 1565 Dominus.

1456 1597 1494 1633 4.
1543 1594 1644 1635 Ecce
1686 1593 1939 1646 ulientqenoe
1981 1598 2019 1635 et
2061 1593 2212 1646 Tyrus.
2259 1593 2397 1646 Tyrus
2413 1624 2426 1645 ,

1403 1664 1601 1715 angustia
1638 1664 1912 1716 poenitentiae.
1945 1663 2051 1705 Nota
2078 1678 2088 1704 z
2127 1663 2202 1716 qui
2230 1663 2427 1716 poenitet,

1405 1734 1541 1785 primo
1558 1734 1681 1774 debet
1700 1734 1878 1786 peccatis
1897 1734 2210 1784 abrenuntiare,
2228 1733 2384 1774 scilicet
2405 1745 2430 1774 a

1406 1804 1517 1844 malo
1553 1804 1761 1845 declinare
1797 1805 2009 1845 vanitatis,
2050 1804 2107 1845 De
2145 1803 2327 1845 secundo
2363 1804 2378 1826 ⁵
2415 1818 2426 1844 ε

1411 1874 1720 1927 «iniquitatem
1758 1875 1853 1916 odio
1883 1875 2029 1916 habui.
2070 1889 2090 1912 1)
2133 1874 2189 1915 De
2222 1873 2347 1915 tertio
2381 1874 2428 1914 ⁶:

1412 1959 1431 1982 «
1466 1944 1587 1985 Odivi
1632 1944 1849 1986 ecclesiam
1904 1946 2250 1999 malignantium.
2301 1959 2321 1983 n
2376 1944 2433 1986 De

1407 2019 1557 2071 quarto
1573 2022 1586 2043 ⁷
1607 2031 1616 2058 :
1642 2033 1661 2055 «
1680 2017 1848 2059 Etcum
1869 2019 2009 2072 impiis
2028 2031 2116 2060 non
2136 2019 2304 2061 sedebo.
2328 2033 2347 2057 n

1535 2154 1799 2200 PSALMUS
1832 2155 2010 2200 DAVlD
2042 2154 2306 2200 LXXXVII.

1464 2286 1503 2322 2.
1527 2283 1726 2332 Domine,
1750 2283 1864 2323 Deus
1885 2282 2040 2324 salutis
2071 2292 2186 2323 meoe.
2209 2281 2433 2332 Maheleth,

1410 2352 1461 2392 (10
1480 2364 1565 2404 quo
1584 2352 1653 2392 hic
1671 2353 1719 2392 fit
1740 2352 1913 2402 mentio,
1932 2352 2231 2404 interpretatur
2250 2351 2433 2401 Chorus,

1411 2423 1524 2475 quod
1544 2422 1712 2475 proprie
1731 2424 1793 2462 est
1816 2422 2038 2463 concordia
2055 2422 2346 2462 humanarum
2364 2433 2436 2463 vo-

1411 2505 1508 2533 cum
1532 2507 1541 2533 :
1566 2493 1809 2533 translative
1829 2492 1958 2533 etiam
1979 2492 2131 2532 dicitur
2150 2491 2334 2543 Chorus,
2358 2492 2435 2533 ubi

1413 2567 1669 2618 praecentore
1684 2565 1924 2618 incipiente,
1947 2564 2018 2605 alii
2037 2564 2306 2616 respondent,
2326 2564 2437 2605 etsie

1412 2636 1621 2676 credimus
1641 2647 1786 2676 omncs
1807 2637 1946 2687 patres
1964 2634 2093 2675 fuisse
2112 2636 2318 2675 cantores.
2340 2634 2437 2676 Ideo

1413 2707 1457 2746 in
1478 2707 1594 2747 omni
1616 2706 1770 2747 Psalmi
1790 2706 1911 2746 titulo
1930 2705 2066 2758 potuit
2081 2704 2180 2757 poni
2199 2704 2436 2748 Malteleth:

1413 2778 1483 2818 sed
1503 2778 1630 2819 semel
1651 2778 1856 2830 positum,
1879 2776 2036 2828 ubique
2056 2775 2240 2828 potuisse
2258 2776 2359 2829 poni
2377 2776 2438 2817 in-

1412 2848 1642 2900 telligatur.

1468 2923 1504 2960 3.
1537 2920 1667 2962 Intret
1685 2921 1735 2962 in
1755 2924 1974 2972 conspectu
1993 2924 2065 2964 tuo
2089 2922 2226 2964 oratio
2245 2931 2352 2963 mea.
2374 2920 2438 2961 Ad

1413 2991 1493 3030 hoc
1512 2991 1623 3043 quod
1649 2991 1800 3044 aliquis
1820 2991 2041 3042 audiatur,
2063 2994 2225 3044 oportet
2247 2992 2358 3045 quod
2378 2991 2438 3032 ibi

1414 3060 1465 3099 sit
1479 3060 1723 3112 simplicitas
1735 3075 1744 3110 ;
1762 3063 1883 3113 quus
1904 3062 1988 3102 duo
2008 3065 2107 3102 sunt
2126 3073 2299 3114 genera,
2320 3061 2438 3102 inno-

1414 3131 1562 3181 centia,
1591 3133 1632 3171 et
1651 3131 1870 3172 rectitudo.
1903 3131 2004 3172 Duae
2024 3132 2138 3172 enim
2161 3134 2260 3173 sunt
2278 3131 2437 3184 species

1413 3202 1662 3242 innocentiae
1692 3216 1701 3242 :
1734 3202 1870 3254 prima
1900 3205 1962 3242 est
1988 3213 2074 3242 non
2098 3213 2248 3243 nocere
2266 3202 2329 3252 01,
2363 3213 2438 3253 qul

1414 3284 1499 3312 non
1519 3271 1663 3312 nocuit
1682 3271 1779 3320 tibi3
1802 3273 1999 3321 secunda,
2023 3284 2109 3312 non
2128 3283 2278 3312 nocere
2293 3271 2345 3322 ei,
2361 3271 2437 3324 qui

1414 3343 1572 3383 nocuit.
1604 3342 1705 3383 Tres
1724 3345 1822 3382 sunt
1841 3343 1998 3394 species
2025 3341 2304 3392 rectitudinis,
2326 3340 2435 3381 scili-

1415 3415 1479 3453 cet
1505 3413 1678 3454 reddere
1703 3412 1801 3462 tibi,
1824 3412 1938 3464 quod
1961 3414 2084 3452 tuum
2104 3412 2188 3461 est3
2221 3410 2434 3464 proximo,

1459 3568 1502 3606 (α’)
1521 3568 1609 3599 Edit.
1640 3568 1715 3599 Ven.
1736 3567 1832 3599 sicut.
1850 3582 1889 3590 —
1913 3566 1957 3606 (ὁ)
1981 3567 2071 3598 Item.

2469 1319 2586 1354 Prolep-

2444 1368 2498 1388 sis.

2479 1605 2586 1639 Tyrus.

2489 2296 2592 2325 Maho-

2454 2338 2525 2365 leth.

2488 3139 2574 3164 luno-

2425 3201 2434 3209 ,
2478 3177 2580 3205 centias

2456 3218 2578 3254 species.
