2633 3878
1090 168 1334 211 PSALMUS
1365 169 1536 211 CXVIII.

247 263 340 302 dicit
360 265 370 288 ¹
395 276 404 301 :
431 276 449 298 «
467 264 683 300 Generosos
703 261 857 298 animos
877 259 993 296 labor
1012 258 1144 296 nutrit.
1177 273 1194 292 »
1226 260 1276 295 De

244 326 389 375 primo,
415 325 486 362 ubi
506 323 647 361 dicitur
667 323 715 360 de
740 322 864 369 impio
885 322 898 343 ²
919 333 928 358 ε
954 335 972 355 «
991 320 1165 358 Terrebit
1185 331 1277 357 eum

244 389 443 426 tribulatio
448 415 459 434 ,
474 390 510 424 et
524 385 701 433 angustia
714 383 877 422 vallabit
890 394 995 430 eum,
1014 383 1113 419 sicut
1126 393 1274 429 regem,

243 452 312 500 qui
330 451 572 498 praeparatur
593 447 644 484 ad
663 446 843 495 praelium
861 458 870 482 ε
894 459 910 479 »
935 445 998 482 hie
1017 445 1218 482 tribulatio
1241 448 1276 482 ct

243 512 421 560 angustia
438 511 646 555 toleratur,
679 509 749 545 sed
782 507 953 545 tolerans
983 511 1201 555 superatur.
1225 509 1274 543 De

241 575 416 612 secundo
437 574 451 596 ³
482 585 491 609 ;
523 587 540 605 α
572 571 664 616 Quis
695 570 894 618 separabit
928 580 1001 606 nos
1036 580 1060 606 a
1091 569 1274 606 charitate

240 635 379 675 Christi
393 636 410 671 ‘t
430 633 652 680 tribulatio‚·
670 643 720 669 an
732 632 936 679 angustia?
951 645 969 666 »
988 634 1060 668 etc.
1077 631 1141 668 Hic
1154 631 1276 668 tribu-

239 699 334 737 latio
371 700 407 735 et
439 694 620 744 angustia
653 695 854 740 toleratur,
888 694 958 730 sed
990 694 1162 731 tolerans
1192 704 1274 731 non

241 763 447 808 superatur
461 788 472 806 ,
509 758 701 807 quoniam
739 768 761 794 a
800 757 984 794 charitate
1018 758 1157 794 Christi
1192 768 1274 795 non

239 826 455 871 separatur.
478 824 528 858 De
547 822 660 858 tertio
679 822 692 844 '⁴
715 832 724 857 z
751 833 769 855 «
787 820 916 857 Mittite
943 820 1073 857 virum
1092 821 1209 858 istum
1233 821 1274 857 in

240 895 452 929 carcerem,
473 886 510 921 et
528 885 737 921 sustentate
753 894 844 919 eum
865 893 967 930 pane
987 882 1272 928 tribulationis,

239 951 276 985 et
296 958 402 995 aqua
428 946 615 993 angustiae
647 958 655 982 :
678 958 696 980 »
723 945 788 981 hic
807 945 1007 982 tribulatio
1029 948 1065 982 et
1093 945 1273 992 angastia

236 1010 444 1054 toleratur,
465 1012 502 1046 et
520 1008 691 1045 tolerans
710 1018 791 1045 non
812 1009 1032 1055 superatur,
1055 1007 1123 1044 sed
1142 1007 1272 1056 potius

237 1074 484 1110 sustentatur.

555 1170 745 1205 Articulus
765 1168 951 1205 secundus.

283 1259 507 1297 Secundum
545 1258 802 1304 subnotatur,
841 1268 930 1294 cum
969 1257 1228 1294 subscribitur
1260 1270 1268 1294 :

234 1325 447 1361 Invenerunt
467 1332 518 1358 me
528 1349 540 1367 ,
562 1320 674 1369 quasi
693 1330 774 1357 non
792 1320 1053 1365 dubitantem,
1072 1330 1154 1356 non
1175 1320 1268 1357 dor-

234 1386 464 1429 mitantem,
502 1383 571 1420 sed
601 1385 756 1419 strenue
793 1382 1043 1419 militantem.
1076 1385 1119 1419 Et
1155 1385 1269 1430 nota,

234 1448 346 1497 quod
365 1446 526 1484 tentatio
559 1433 708 1481 invenit
734 1445 962 1490 hominem,
992 1445 1057 1481 vel
1083 1445 1270 1483 Dominus

232 1521 303 1558 per
324 1508 578 1546 tentationem
603 1507 802 1544 interdum
822 1509 1039 1552 errantem,
1069 1508 1268 1544 interdum

232 1571 515 1616 dormientem,
538 1570 739 1607 interdum
764 1569 1019 1615 vigilantem:
1044 1573 1174 1606 errant
1191 1570 1267 1606 im-

231 1633 410 1683 providi,
444 1632 646 1670 dormiunt
669 1631 860 1678 invalidi,
891 1631 1057 1678 vigilant
1088 1632 1264 1669 virtuosi.

230 1697 404 1735 Primum
422 1696 613 1743 figuratur
633 1695 645 1717 5
674 1707 682 1731 :
708 1708 726 1729 (ι
753 1694 904 1731 Invenit
932 1705 1024 1731 eum
1046 1694 1106 1731 vir
1134 1705 1265 1731 erran-

230 1763 310 1796 tem
329 1759 371 1795 in
398 1769 516 1805 agro,
544 1771 562 1793 »
589 1757 660 1794 ubi
684 1759 844 1794 notatur
870 1757 1044 1793 inventio
1077 1757 1266 1804 cujusque

231 1821 395 1858 errantis
422 1831 494 1869 per
519 1818 841 1867 imprudentiam.
877 1819 1102 1856 Secundum
1134 1819 1265 1866 signa-

229 1886 291 1921 tur
319 1885 363 1920 ⁶:
401 1895 418 1918 κ
446 1882 569 1929 Venit,
605 1884 640 1918 et
670 1881 820 1918 invenit
851 1892 918 1918 eos
949 1881 1190 1918 dormientes
1201 1894 1212 1928 3
1243 1894 1261 1917 »

229 1946 298 1983 ubi
329 1946 487 1982 notatur
515 1944 687 1981 inventio
724 1943 1004 1980 dormientium
1030 1954 1101 1991 per
1128 1943 1264 1981 incon-

229 2008 424 2045 stantiam.
451 2002 621 2043 Tertium
646 2005 866 2042 insinuatur
896 2007 910 2029 ⁷
937 2018 945 2043 :
978 2019 996 2041 <‹
1029 2007 1132 2043 Beati
1161 2008 1264 2044 servi

227 2070 301 2117 illi,
318 2080 419 2118 quos
439 2080 529 2106 cum
548 2068 699 2105 venerit
717 2068 904 2105 Dominus
916 2097 928 2115 ,
949 2069 1143 2106 invenerit
1162 2069 1262 2116 vigi-

227 2133 376 2169 lantes:
398 2145 415 2167 »
439 2131 510 2168 ubi
535 2133 692 2168 notatur
721 2130 896 2168 inventio
921 2130 1171 2178 vigilantium
1191 2142 1263 2179 per

227 2195 442 2233 virtuosam
462 2193 685 2232 tentationis
707 2192 926 2231 victoriam.

566 2300 757 2336 Articulus
785 2301 927 2335 tertius.

274 2383 443 2420 Tertium
463 2383 710 2427 connotatur,
732 2391 823 2417 cum
841 2380 1023 2418 scribitur
1045 2393 1053 2417 :
1079 2383 1261 2419 Mandata

227 2449 303 2482 tua.
323 2447 418 2482 Ecce
446 2444 617 2491 gratiosa
637 2442 962 2480 considerationis
989 2443 1164 2481 materia.
1186 2446 1259 2481 Nec

226 2508 331 2545 enim
350 2507 432 2544 sine
453 2506 628 2543 maxima
657 2505 782 2552 gratia
801 2505 918 2542 nobis
937 2506 1260 2545 recommendata

225 2572 315 2607 sunt
342 2570 425 2606 haec
444 2568 645 2605 mandata.
668 2569 712 2604 Et
737 2569 851 2614 nota,
874 2568 983 2615 quod
1004 2568 1044 2604 in
1063 2568 1259 2606 mandatis

224 2635 390 2683 possunt
411 2630 653 2669 considerari
683 2630 756 2667 tria
767 2643 778 2677 3
800 2630 980 2668 videlicet
999 2630 1135 2668 divina
1153 2633 1256 2668 noti-

225 2696 290 2741 tia,
312 2694 593 2740 coambulatio,
617 2695 654 2729 et
677 2693 988 2740 commanentia,
1020 2693 1136 2741 quia,
1164 2696 1257 2731 teste

223 2759 340 2796 beato
359 2759 528 2803 Joanne,
547 2756 576 2792 si
599 2755 788 2792 mandata
808 2766 1023 2802 servemus,
1047 2756 1257 2793 Dominum

223 2819 513 2867 cognoscimus,
534 2817 699 2855 Domino
718 2817 1020 2855 coambulamus
1034 2820 1070 2855 et
1088 2819 1255 2857 Domino

224 2891 536 2919 commanemus
567 2881 618 2916 De
646 2880 777 2927 primo
804 2879 818 2900 ⁸
855 2889 863 2914 ε
902 2892 919 2914 «
939 2883 980 2918 In
1007 2880 1084 2916 hoc
1113 2881 1256 2918 scimus

224 2943 415 2992 quoniam
441 2942 716 2989 cognoscimus
749 2953 866 2988 eum,
888 2942 919 2978 si
950 2942 1139 2980 mandata
1172 2944 1256 2990 eJus

223 3016 422 3043 servemus
434 3018 444 3051 ;
479 3018 497 3040 »
536 3015 624 3042 ecce
654 3004 785 3052 prima
816 3004 1098 3041 mandatorum
1132 3006 1254 3043 conti-

222 3067 369 3114 nentia,
391 3066 538 3103 scilicet
554 3067 621 3103 Dei
639 3066 789 3103 notitia.
806 3068 857 3103 De
877 3066 1051 3103 secundo
1066 3068 1080 3090 ⁹
1103 3079 1111 3104 ε
1137 3081 1155 3102 «
1169 3070 1255 3106 Haec

223 3131 280 3168 est
296 3129 475 3174 charitas,
496 3131 539 3165 ut
558 3128 810 3165 ambulemus
829 3128 1048 3165 secundum
1067 3130 1256 3169 mandata

223 3192 306 3240 ers
328 3203 336 3228 ε
358 3205 376 3227 >›
408 3201 498 3228 ecce
524 3190 806 3227 mandatorum
825 3190 1086 3237 continentia,
1109 3192 1256 3230 scilicet

222 3252 506 3291 coambulandi
533 3253 672 3300 gratia.
693 3254 744 3289 De
763 3252 876 3290 tertio
903 3253 931 3276 ¹⁰
964 3265 973 3288 ε
999 3265 1017 3287 <‹
1037 3253 1109 3298 Qui
1129 3258 1256 3293 servat

266 3352 274 3370 ¹
297 3351 433 3392 Senec„
451 3351 562 3392 Epist.
583 3358 681 3383 xxxi.
701 3366 742 3374 —-
769 3352 783 3373 ²
803 3351 880 3393 Joh,
900 3359 958 3391 xV,
980 3353 1031 3385 24.
1052 3356 1092 3376 —'
1114 3352 1128 3374 ³
1146 3353 1252 3396 Rom„

223 3404 298 3437 vni,
319 3400 371 3430 35.
391 3415 432 3423 —
451 3399 462 3417 ⁴
485 3399 526 3430 111
547 3399 639 3440 Κεφ,
660 3406 748 3440 xxii,
773 3401 826 3432 27.
840 3416 880 3423 —
899 3399 910 3418 ⁵
930 3399 1023 3437 Gen..
1045 3407 1179 3442 xxxvii,
1202 3404 1253 3434 15.

226 3463 262 3469 ·-
282 3445 294 3465 ⁶
311 3445 430 3488 Marc„
446 3453 518 3487 xw,
539 3447 590 3480 37.
607 3465 645 3471 —
662 3446 676 3468 ‘¹
695 3446 772 3488 Luc,
791 3453 854 3487 ΧΠ,
879 3447 929 3480 37.
950 3464 990 3471 —
1018 3448 1029 3466 ⁸
1055 3448 1063 3479 l
1083 3448 1192 3490 Joan„
1214 3457 1253 3491 11,

2307 174 2378 213 501

1351 258 1538 295 mandata
1564 259 1669 304 ejus,
1694 260 1734 296 in
1759 261 1828 298 illo
1855 264 2005 307 manet,
2033 262 2070 298 ct
2098 260 2181 309 ipse
2203 260 2244 296 in
2264 270 2311 297 eo
2331 272 2340 297 ;
2362 273 2380 294 »

1351 331 1438 357 ecce
1476 321 1587 357 tertia
1623 322 1903 360 mandatorum
1941 323 2200 369 continentia,
2238 321 2384 360 scilicet

1350 383 1652 420 commanentia.

1675 485 1863 521 Articulus
1891 489 2060 531 quartus.

1396 571 1584 613 Quartum
1595 572 1836 618 praenotatur
1846 571 1909 618 (a),
1919 581 2010 608 cum
2024 571 2277 618 perscribitur
2290 583 2298 609 :
2308 574 2349 609 M
2350 583 2383 610 e-

1349 631 1482 667 άῑίαιίο
1508 642 1584 667 men
1605 635 1667 668 est.
1690 632 1760 669 Ubi
1781 633 1984 670 meditatio
2002 661 2013 679 ,
2033 633 2089 670 ibi
2103 634 2380 681 frequentatio.

1347 694 1389 729 ln
1426 693 1615 730 mandato
1656 694 1927 742 frequentatur
1965 695 2226 734 consideratio
2248 710 2259 741 ,·
2291 696 2384 744 quia

1347 755 1440 792 talia
1462 766 1542 792 non
1566 758 1716 792 tantum
1737 759 1826 794 sunt
1846 758 2079 805 operabilia,
2100 759 2170 795 sed
2196 762 2232 796 et
2251 769 2382 796 remu-

1347 817 1563 862 nerabilia;
1582 819 1787 865 operanda
1805 830 1876 867 per
1897 821 2078 867 gratiam,
2092 821 2384 859 remuneranda

1345 890 1417 928 per
1444 881 1625 927 gloriam.
1656 881 1836 918 Mandata
1855 882 1973 928 igitur
1993 883 2194 920 meditatio
2227 883 2383 930 dicitur,

1346 942 1440 989 quia
1461 942 1510 978 de
1531 942 1858 980 consideratione·
1872 944 2110 991 operationis
2130 944 2183 981 ad
2203 945 2384 982 conside-

1345 1004 1540 1041 rationem
1560 1006 1889 1043 remunerationis
1909 1006 2078 1044 venitur.
2097 1008 2125 1044 Ο
2144 1006 2237 1044 felix
2257 1007 2383 1044 medi-

1343 1066 1462 1111 tatio,
1492 1066 1594 1103 intus
1620 1067 1783 1114 ardens,
1811 1068 1905 1104 foris
1929 1068 2089 1115 lucens,
2120 1080 2275 1106 sursum
2308 1070 2383 1106 du-

1345 1139 1450 1173 cens,
1460 1139 1581 1176 quam
1593 1129 1781 1177 amando,
1790 1130 1950 1167 interius
1966 1130 2195 1179 inardescit3
2212 1133 2380 1179 orando,

1343 1190 1559 1227 forinsecus
1585 1191 1790 1239 elucescit3
1826 1193 2089 1240 suspirando,
2110 1205 2197 1241 quae
2226 1205 2380 1232 sursum

1344 1255 1433 1289 sunt
1453 1254 1706 1301 concupiscit.
1729 1256 1779 1291 De
1799 1254 1930 1302 primo
1952 1257 1981 1279 ¹1
2006 1267 2044 1292 :«
2064 1258 2106 1293 ln
2125 1256 2379 1294 meditatione

1342 1327 1432 1354 mea
1469 1317 1697 1355 exardescet
1733 1318 1859 1365 ignis3
1881 1332 1898 1354 »
1932 1330 2019 1356 ecce
2045 1319 2248 1356 meditatio
2276 1320 2380 1358 intus

1344 1381 1499 1418 ardens.
1532 1384 1583 1418 De
1616 1382 1790 1419 secundo
1824 1383 2019 1431 Propheta
2049 1383 2181 1431 psallit
2212 1382 2267 1420 12ε
2297 1398 2315 1420 t<
2335 1388 2380 1423 Et

1343 1446 1477 1490 erunt,
1513 1446 1555 1480 ut
1594 1444 1865 1492 complaceant
1900 1444 2059 1492 eloquia
2097 1446 2175 1482 oris
2208 1446 2306 1493 mei,
2342 1450 2379 1484 et

1344 1506 1546 1542 meditatio
1562 1506 1691 1543 cordis
1709 1507 1787 1543 mei
1800 1507 1840 1543 in
1855 1510 2067 1555 conspectu
2083 1510 2151 1544 tuo
2166 1519 2339 1556 semper:
2357 1523 2374 1544 »

1343 1579 1430 1604 ecce
1450 1568 1654 1605 meditatio
1683 1569 1777 1605 foris
1808 1570 1955 1606 lucens.
1985 1573 2036 1607 De
2066 1570 2176 1607 tertio
2210 1571 2376 1608 eximius

1343 1630 1542 1667 citharista
1555 1631 1582 1652 ¹³³
1596 1643 1630 1666 z«
1645 1631 1861 1679 Concupivi
1876 1632 2043 1669 salutare
2055 1634 2181 1679 tuum,
2197 1633 2373 1680 Domine,

1342 1696 1378 1730 et
1400 1693 1464 1730 lex
1483 1696 1549 1730 tua
1568 1693 1771 1731 meditatio
1794 1704 1884 1731 mea
1911 1697 1992 1732 est:
2022 1709 2040 1731 »
2064 1706 2153 1732 ecce
2172 1695 2374 1732 meditatio

1341 1766 1498 1792 sursum
1516 1756 1677 1793 ducens.

1771 1860 1942 1902 Epilogus

1386 1945 1445 1982 Ait
1465 1955 1557 1992 ergo
1586 1944 1781 1992 Propheta
1805 1943 1845 1980 in
1866 1944 2013 1982 militiae
2032 1949 2259 1984 memoratae
2283 1959 2374 1996 per-

1338 2019 1436 2047 sona
1470 2021 1478 2045 :
1523 2009 1723 2044 Trtaulatz'o
1768 2012 1799 2044 et
1849 2011 2020 2055 anqustz'a
2034 2038 2046 2056 ,
2085 2013 2277 2058 quantum
2321 2010 2373 2048 ad

1337 2071 1544 2116 malitiam,
1574 2081 1661 2118 quae
1686 2071 1875 2108 toleratur
1888 2084 1898 2117 3
1920 2073 2133 2108 Invenerunt
2156 2084 2225 2120 me,
2245 2084 2372 2122 quan-

1337 2137 1420 2171 tum
1441 2134 1493 2171 ad
1513 2133 1769 2182 sapientiam,
1791 2144 1861 2182 per
1879 2145 2001 2181 quam
2020 2139 2244 2182 superatur,
2266 2138 2371 2173 Man-

1337 2198 1426 2233 data
1448 2201 1534 2242 tua,
1555 2198 1750 2244 quantum
1782 2196 1834 2233 ad
1864 2196 2029 2243 gratiam
2043 2225 2054 2243 ,
2076 2208 2163 2245 quaa
2191 2198 2371 2236 conside-

1335 2262 1465 2306 ratur,
1495 2260 1688 2296 ilIedc‘catio
1713 2270 1791 2295 mea
1813 2262 1879 2305 est,
1900 2262 2094 2307 quantum
2114 2260 2166 2297 ad
2184 2261 2367 2309 gloriam,

1337 2333 1425 2370 quaa
1443 2324 1661 2370 superatur.

1692 2430 1915 2459 VERSICULUS
1940 2433 2022 2459 XVI.

1382 2507 1464 2542 144.
1486 2506 1650 2552 AEquz'tas
1674 2506 1880 2541 testimonia
1910 2509 1991 2551 tua,
2026 2508 2097 2543 etc.
2137 2507 2368 2547 patientium

1335 2567 1632 2605 coronationem
1652 2567 1831 2614 superius
1846 2567 2070 2606 audivimus
2078 2581 2089 2615 3
2113 2573 2306 2618 superest,
2327 2575 2369 2609 ut

1335 2629 1708 2667 condemnationem
1733 2629 2021 2676 impatientium
2046 2631 2267 2670 audiamus.
2290 2634 2368 2671 Cir·

1334 2703 1379 2730 ca
1398 2694 1629 2740 praesentem
1645 2691 2018 2738 contemplationem
2037 2693 2367 2743 Psalmographus

1333 2766 1453 2803 supra
1472 2766 1512 2792 se
1530 2754 1772 2799 sublevatuS,
1794 2754 1938 2792 vidisse
1953 2755 2111 2792 videtur
2127 2758 2364 2806 aequitatem,

1333 2821 1370 2856 et
1390 2818 1488 2855 duas
1509 2818 1593 2865 ejus
1618 2816 1766 2863 socias,
1791 2828 1880 2865 quae
1898 2820 1988 2855 sunt
2006 2819 2173 2867 veritas,
2195 2823 2232 2858 et
2256 2831 2365 2858 seve-

1330 2881 1453 2918 ritas:
1489 2890 1658 2928 quarum
1686 2878 1795 2926 prior
1826 2882 1882 2916 est
1914 2880 2138 2928 aequitatem
2166 2882 2362 2931 dirigens,

1330 2943 1524 2992 posterior
1562 2942 1746 2979 eamdem
1780 2952 1992 2990 exequens.
2024 2945 2170 2982 Veritas
2201 2946 2364 2993 quidem

1331 3006 1467 3043 divina
1487 3004 1730 3050 testimonia,
1750 3006 1940 3052 tanquam
1962 3005 2053 3052 jura
2072 3006 2242 3044 coelestia
2261 3007 2363 3046 circa

1329 3078 1490 3106 reorum
1516 3066 1710 3115 supplicia
1730 3066 1942 3113 indicabat,
1968 3067 2229 3115 testificando,
2251 3069 2362 3116 quod

1329 3133 1480 3168 aeternae
1502 3129 1599 3176 legis
1615 3127 1883 3176 praevaricatio
1898 3156 1912 3175 ,
1933 3131 1970 3166 et
1994 3130 2127 3166 aeterni
2146 3131 2249 3178 regis
2268 3142 2364 3179 prae-

1326 3191 1518 3240 judicatio
1557 3191 1703 3228 debent
1729 3193 1873 3227 aeterno
1917 3190 2108 3229 vindicari
2149 3193 2360 3240 supplicio.

1330 3255 1434 3293 Sicut
1451 3255 1583 3291 autem
1601 3252 1740 3290 veritas
1761 3252 1963 3290 indicabat
1973 3281 1986 3300 ,
2004 3253 2059 3290 sic
2077 3254 2240 3302 aequitas
2256 3255 2362 3302 judi-

1331 3340 1361 3371 3.
1382 3355 1424 3363 -—
1445 3339 1457 3357 ⁴³
1479 3338 1504 3369 ll
1528 3337 1636 3376 Joan.,
1660 3337 1691 3366 6.
1714 3351 1750 3358 —-·
1774 3335 1800 3357 ¹⁰
1820 3336 1829 3366 l
1853 3336 1961 3377 Joan.‚
1991 3343 2051 3377 111,
2070 3337 2122 3370 24.
2148 3355 2189 3361 —
2215 3338 2238 3360 ¹¹
2265 3339 2362 3372 Psal.

1331 3393 1479 3424 xxxviii,
1501 3386 1532 3416 4.
1548 3398 1589 3405 —-
1613 3383 1638 3404 ²2
1657 3381 1748 3414 Psal.
1768 3389 1868 3421 xvul,
1891 3385 1942 3415 15.
1959 3400 1999 3406 —
2023 3383 2048 3406 ¹³
2065 3383 2162 3417 Psal.
2181 3384 2266 3430 hoc,
2290 3387 2359 3422 174.

1375 3447 1418 3490 (a)
1439 3445 1531 3480 Edit.
1559 3445 1634 3478 Ven.
1655 3445 1863 3485 pernotatur.
