2633 3878
163 1213 258 1240 portio

143 1258 240 1281 tmstm

145 1297 158 1321 ,¹
182 1297 186 1316 ἶ
232 1305 257 1322 „S
280 1263 427 1303 bemus
456 1264 617 1314 partem
643 1271 915 1301 communem

286 251 363 289 304

283 335 494 378 reminisci
526 347 536 385 ;
576 335 894 383 miserrimum,
938 346 1010 386 per
1056 330 1312 373 recordatio-

283 419 380 448 nem
404 407 456 458 (a)
477 405 536 446 eis
556 404 765 445 delectari.

336 481 400 518 57.
426 477 570 520 Porcio
597 486 706 526 mea,
738 476 941 526 Domine,
971 476 1074 528 quia
1101 472 1315 516 custodivi

282 551 331 603 (b)
352 551 480 604 leyem
504 548 722 592 {216171.Vel
745 562 753 588 ι
778 547 989 589 Custcdivi
1008 548 1147 599 legem
1168 549 1284 586 tuan]
1301 577 1310 594 ‚

281 622 383 675 quia
403 635 446 662 es
466 621 602 674 portio
624 632 731 660 mea.
754 619 878 660 Nota:
903 617 1071 670 quando
1091 616 1225 658 ,ludaei
1247 628 1314 657 vc-

282 696 437 734 nerunt
467 693 510 732 in
543 695 696 733 terram
727 689 1035 743 promissionis,
1061 688 1193 729 tribus
1213 687 1312 728 Levi

281 776 365 806 nou
387 765 542 817 accepit
559 764 601 803 in
624 775 672 803 ca
692 761 952 814 portioneni;
977 760 1050 801 sed
1070 759 1121 800 de
1141 758 1313 800 decimis

281 837 471 886 vivebat,
496 839 535 876 vt
562 835 606 874 in
639 832 794 886 templo
815 832 1038 873 serviebat.
1062 831 1128 872 Sic
1151 829 1309 878 clerici,

279 909 352 960 qui
382 911 478 948 sunt
505 907 555 947 de
578 905 691 945 tribu
718 904 840 953 Levi,
869 916 951 943 non
973 903 1130 943 liabent
1150 900 1310 954 portio-

278 990 377 1019 nem
406 976 680 1026 licercditatis,
705 975 783 1015 nisi
812 975 862 1015 de
890 974 1143 1027 patrimonio
1164 971 1310 1012 Cruci-

279 1049 369 1090 fixi.
394 1049 529 1099 Unde,
566 1059 663 1088 cum
689 1045 925 1099 suscipiunt
953 1057 1177 1093 coronam,
1211 1055 1311 1083 can·

279 1121 393 1160 tatur
429 1119 497 1160 hic
541 1130 688 1159 versus
716 1132 724 1157 ε
769 1118 912 1159 Porcio
957 1127 1076 1166 mea,
1118 1115 1307 1156 Domine.

279 1190 467 1233 Christus
486 1193 547 1231 est
567 1191 709 1229 nostra
736 1188 872 1241 portio
891 1201 898 1228 :
925 1199 1024 1228 nam
1046 1199 1142 1227 cum
1165 1198 1213 1227 co
1234 1186 1310 1226 ha-

954 1273 960 1299 :
987 1259 1074 1312 ipse
1107 1258 1221 1298 enim
1244 1270 1309 1298 ec-

279 1333 387 1386 cepit
408 1333 457 1373 de
479 1334 635 1379 nostro,
659 1333 703 1372 ut
735 1330 855 1371 nobis
877 1330 995 1371 daret
1015 1330 1065 1370 de
1095 1341 1185 1369 suo.
1205 1328 1310 1370 Nam

277 1406 402 1457 capnt
428 1402 613 1455 corporis
641 1404 703 1442 est
730 1401 936 1454 patticeps
965 1401 1008 1440 in
1037 1400 1203 1441 duobus
1230 1414 1237 1440 :
1269 1401 1310 1440 in

277 1478 448 1525 naturn3
473 1475 514 1514 in
536 1473 728 1514 miseria:
753 1484 849 1525 quce
870 1472 954 1513 duo
975 1471 1123 1524 accipit
1142 1471 1192 1512 de
1211 1483 1310 1511 nos-

276 1549 354 1587 tro.
388 1546 438 1587 Et
466 1557 618 1598 corpus
645 1558 741 1586 cun]
772 1545 905 1597 capite
934 1546 994 1584 est
1028 1543 1234 1596 particeps
1267 1543 1311 1583 in

277 1618 468 1659 duobus:
497 1618 541 1658 in
568 1617 706 1670 gratia
727 1616 769 1656 in
796 1615 1015 1669 praesenti,
1042 1617 1082 1655 et
1108 1614 1246 1667 gloria
1268 1614 1310 1654 in

277 1689 435 1730 futuro.
462 1689 549 1729 lloc
568 1689 776 1729 habemus
802 1687 851 1727 de
872 1699 962 1727 suo.
988 1686 996 1706 ¹
1025 1702 1042 1725 α
1064 1685 1220 1726 Littera
1238 1697 1308 1726 oc-

277 1760 395 1812 cidit,
430 1760 603 1813 spiritus
632 1759 840 1810 vivificat,
876 1774 894 1796 n
932 1757 971 1798 it
1003 1759 1082 1809 est,
1118 1757 1312 1797 litterulis

278 1831 469 1881 scientia,
493 1843 567 1871 seu
591 1829 893 1881 intelligentia,
922 1828 1029 1869 sicut
1047 1827 1217 1869 Judaeos
1237 1840 1306 1868 oc-

277 1902 375 1943 cidit
409 1902 452 1942 in
486 1902 646 1951 anima3
683 1901 741 1941 sic
771 1900 1000 1953 spiritualis
1032 1899 1311 1951 intelligentia

277 1974 463 2015 viviticat
487 1973 764 2023 Christianos,
790 1972 862 2025 qui
888 1971 1160 2025 spiritualiter
1185 1970 1307 2010 intel-

275 2045 431 2098 ligunt.
454 2044 527 2086 Vel
548 2060 566 2083 α
586 2044 722 2085 littera
740 2044 903 2094 occidit,
923 2057 942 2081 ι)
956 2043 1056 2096 quia
1071 2044 1084 2064 ²
1099 2056 1117 2080 (ι
1138 2041 1310 2082 scientia

275 2116 416 2157 inflat:
451 2130 469 2153 n
503 2128 603 2156 nam
635 2130 653 2153 (ι
683 2118 696 2140 ³
728 2114 893 2165 scienti,
924 2116 965 2155 et
997 2126 1084 2154 non
1118 2113 1307 2162 facienti,

277 2193 495 2241 peccatum
527 2190 587 2228 est
616 2186 691 2227 illi.
720 2201 739 2223 ›)
766 2185 839 2227 Vel
873 2201 892 2223 «
923 2185 1063 2226 littera
1088 2185 1255 2236 occidit,
1288 2200 1305 2222 »

276 2261 388 2302 unde
420 2261 579 2302 dictum
612 2262 673 2300 est
704 2259 748 2298 in
781 2258 876 2310 lege
903 2257 944 2296 t:
974 2271 993 2293 «
1023 2256 1200 2297 Oculum
1232 2268 1308 2308 pro

275 2332 423 2383 oculo,
450 2331 636 2372 animam
667 2342 743 2383 pro
781 2330 937 2370 anima.
965 2344 984 2366 »
1007 2352 1060 2357 —
1089 2330 1155 2369 58.
1180 2329 1306 2370 Mise-

273 2415 360 2446 rere
378 2405 461 2445 mez‘
480 2402 711 2445 secundum
735 2401 944 2454 eloquium
967 2404 1100 2442 tuum.
1122 2398 1228 2440 Nam
1249 2411 1308 2439 se-

272 2475 458 2516 cundum
485 2474 599 2527 quod
623 2473 836 2526 promisit,
868 2472 991 2513 debet
1016 2470 1149 2512 nostri
1178 2470 1304 2510 mise-

270 2547 368 2586 reri.
406 2545 510 2587 Nam
543 2544 740 2598 quaedam
774 2543 956 2584 reddunt
991 2554 1068 2583 nos
1095 2542 1308 2583 debitores

273 2618 375 2669 Deo,
414 2620 460 2659 ut
494 2617 632 2670 prima
670 2616 800 2666 dona;
840 2614 1036 2668 quaedam
1068 2614 1199 2655 Deum
1232 2613 1303 2654 de-

272 2689 449 2730 bitorem
488 2687 636 2738 nobis,
678 2689 725 2727 ut
763 2697 891 2739 opera
935 2685 1145 2727 virtutum
1160 2716 1173 2736 ,
1214 2685 1302 2726 vir-

273 2765 380 2803 tutes
414 2772 608 2814 operum.
636 2759 710 2801 Vel
746 2771 875 2812 opera
908 2759 1117 2799 virtutum
1152 2757 1303 2799 dicun-

272 2836 340 2874 tur
364 2834 454 2883 hic,
480 2832 593 2885 quod
621 2831 725 2872 fides
744 2830 965 2883 impetrat,
994 2830 1107 2882 quod
1132 2829 1199 2870 lex
1221 2829 1302 2869 ini-

273 2907 405 2957 perat.
427 2903 534 2945 Nam
552 2903 671 2953 fides,
692 2914 776 2955 qua
797 2901 1009 2942 credimus
1030 2900 1174 2949 Deum,
1200 2900 1301 2941 dici-

273 2979 342 3016 tur
357 2974 537 3023 notitiae;
562 2973 679 3023 fides,
702 2985 787 3026 qua
806 2972 1018 3013 credimus
1038 2970 1134 3022 Deo,
1152 2970 1305 3012 dicitur

272 3047 355 3089 Deo
390 3045 680 3094 confidentiae3
720 3044 850 3094 fides,
891 3055 976 3096 qua
1016 3042 1229 3084 eredimus
1260 3042 1303 3082 in

273 3119 422 3169 Deum,
437 3128 534 3170 quae
553 3117 752 3169 operatur
767 3115 810 3154 in
831 3114 978 3164 Deum,
995 3126 1092 3166 quae
1106 3115 1304 3166 operatur

271 3204 346 3245 per
376 3189 665 3237 dilectionem,
699 3185 852 3226 dicitur
883 3196 1126 3225 consensus.
1159 3183 1302 3224 Fidem

273 3262 435 3304 notitiae
447 3260 599 3302 habuit
617 3257 784 3308 Petrus,
801 3255 971 3310 quando
992 3255 1168 3296 Domino
1189 3267 1305 3308 qnae-

273 3333 383 3374 renti
401 3333 414 3354 '⁵
443 3346 453 3372 ·.
482 3346 501 3370 α
518 3330 652 3380 Quem
680 3329 825 3370 dicunt
844 3325 1038 3367 homines
1058 3337 1147 3366 esse
1167 3325 1303 3367 filium

316 3423 322 3438 ¹
347 3420 371 3450 Η
396 3419 484 3457 (ἴση,
504 3424 558 3454 ιιι,
578 3417 608 3447 6.
623 3431 662 3439 —
682 3414 692 3432 ²
715 3415 723 3445 Ι
744 3412 834 3452 Cor„
856 3419 933 3450 νιιι,
958 3414 986 3443 1.
1003 3427 1044 3434 -
1061 3410 1072 3428 ³
1088 3410 1170 3450 Jac.,
1187 3417 1232 3450 ιν,
1254 3412 1301 3442 17.

274 3484 313 3489 —
338 3466 350 3487 δ
367 3466 486 3504 Levit.,
506 3470 601 3501 xxw,
625 3464 677 3502 20,
702 3462 749 3492 18.
770 3477 810 3483 --
829 3459 842 3481 ὃ
865 3457 999 3496 Mami„
1019 3464 1092 3496 xvi,
1116 3459 1164 3496 17,
1193 3459 1239 3489 18.
1263 3476 1303 3481 —

275 3514 286 3531 ὓ
306 3512 438 3551 Meum,
467 3518 541 3550 Χιν,
571 3511 622 3541 28.
651 3525 690 3532 —
717 3509 726 3526 ⁷
749 3508 789 3539 ΙΙΙ
816 3506 905 3546 Κεφ,
935 3513 992 3545 ιιι,
1023 3506 1074 3537 20.
1099 3521 1139 3528 -
1160 3506 1170 3521 ⁸
1189 3504 1304 3544 Mich.‚

276 3568 334 3598 vn,
357 3562 394 3599 5;
416 3567 452 3597 ιι,
472 3560 545 3588 7.-
569 3556 614 3597 (α)
638 3556 691 3588 Al.
713 3553 1008 3587 retractionem.—-
1029 3552 1072 3591 (b)
1094 3551 1194 3592 Vulg.
1213 3551 1300 3591 dixi,

980 242 1253 285 ExroslTlo
1284 241 1331 281 ΙΝ
1368 241 1720 282 PSALTERHJM.

1389 331 1575 372 hominis
1585 333 1604 371 ‘?
1615 346 1633 370 ιι
1653 332 1888 385 respondit:
1901 331 1992 372 «Tu
2005 343 2050 372 es
2060 332 2173 373 filius
2189 331 2357 374 Dei-vivi
2370 346 2379 382 ;
2395 345 2413 369 n

1389 403 1515 444 fidem
1539 404 1826 454 confidentiae,
1862 402 2033 456 quando
2058 402 2164 443 vidit
2192 403 2418 444 Dominum

1390 474 1678 516 ambulantem
1707 487 1837 529 supra
1863 487 2001 526 mare,
2029 477 2069 515 et
2094 486 2137 515 se
2159 474 2203 514 in
2223 474 2419 516 fluctibus

1391 545 1567 598 projecit
1592 546 1733 587 dicens
1756 547 1795 587 ⁶:
1830 562 1848 585 (ι
1869 545 2064 596 Domine,
2094 545 2128 585 si
2153 547 2200 586 tu
2224 556 2291 594 es,
2315 545 2420 597 jube

1392 628 1458 657 me
1485 617 1629 657 venire
1648 617 1699 657 ad
1724 619 1781 667 te;
1804 631 1822 655 n
1849 617 1976 658 fidem
1999 627 2251 667 consensus,
2273 615 2319 655 in
2341 614 2418 656 Ec-

1389 686 1527 727 clesia.
1568 689 1823 739 Depo-ecatus
1860 699 1954 730 sum
1991 688 2141 740 faciem
2176 691 2312 730 tuam.
2346 686 2422 727 llic

1389 758 1554 808 dicitur,
1574 759 1684 810 quod
1705 758 1814 799 Deus
1834 759 1955 800 debet
1975 759 2110 800 facere
2129 758 2301 811 aliquid.
2325 757 2421 798 ideo

1389 831 1561 869 notatur
1594 830 1705 882 quod
1738 832 1921 883 quatuor
1951 830 2181 880 debitores,
2217 830 2292 882 qui
2322 831 2421 870 sunt

1390 900 1512 952 Deus,
1535 901 1858 954 spirit11S,·caro,
1887 905 1927 943 et
1947 901 2148 943 mundus.
2172 901 2282 942 Deus
2301 900 2420 942 debet

1389 971 1576 1025 spiritui,
1599 976 1646 1013 ut
1669 985 1767 1014 eum
1789 973 1833 1014 in
1856 972 2102 1025 cognitione
2118 972 2330 1014 illuminet
2344 984 2418 1026 ye-

1389 1044 1545 1095 ritatis,
1570 1047 1611 1085 ct
1632 1045 1677 1085 in
1705 1057 1849 1086 amore
1869 1044 2039 1086 virtutis
2057 1044 2305 1085 inflammet.
2330 1043 2422 1097 Spi-

1388 1114 1496 1155 ritus
1517 1115 1620 1166 Deo,
1648 1115 1690 1156 in
1717 1117 1914 1157 omnibus
1939 1128 2035 1169 quae
2060 1115 2228 1167 agenda
2251 1115 2420 1155 suntab

1389 1185 1398 1224 i
1405 1197 1478 1238 pso
1490 1186 1664 1237 erudiri,
1679 1189 1718 1227 et
1730 1188 1963 1229 seeundum
1977 1187 1989 1227 i
1996 1199 2118 1241 psum
2129 1186 2308 1240 operari.
2326 1185 2419 1238 Spi-

1388 1256 1496 1297 ritus
1521 1257 1643 1298 debet
1663 1258 1799 1310 carni,
1823 1261 1871 1299 ut
1893 1271 1987 1299 eam
2013 1271 2038 1298 a
2065 1257 2189 1299 malis
2211 1257 2417 1307 cohibeat,

1388 1331 1434 1368 ut
1467 1328 1508 1368 in
1534 1328 1658 1369 bonis
1685 1331 1946 1370 exerceatur.
1975 1330 2077 1370 Caro
2104 1329 2227 1370 debet
2256 1327 2419 1381 spiritui

1388 1399 1430 1439 in
1456 1399 1567 1441 bono
1594 1402 1762 1453 agendo
1790 1401 2025 1442 ministerio
2046 1400 2172 1453 (c),in
2198 1399 2420 1440 commodo

1387 1471 1636 1524 sti->petendo
1657 1472 1760 1512 Caro
1776 1472 1898 1512 dehet
1913 1472 2088 1523 mundo,
2106 1471 2158 1512 ab
2175 1472 2268 1524 eJus
2287 1470 2420 1511 abun-

1387 1542 1547 1593 dantia,
1573 1543 1684 1595 quod
1706 1543 1964 1584 necessitatis
1984 1545 2064 1595 est,
2092 1554 2283 1592 sumere,
2306 1541 2418 1595 quod

1388 1614 1558 1654 virtutis
1573 1617 1635 1654 est
1649 1627 1859 1656 exercere.
1879 1613 2063 1656 Mundus
2083 1614 2205 1655 debet
2222 1612 2354 1663 carni,
2374 1612 2418 1652 in

1387 1685 1632 1725 necessitate
1651 1685 1903 1736 subsidium,
1922 1686 1965 1725 in
1981 1684 2281 1726 exercitatione
2300 1695 2420 1724 exer-

1387 1755 1677 1797 citamentum.
1711 1756 1792 1797 Sed
1827 1756 1927 1809 quia
1961 1756 2132 1810 spiritus
2164 1755 2417 1796 beneficium

1386 1826 1569 1868 Creatori
1598 1840 1682 1868 non
1706 1828 1920 1881 persolvit,
1938 1828 2053 1880 Juste
2077 1826 2244 1868 Creator
2263 1827 2420 1867 beneti-

1387 1898 1499 1938 cium
1529 1898 1694 1951 spiritui
1732 1899 1967 1948 subtrahit,
2004 1900 2045 1939 et
2077 1898 2134 1939 sic
2165 1898 2216 1939 de
2246 1897 2420 1938 aliis.—

1386 1973 1451 2010 62.
1482 1969 1630 2011 Media
1662 1973 1781 2012 nocte
1811 1969 2047 2022 surgebam.
2074 1968 2119 2009 In
2146 1971 2267 2010 nocte
2292 1981 2420 2022 opera

1385 2053 1470 2082 non
1491 2041 1689 2092 facimus,
1713 2041 1882 2083 insidias
1905 2041 2122 2083 latronum
2143 2042 2416 2093 sustinemus,

1386 2112 1637 2154 dormimus.
1655 2112 1741 2153 Hac
1755 2112 2028 2154 similitudine
2043 2113 2123 2154 hoc
2134 2113 2339 2154 saeculum
2356 2113 2418 2154 di-

1385 2184 1495 2224 citur
1515 2194 1617 2226 nox.
1639 2183 1695 2224 De
1714 2184 1852 2237 primo
1873 2184 1977 2225 hoc⁷
1993 2198 2000 2225 :
2018 2198 2037 2223 <c
2052 2183 2264 2226 Praevenit
2284 2183 2339 2237 (d)
2359 2184 2418 2225 in-

1383 2258 1601 2308 tempestae
1611 2255 1744 2296 noctis
1752 2255 1930 2297 silentio.
1943 2271 1961 2294 »
1982 2255 2037 2297 De
2045 2268 2111 2297 sec
2119 2256 2230 2297 undo
2240 2256 2253 2277 ⁸
2263 2268 2271 2295 :
2283 2271 2303 2295 «
2311 2255 2418 2298 Cave

1384 2325 1456 2365 tibi
1482 2326 1534 2366 ab
1554 2338 1602 2366 ea
1618 2358 1628 2376 ,
1653 2338 1750 2378 q-uae
1770 2325 1926 2366 dormit
1951 2326 1995 2365 in
2016 2326 2113 2367 sinu
2138 2327 2234 2378 tuo,
2256 2327 2416 2369 custodi

1383 2396 1566 2437 claustra
1588 2396 1672 2437 oris
1698 2397 1785 2437 tui:
1812 2412 1830 2433 »
1866 2397 1907 2436 et
1932 2408 2033 2438 cave
2055 2395 2132 2437 tibi
2160 2409 2185 2437 a
2209 2396 2416 2438 daemoni-

1381 2467 1481 2519 bus,
1505 2467 1577 2521 qui
1598 2470 1699 2508 tunc
1721 2468 1860 2520 magis
1886 2467 2058 2508 instant.
2083 2467 2141 2508 De
2162 2467 2287 2509 tertio
2305 2480 2417 2511 nova

1381 2539 1563 2592 pertitio.
1587 2562 1640 2568 —-
1661 2541 1751 2579 164.
1777 2539 1821 2591 (e)
1843 2538 2068 2591 Sequitur:
2096 2538 2229 2592 Super
2241 2538 2417 2591 judicia

1372 2610 1706 2662 justificationis
1731 2609 1786 2663 (f)
1812 2612 1908 2652 cuce.
1930 2609 2023 2650 Alia
2045 2611 2145 2651 sunt
2165 2610 2324 2663 judicia
2342 2610 2415 2652 Dei

1380 2694 1476 2736 quae
1505 2682 1708 2736 reprobos
1740 2682 1974 2732 damnant3
1997 2681 2102 2733 alia,
2136 2693 2234 2734 quae
2263 2681 2413 2724 electos

1374 2754 1630 2806 Justificant3
1652 2753 1758 2805 alia,
1776 2765 1873 2806 quae
1888 2752 2139 2805 justificatos
2157 2753 2410 2796 beatificant.

1380 2824 1523 2864 Prima
1551 2826 1651 2865 sunt
1680 2823 1988 2876 reprobationis
1997 2837 2007 2873 ;
2031 2823 2235 2876 secunda,
2257 2825 2414 2877 Justifi-

1379 2895 1573 2947 cationis3
1611 2895 1755 2946 tertia,
1788 2895 2123 2947 glorificationis.
2166 2895 2416 2939 Damnantia

1378 2971 1631 3008 exercentur
1646 2966 1691 3007 in
1710 2966 1895 3016 inferno;
1916 2966 2204 3020 Justificantia,
2226 2968 2273 3009 in
2292 2981 2416 3011 mun-

1378 3039 1431 3080 do
1442 3053 1452 3089 ;
1474 3038 1783 3090 beatificantia,
1802 3037 1848 3078 in
1866 3037 1985 3078 coelo.

1431 3112 1497 3151 65.
1529 3111 1770 3152 Bonitatem
1790 3109 1932 3161 fecisti
1954 3119 2049 3151 cum
2067 3119 2187 3153 servo
2209 3113 2306 3163 tuo,
2331 3111 2412 3154 Do·

1378 3183 1505 3224 mine.
1527 3205 1579 3211 —
1610 3182 1677 3222 66.
1717 3181 1979 3228 Bonitatem,
2023 3184 2063 3223 ec
2103 3180 2381 3234 disciplinam
2399 3214 2413 3234 ,

1379 3258 1419 3298 ec
1448 3255 1672 3297 scientiam
1701 3253 1800 3296 doce
1831 3264 1908 3295 me.
1939 3252 2180 3294 Notandum
2211 3254 2323 3306 quod
2352 3256 2414 3294 est

1377 3325 1462 3376 via,
1485 3337 1561 3379 per
1577 3336 1706 3378 quam
1724 3323 1912 3365 curritur
1929 3336 1939 3375 ;
1960 3325 2022 3364 est
2040 3323 2190 3376 patria,
2209 3323 2262 3364 ad
2280 3335 2408 3376 quam

1378 3408 1555 3440 custodire.
1572 3426 1612 3432 —
1634 3408 1673 3449 (c)
1690 3408 1765 3449 Leq.
1780 3407 2015 3439 ministerium.
2026 3423 2065 3430 —
2083 3405 2125 3446 (tl)
2148 3405 2244 3446 Vulq.
2261 3406 2410 3438 Consur-

1377 3465 1523 3496 gens.—
1545 3456 1582 3497 (e)
1601 3456 1719 3487 Glossa
1748 3454 1836 3494 haec,
1866 3463 1944 3485 cum
1964 3456 2057 3494 parte
2086 3462 2119 3484 V.
2145 3454 2250 3494 Super
2264 3453 2410 3494 judicia,

1378 3505 1456 3543 etc.,
1479 3503 1514 3535 in
1543 3505 1619 3536 caet.
1644 3502 1724 3534 edit.
1758 3500 1868 3542 posita
1897 3503 1948 3532 est
1980 3500 2069 3532 inter
2096 3510 2127 3531 v.
2161 3502 2199 3532 22
2234 3503 2266 3533 et
2291 3503 2342 3533 23.
2371 3519 2411 3525 —

1381 3552 1426 3591 (f)
1449 3552 1534 3584 Edit.
1555 3549 1816 3591 Ven.Jusz¹z'tz'oe.

2465 850 2582 879 Debito-

2439 899 2487 920 res
2506 900 2579 928 quu-

2439 933 2515 961 tuor.

2440 1985 2514 2011 Nox.

2460 2613 2577 2642 Judioin
2632 2625 2633 2628 ι

2435 2656 2490 2683 Dei
2528 2655 2574 2682 di-

2433 2704 2528 2724 versa.
