2633 3878
131 946 242 980 ΛΞΜ)-

101 988 147 1012 tus
168 987 240 1013 dici-

100 1029 243 1054 tur-mun-

99 1067 155 1094 dus
190 1069 241 1095 du-

117 1109 235 1143 plicemr

99 1150 136 1176 ob
175 1158 239 1177 cau-

99 1198 172 1217 sam.

114 1587 237 1621 AEgypti

112 1627 219 1662 duplex

96 1667 237 1703 interpre-

96 1709 176 1738 tatio.

92 3286 172 3313 Deus
184 3286 233 3312 tri-

1105 136 1346 179 PSALMUS
1381 139 1566 182 CXXXV.

267 227 372 280 quid
406 226 616 279 allegoria
647 227 833 279 astruit,
873 225 1047 266 historia
1082 226 1126 265 in
1157 226 1302 278 figura

266 299 534 351 praecessisse
555 299 735 339 ostendit
758 313 766 339 :
791 298 849 338 sic
881 298 926 338 in
953 297 1266 350 septentrionali
1288 330 1297 348 ,

266 371 306 408 et
327 369 590 420 meridian03
623 369 723 421 quia
747 369 849 409 dum
870 368 1067 408 laborum
1097 379 1257 407 merces
1278 380 1300 407 e

265 440 443 491 regione
476 440 680 490 cernitur,
707 440 751 479 in
773 439 980 480 virtutum
1001 437 1213 478 exercitiis
1245 437 1299 477 li-

266 509 411 549 benter
431 509 662 550 desudatur
679 524 686 548 :
705 509 764 549 sic
783 509 956 562 spiritus
977 509 1053 548 iste
1069 508 1143 548 ssat
1157 539 1166 557 ‚
1189 509 1229 548 et
1248 507 1300 548 de

264 580 474 620 thesauris
488 580 558 620 Dei
577 580 842 632 producitur,
865 582 905 620 et
918 578 1108 620 dissolvit
1119 577 1298 630 glaciem

263 653 546 702 peccatorum.
564 650 615 691 Hi
636 651 752 692 venti
772 650 954 703 perflant
972 652 1130 690 terram
1148 647 1296 690 viven-

262 720 399 773 tium3
421 722 577 774 quibus
602 722 805 775 imperat,
846 737 865 760 «
887 721 958 775 qui
978 722 990 743 ¹
1011 721 1200 761 ambulat
1227 732 1296 761 su-

262 803 338 843 per
358 804 518 844 pennas
539 795 781 832 ventorum.
811 806 830 829 »

316 865 354 903 8.
395 863 482 914 Qui
521 863 728 916 percussit
769 863 1059 915 prz'mogyem'tu
1098 862 1294 915 AEqgsptc'.

261 932 421 986 Duplici
442 933 493 974 de
512 946 638 975 cansa
656 934 870 987 AEgyptus
899 934 1051 974 dicitur
1082 933 1293 982 mundus,

261 1003 311 1044 de
330 1016 415 1057 quo
434 1004 502 1044 hic
521 1005 668 1056 agitur
686 1019 695 1045 ι
723 1017 850 1045 causa
870 1004 1176 1054 similitudinis,
1200 1016 1295 1044 cau-

260 1086 304 1113 sa
326 1075 512 1126 geminae
542 1075 912 1127 interpretationis.
945 1074 1188 1116 Similitudo
1208 1075 1292 1115 hic.

259 1142 367 1184 Nam
400 1145 506 1185 sicut
537 1148 671 1186 mater
698 1145 857 1198 aliquid
889 1158 1082 1186 amarum
1120 1146 1295 1198 opponit

260 1217 470 1267 mammis,
494 1220 543 1257 ut
561 1229 744 1269 puerum
767 1219 931 1269 separet
951 1229 975 1257 a
996 1216 1211 1266 mamillis,
1236 1217 1294 1257 sic

260 1287 384 1339 Deus,
404 1291 451 1329 ut
470 1291 635 1341 separet
646 1287 667 1328 J
671 1288 816 1329 udaeos
839 1288 891 1328 ab
910 1287 1109 1340 AEgypto,
1133 1287 1293 1340 aliquid

259 1359 553 1400 amaritudinis
572 1359 633 1400 eis
652 1359 878 1412 imposuit:
901 1371 1003 1399 nam
1022 1358 1083 1398 illi
1102 1358 1292 1410 graviter

258 1431 400 1483 puniti
418 1433 519 1471 sunt
543 1445 551 1472 :
575 1431 633 1471 sic
653 1443 729 1471 nos
750 1430 859 1471 Deus
892 1443 966 1484 per
987 1430 1291 1471 amaritudines

258 1504 429 1542 revocat
448 1502 492 1541 in
509 1502 706 1554 praesenti
723 1514 747 1541 a
765 1501 940 1542 mundo.
961 1501 1124 1554 Duplex
1144 1504 1205 1541 est
1225 1501 1289 1540 in-

257 1573 498 1625 terpretatio
518 1572 650 1624 hujus
670 1572 880 1622 nominis,
912 1573 1127 1625 squsptus
1153 1583 1162 1611 :
1188 1584 1290 1611 nam

256 1644 410 1684 dicitur
436 1644 646 1696 tenebroe,·
676 1646 717 1684 et
743 1655 820 1684 nos
849 1656 998 1684 sumus
1028 1643 1073 1682 in
1103 1642 1291 1683 tenebris

254 1715 535 1766 ignorantiae,
574 1715 644 1756 vel
681 1715 841 1767 culpae,
876 1714 945 1755 vel
978 1724 1141 1766 poenae3
1176 1713 1289 1753 unde

254 1785 336 1826 hoc
361 1790 375 1810 2
410 1800 419 1826 :
459 1801 478 1824 «
498 1785 795 1826 Habitantibus
828 1785 872 1824 in
905 1784 1085 1836 regione
1121 1783 1288 1824 umbrae

256 1856 402 1896 mortis
417 1887 427 1905 ,
440 1856 516 1896 lux
536 1859 628 1897 orta
646 1859 708 1896 est
728 1856 810 1906 eis,
827 1870 845 1893 ›)
873 1855 913 1895 id
928 1857 991 1895 est
1007 1854 1212 1895 Christus.
1237 1853 1289 1894 Et

254 1926 406 1967 dicitur
428 1926 608 1979 afflictio
630 1939 643 1967 .·
673 1939 773 1966 nam
793 1937 941 1966 sumus
960 1925 1003 1964 in
1024 1925 1252 1964 afflictione
1275 1938 1284 1974 ;

255 1997 366 2038 unde
392 1997 545 2038 dicitur
570 1998 583 2020 ³
614 2012 622 2037 :
661 2013 680 2036 (ι
710 1996 856 2037 Militia
890 1998 952 2036 est
983 1996 1071 2036 vita
1101 1995 1288 2036 hominis

254 2080 383 2120 super
413 2071 585 2109 terram.
621 2083 640 2106 ))
679 2067 725 2108 In
756 2068 838 2108 hoc
870 2067 1030 2120 psalmo
1068 2067 1126 2106 sic
1167 2067 1290 2107 debet

253 2151 342 2179 esse
363 2151 373 2179 ε
399 2139 486 2191 Qui
498 2139 707 2192 percussit
724 2143 868 2192 qentes
882 2137 1056 2188 multas,
1081 2142 1121 2177 et
1139 2136 1290 2177 occulit

252 2221 370 2262 reyes
394 2210 528 2262 fortes
554 2221 567 2250 .·
593 2210 710 2251 Seon
735 2221 879 2262 ressem
906 2208 1258 2250 Amorrlueorum
1275 2239 1284 2257 ,

254 2285 293 2320 et
319 2281 383 2333 Oq
407 2291 551 2334 reqem
580 2281 748 2330 Busan,
772 2284 813 2320 et
841 2283 990 2320 omma
1017 2291 1152 2332 reqna
1181 2278 1288 2321 Cha-

253 2362 402 2390 naam.

313 2424 374 2461 12.
395 2419 700 2462 Haeredz‘tatem
716 2420 876 2473 populo
897 2433 988 2461 suo.
1017 2420 1170 2461 Gentes
1189 2422 1287 2460 sunt

254 2491 477 2532 haereditas
496 2490 745 2532 Judaeorum
769 2506 777 2532 ε
800 2504 901 2532 nam
925 2492 1034 2532 sicut
1062 2491 1287 2532 haereditas

254 2575 332 2604 nos
348 2562 493 2615 pascit,
517 2565 557 2602 et
575 2562 698 2602 nobis
718 2562 848 2603 servit
865 2576 874 2611 3
898 2562 956 2602 ita
976 2561 1174 2612 Gentiles,
1196 2573 1285 2614 per-

254 2633 467 2686 sequendo
495 2632 688 2683 JudaeOS,
727 2633 784 2672 eis
823 2632 1084 2683 serviebant,
1128 2633 1229 2685 quia
1262 2645 1285 2673 a

253 2704 367 2745 vitiis
387 2704 650 2757 purgabant3
668 2704 726 2743 sic
747 2703 913 2756 dicitur,
934 2704 1047 2757 quod
1067 2703 1181 2745 Esau
1200 2715 1285 2745 ser-

253 2775 359 2817 vivit
370 2774 497 2816 Jacob
508 2774 628 2814 fratri
645 2786 736 2815 suo.

307 2850 372 2887 13.
393 2844 641 2886 Memorz'ale
667 2849 803 2884 tuum.
834 2843 944 2885 Deus
971 2844 1097 2885 habet
1118 2857 1284 2886 memo-

250 2917 380 2967 riale,
414 2916 569 2957 scilicet
597 2916 798 2967 signum,
834 2915 879 2954 in
907 2915 1059 2966 nobis,
1093 2927 1178 2966 quo
1207 2928 1284 2957 nos

252 2988 304 3028 ab
331 2986 424 3027 aliis
452 2987 681 3039 cognoscit,
714 2986 821 3026 sicut
841 2997 942 3027 oves
973 2985 1175 3037 signatas.
1214 2984 1282 3027 Sic

252 3058 362 3099 Deus
395 3057 520 3098 Pater
562 3057 716 3109 triplici
755 3057 879 3108 signo
919 3056 1107 3109 signavit
1145 3056 1284 3097 filium

252 3141 381 3170 suum
407 3140 496 3181 pree
518 3127 611 3168 aliis
632 3142 641 3168 :
673 3139 774 3168 nam
806 3139 905 3167 eum
930 3127 1122 3178 signavit
1156 3127 1283 3179 signo

251 3199 325 3241 Dei
344 3202 384 3240 et
403 3198 589 3240 hominis
605 3229 615 3248 ,
638 3200 677 3239 et
704 3198 816 3239 dedit
845 3197 1005 3250 peccati
1031 3197 1278 3239 immunita—

252 3273 358 3320 tem,
381 3273 421 3311 et
442 3271 649 3311 donorum
672 3268 1003 3322 plenItudinem3
1024 3268 1191 3309 nullum
1211 3269 1284 3310 ho-

297 3379 304 3396 ¹
327 3376 412 3409 Psal.
432 3384 511 3416 (211¹,
532 3378 562 3407 3.
583 3394 624 3400 —
647 3378 657 3394 ³
676 3375 829 3416 lsa.,1x‚
853 3377 884 3406 2.
906 3390 946 3398 —
968 3375 982 3396 ³
1001 3374 1073 3415 Job,
1097 3382 1163 3415 vn,
1193 3378 1222 3407 1.
1243 3391 1283 3399 -—

254 3425 265 3442 ⁴
285 3426 385 3465 Aug„
401 3424 520 3456 Enarr.
539 3425 572 3455 in
590 3422 680 3456 Psal.
703 3430 825 3455 cxxxv.

2325 152 2401 191 559

1377 240 1471 269 rum
1496 229 1540 268 in
1554 229 1636 269 alio
1654 230 1877 282 reperitur.
1899 231 1950 272 Et
1965 232 2116 285 triplici
2135 235 2260 287 signo
2273 237 2401 278 etiam

2459 245 2526 278 plici

2420 285 2504 319 signo
2512 286 2560 313 ho-

1376 299 1566 350 signavit
1583 311 1681 349 nos,
1703 301 1856 341 scilicet
1876 302 2073 355 baptismi
2108 307 2398 359 susceptione,
2449 326 2544 353 mines

1374 370 1531 421 peccati
1552 370 1819 421 remissione,
1845 372 1954 412 bona
1973 376 2228 426 operatione.

1427 443 1493 480 ⁶21.
1529 441 1780 482 Benedictus
1799 442 2009 483 Dominus
2029 457 2082 484 ex
2101 447 2136 487 S
2140 447 2209 486 ion
2216 479 2228 498 ,
2250 448 2289 488 id
2311 453 2398 500 est,

1375 508 1427 548 ab
1449 509 1652 560 Ecclesia;
1678 513 1719 551 et
1737 514 1838 551 tunc
1861 524 1914 551 cx
1932 513 2041 554 Sion
2069 515 2147 555 erit
2167 519 2400 568 personali-

1371 580 1448 618 ter.
1473 579 1580 621 Nota
1597 595 1604 621 :
1621 581 1721 622 Sion
1741 582 1972 635 speculatio
1993 583 2306 637 interpretatur.
2332 588 2401 628 Est

1370 652 1514 690 autem
1535 651 1688 704 triplex
1706 653 1935 705 speculatio
1961 668 1970 694 ε
1994 666 2094 694 nam
2116 657 2253 708 prima
2276 660 2338 698 est
2357 659 2400 698 in

1369 721 1523 770 rebus;
1547 722 1755 772 secunda,
1774 723 1819 762 in
1840 724 2064 774 operibus3
2091 726 2212 766 tertia
2233 727 2276 767 in
2309 740 2402 768 mo-

1369 791 1504 832 ribus.
1535 790 1770 844 Speculatio
1800 805 1897 845 quae
1930 798 1992 835 est
2020 795 2064 835 in
2096 796 2241 848 rebus,
2267 801 2329 839 est
2358 799 2399 839 in

1368 862 1520 913 tribus,
1545 861 1701 902 scilicet
1723 862 1767 902 in
1783 864 1974 913 materia,
1999 865 2147 917 forma,
2169 870 2210 908 et
2232 872 2398 910 natura.

1370 932 1591 974 Materiam
1614 936 1654 974 et
1674 934 1854 974 formam
1875 935 1971 976 visu
1990 948 2190 989 corporeo
2209 951 2399 993 compre-

1368 1003 1610 1045 hendimus.
1635 1004 1794 1045 Natura
1815 1007 1970 1058 partim
2000 1008 2190 1060 exposita
2222 1012 2284 1050 est
2305 1023 2402 1051 sen-

1368 1075 1448 1123 sui,
1473 1076 1628 1127 partim
1642 1076 1826 1128 reposita
1846 1079 1907 1117 est
1921 1078 2074 1118 rationi
2091 1093 2098 1118 :
2116 1082 2268 1120 natura
2287 1082 2401 1122 enim

1367 1146 1659 1186 consideratur
1679 1147 1724 1186 in
1748 1159 1894 1188 rerum
1926 1149 2125 1201 qualitate
2145 1150 2372 1193 intrinseca
2386 1183 2399 1202 ,

1367 1216 1727 1268 quemadmodum
1750 1218 1887 1259 forma
1915 1220 2103 1261 consistit
2127 1221 2172 1262 in
2201 1224 2402 1276 qualitate

1367 1285 1619 1346 intrinseca.
1638 1287 1875 1340 Speculatio
1911 1303 2008 1343 quae
2041 1297 2101 1332 est
2130 1293 2173 1332 in
2203 1295 2402 1347 operibus

1366 1359 1533 1398 naturae
1569 1358 1651 1398 alia
1678 1362 1740 1399 est
1770 1372 1867 1411 quae
1894 1364 1956 1401 est
1987 1363 2173 1413 operatio
2206 1366 2397 1416 naturae,

1365 1427 1446 1467 alia
1476 1428 1697 1470 industriae
1722 1444 1729 1470 :
1753 1433 1922 1471 naturae
1940 1464 1950 1482 ,
1971 1435 2019 1472 ut
2039 1433 2083 1473 in
2105 1435 2372 1485 germinibus
2388 1467 2399 1485 ,

1367 1497 1410 1537 iu
1430 1499 1655 1540 arboribus
1671 1531 1680 1549 ,
1703 1501 1745 1540 in
1766 1502 2043 1553 animalibus;
2065 1506 2253 1556 operatio
2273 1506 2402 1547 indu-

1366 1569 1480 1610 striae
1500 1573 1575 1620 est,
1597 1571 1752 1611 scilicet
1773 1573 1967 1624 artificis,
1991 1587 2088 1627 quae
2109 1577 2337 1618 attenditur
2355 1579 2401 1618 in

1366 1640 1567 1692 picturis,
1593 1643 1633 1681 et
1655 1641 1699 1681 in
1719 1642 1952 1693 caelaturis,
1979 1645 2212 1697 scriptura,
2246 1650 2288 1687 et
2317 1648 2399 1688 hu-

1360 1709 1564 1761 jUsmodi.
1590 1710 1665 1751 Illa
1701 1724 1797 1763 quae
1826 1716 1888 1752 est
1920 1713 1963 1752 in
1997 1716 2210 1767 moribus,
2244 1718 2400 1769 partim

1365 1782 1426 1819 est
1445 1792 1498 1820 ex
1518 1780 1787 1823 institutione
1807 1783 1951 1824 divina
1967 1816 1976 1834 ,
2000 1786 2154 1837 partim
2175 1790 2237 1827 est
2256 1800 2310 1828 ex
2333 1788 2400 1828 in-

1363 1851 1582 1892 stitutione
1602 1852 1804 1893 humana.
1831 1853 1893 1894 Ad
1915 1855 2059 1896 divina
2086 1856 2278 1899 instituta
2303 1871 2399 1911 per-

1363 1921 1500 1961 tinent
1520 1922 1722 1974 obsequia
1754 1924 1924 1974 divina,
1959 1927 2000 1964 et
2033 1925 2227 1967 Ecclesiae
2258 1940 2396 1969 saera-

1364 1994 1533 2041 menta3
1559 1993 1608 2032 ad
1632 1993 1822 2034 humana
1851 1995 2042 2036 instituta
2072 1998 2284 2049 pertinent
2313 1998 2396 2039 hu·-

1365 2073 1503 2102 manae
1524 2063 1633 2114 legis
1655 2066 1995 2107 consuetudines.
2018 2067 2169 2108 Divina
2188 2068 2396 2110 institutio

1363 2133 1666 2184 propterviam
1687 2135 1973 2187 superiorem3
1993 2138 2206 2189 humana,
2227 2143 2397 2193 propter

1362 2201 1620 2244 inferiorem.

1509 2363 1776 2409 PSALMUS
1807 2366 1988 2412 DAVID
2021 2369 2240 2417 CXXXV.

1416 2491 1456 2527 -1,
1479 2487 1757 2539 Confitemim'
1773 2491 1972 2533 Domino.
1992 2494 2150 2547 Duplex
2166 2498 2389 2541 confessio:

1361 2557 1442 2597 alia
1461 2557 1613 2608 laudis,
1630 2558 1712 2599 alia
1732 2560 1936 2603 criminis,
1961 2563 2170 2607 Confessio
2187 2568 2388 2620 criminis,

1360 2631 1421 2668 est
1452 2629 1672 2670 conversio
1701 2633 1929 2683 peccatoris
1960 2648 1969 2674 :
1998 2637 2202 2679 confessio
2228 2638 2388 2691 laudis,

1360 2702 1422 2739 est
1440 2699 1775 2751 glorificationis.
1799 2702 1943 2745 Prima
1962 2709 2024 2746 est
2055 2707 2098 2747 in
2121 2708 2392 2752 detestatione

1360 2770 1480 2822 mali;
1503 2772 1702 2822 secunda,
1726 2773 1771 2813 in
1791 2775 2052 2818 exultatione
2068 2778 2181 2820 boni.
2204 2779 2390 2822 Primam

1359 2842 1468 2895 parit
1487 2842 1614 2882 timor
1630 2855 1639 2893 ;
1664 2845 1894 2886 secundam
1913 2859 2047 2889 amor.

1417 2915 1455 2952 5.
1475 2913 1562 2965 Qui
1578 2914 1683 2965 fecit
1697 2915 1820 2956 coelos
1840 2917 1885 2957 iu
1904 2918 2130 2960 intellectu.
2147 2920 2389 2965 Secundum

1360 2983 1652 3035 Augustinum
1672 2988 1700 3035 ⁴,
1724 2986 1783 3026 sic
1803 2987 1926 3029 debet
1942 2989 2095 3042 exponi
2118 3004 2127 3030 :
2153 2991 2392 3043 Confitemi-

1361 3055 1410 3095 πῖ
1422 3055 1631 3106 Domino,
1654 3058 1861 3110 quoniam
1884 3059 2037 3111 bonus,
2064 3061 2139 3113 qui
2157 3062 2251 3104 fecit
2269 3063 2361 3106 haec
2373 3097 2386 3117 ,

1359 3128 1401 3167 et
1419 3126 1512 3168 hoc.
1534 3126 1584 3168 Et
1604 3140 1737 3181 quare
1754 3130 2012 3171 confitemini
2032 3132 2096 3172 ei?
2112 3132 2326 3184 Quoniam
2345 3136 2389 3176 in

1361 3202 1570 3239 oeternum
1595 3199 1891 3241 misericordia
1917 3201 2019 3254 ejus.
2052 3201 2146 3243 Non
2165 3205 2279 3246 enim
2297 3207 2391 3248 vult

1359 3268 1629 3320 Augustinus
1642 3301 1652 3321 ,
1679 3271 1791 3323 quod
1810 3272 1945 3313 facere
1963 3272 2089 3314 coelos
2109 3274 2162 3315 sit
2181 3287 2288 3329 opus
2307 3278 2388 3319 mi-

1360 3338 1620 3389 sericordiae,
1645 3340 1717 3381 sed
1737 3341 1958 3393 bonitatis;
1981 3346 2023 3384 et
2041 3344 2134 3386 ideo
2159 3349 2389 3391 secundum

1359 3421 1458 3450 eum
1478 3411 1781 3453 resumendum
1803 3418 1865 3453 est
1884 3427 1893 3454 ε
1918 3413 2203 3466 Confitemim‘.
2226 3417 2389 3461 Secun-

2421 366 2559 400 signavit.

2456 460 2536 487 Sion.

2448 669 2557 702 Specu-

2420 707 2487 734 latio
2510 709 2559 736 tri-

2449 750 2527 783 plex.

2411 2512 2542 2548 montes·

2424 2554 2467 2581 sio
2490 2555 2540 2581 du-

2435 2596 2513 2631 Plexu
