2633 3878
283 241 359 281 398

282 326 541 363 deliberatum
573 319 815 368 dignoscitur
851 317 1044 355 inclinari.
1081 318 1146 355 Hic
1176 320 1308 354 autem

281 396 491 424 consensus
520 385 621 421 bene
654 384 815 419 vocatur
847 380 986 417 inferni
1021 382 1057 417 et
1087 380 1224 417 mortis
1255 379 1309 416 la-

281 460 428 497 queus,
449 447 544 495 quia
564 446 681 492 culpa
700 447 755 481 est
775 447 811 480 et
829 446 981 487 reatus3
1006 442 1122 489 culpa
1139 443 1306 478 mortem

279 509 521 558 spiritualem
541 508 691 553 irrogat
704 518 714 551 ;
737 505 882 542 scilicet
908 507 1037 541 reatus
1069 503 1121 540 ad
1143 506 1307 540 mortem

279 571 512 608 infernalem
532 569 694 616 obligat.

591 674 782 709 Articulus
807 671 992 707 secwzdus.

328 761 523 803 Quantum
549 756 600 792 ad
632 754 848 791 secundum
868 781 879 798 ,
910 751 1114 789 subditur:
1143 752 1305 788 Peccato-

281 832 356 857 rum
380 833 388 856 ;
414 821 573 867 peccata
601 826 774 863 namque
801 816 890 851 sunt
915 813 1010 861 legis
1037 813 1309 860 transgressio-

279 893 366 927 nes,
390 884 425 917 et
456 879 689 926 legislatoris
711 876 973 921 offensiones,
995 875 1046 912 ad
1070 885 1168 922 quas
1191 874 1307 911 trahi-

278 955 367 980 mur
395 953 464 990 per
500 941 745 986 occasiones,
777 938 888 987 quasi
913 948 984 985 per
1013 935 1304 984 dispositiones,

278 1007 320 1042 Et
340 1007 434 1042 nota
453 1004 556 1041 circa
571 1006 750 1051 peccata,
771 1001 881 1049 quod
911 1000 1088 1037 cavenda
1117 1002 1206 1035 sunt
1226 1009 1307 1046 spe-

277 1068 424 1104 cialiter
452 1069 613 1114 propter
631 1065 703 1101 tria
726 1076 734 1100 z
759 1063 870 1111 quod
890 1065 1061 1099 mentem
1090 1061 1305 1106 seducunt3

277 1129 388 1178 quod
426 1131 593 1165 mortem
631 1127 846 1172 inducunt3
882 1124 993 1172 quod
1022 1123 1074 1160 ad
1111 1122 1307 1160 infernum

279 1191 491 1228 deducunt.
533 1189 704 1226 Primum
742 1187 888 1224 faciunt
921 1187 962 1222 in
1001 1184 1304 1232 congressione3

277 1252 493 1289 secundum
514 1280 524 1297 ,
559 1251 598 1287 in
632 1250 938 1297 transgressione
954 1278 964 1295 ‚
1001 1252 1037 1285 et
1070 1248 1248 1293 tertium,
1267 1248 1306 1284 in

277 1314 511 1360 egressione.
535 1315 584 1349 De
600 1313 729 1360 primo
751 1312 761 1332 ¹
783 1325 791 1348 ε
819 1325 835 1345 «
854 1313 1079 1353 Peccatum,
1100 1310 1306 1347 occasione

276 1379 462 1423 accepta,
489 1386 559 1423 per
589 1373 821 1411 mandatum
852 1372 1006 1410 seduxit
1039 1383 1133 1409 me:
1165 1385 1182 1405 n
1218 1382 1306 1408 ecce

277 1441 482 1486 peccatum
511 1436 665 1482 mentis,
685 1436 754 1472 sed
770 1435 957 1472 uctivum.
990 1437 1038 1471 De
1059 1433 1234 1471 secundo
1256 1433 1269 1453 ‘²
1296 1446 1304 1470 :

281 1515 297 1533 «
311 1502 379 1537 Per
397 1510 520 1536 unum
545 1498 749 1535 hominem
761 1499 964 1545 peccatum
989 1496 1028 1533 in
1053 1497 1158 1533 hunc
1192 1506 1307 1532 mun—

277 1561 554 1606 dumintravit,
570 1563 686 1608 etper
699 1561 906 1607 peccatum
925 1569 1029 1595 mors
1051 1571 1058 1594 :
1075 1572 1093 1593 »
1117 1568 1205 1595 ecce
1220 1568 1307 1605 pec-

276 1628 406 1661 catum
426 1623 564 1660 mortis
584 1621 845 1659 inductivum.
864 1636 880 1654 u
905 1623 956 1658 De
976 1620 1087 1658 tertio
1101 1622 1114 1642 ³
1141 1632 1149 1656 z
1176 1634 1194 1654 ι(
1207 1621 1305 1658 Ocu—

276 1686 335 1723 lus
350 1685 516 1723 adulteri
535 1685 718 1722 observat
734 1683 966 1730 caliginem3
981 1695 998 1717 n
1015 1686 1051 1719 et
1071 1682 1172 1719 intra
1192 1696 1200 1718 :
1223 1695 1241 1715 «
1262 1683 1305 1718 Et

275 1758 400 1795 usque
421 1747 472 1782 ad
503 1747 648 1783 inferos
679 1748 884 1794 peccatum
915 1744 1044 1781 illius:
1067 1757 1084 1779 n
1111 1754 1197 1780 ecce
1217 1753 1307 1790 pec-

277 1813 406 1846 catum
427 1809 478 1845 ad
497 1808 643 1844 inferos
668 1817 794 1855 usque
815 1806 1084 1843 deductivum.

606 1912 797 1947 Artzssculus
831 1912 971 1946 tertius.

323 1998 517 2041 Quantum
556 1993 608 2030 ad
644 1993 798 2029 tertium
827 2021 838 2038 ,
871 1991 1030 2029 additur
1067 2003 1076 2027 z
1110 1992 1157 2027 Et
1199 1993 1306 2037 quem

276 2064 396 2104 tuam,
419 2057 460 2093 id
492 2059 570 2101 est,
598 2055 695 2102 legis
717 2054 1000 2091 obeditionem.
1023 2053 1110 2099 Legi
1132 2063 1305 2100 namque

276 2120 468 2156 debemus
495 2117 657 2154 obedire
679 2129 687 2152 :
712 2117 863 2164 quare?
882 2118 1041 2163 propter
1072 2114 1143 2151 tria
1174 2115 1306 2162 praeci-

274 2192 350 2230 pue
384 2193 392 2217 ε
426 2180 520 2229 quia
547 2178 760 2227 pacificans
771 2190 781 2223 ;
819 2177 913 2225 quia
938 2176 1179 2223 justificans3
1212 2177 1305 2224 quia

276 2243 504 2280 beatificans
527 2253 534 2277 :
559 2241 624 2277 lex
653 2240 760 2276 enim
788 2239 994 2285 diligentes
1022 2238 1227 2286 pacificat3
1249 2238 1305 2275 fa-

278 2305 420 2341 cientes
448 2302 661 2350 Justificat3
697 2301 991 2345 custodientes,
1024 2311 1093 2337 seu
1126 2311 1306 2347 perseve-

276 2371 405 2405 rantes
437 2365 646 2403 beatificat.
682 2367 733 2401 De
765 2364 894 2412 primo
928 2364 1163 2400 cantatur'0:
1191 2377 1208 2397 «
1228 2366 1305 2400 Pax

277 2429 400 2467 multa
431 2426 689 2474 diligentibus
719 2426 850 2472 legem
882 2428 986 2461 tuam
1012 2437 1020 2461 ε
1051 2439 1067 2459 n
1098 2436 1186 2462 ecce
1216 2425 1304 2461 dili-

277 2491 448 2539 gentium
469 2489 596 2536 legem
609 2487 842 2536 pacificatio.
859 2489 909 2523 De
923 2486 1097 2523 secundo
1114 2489 1127 2509 ⁵
1150 2499 1157 2523 :
1178 2500 1196 2521 ι(
1213 2489 1305 2524 Fac-

276 2555 380 2587 tores
411 2549 507 2596 legis
532 2547 851 2595 justificabuntur
880 2559 887 2582 :
919 2560 936 2580 »
959 2557 1047 2583 ecce
1079 2546 1305 2584 facientium

276 2613 403 2659 legem
428 2610 667 2658 justificatio.
703 2611 753 2645 Dc
786 2607 955 2645 tertioss:
989 2621 1007 2642 «
1033 2608 1105 2653 Qui
1138 2609 1307 2646 custodit

276 2675 403 2721 legem
418 2701 426 2717 2
446 2673 583 2709 beatus
604 2673 660 2708 est
680 2683 688 2707 t
713 2686 728 2703 »
754 2681 841 2707 cece
861 2674 1156 2718 perseveranter
1175 2671 1305 2717 legem

277 2734 579 2773 custodientium
601 2733 850 2770 beatificatio.

600 2839 789 2874 Articulus
815 2841 980 2884 quartus.

324 2923 519 2967 Quantum
551 2919 603 2956 ad
636 2922 841 2967 quartum,
875 2919 1152 2967 superadditur
1189 2933 1196 2956 :
1226 2923 1304 2958 Non

277 2996 356 3022 sum
376 2985 507 3020 oblc'tus
522 3010 534 3028 ‚
556 2982 667 3029 quasi
688 2982 792 3018 dicat
811 2995 818 3018 :
838 2985 868 3019 Α
887 2982 984 3029 legis
1005 2982 1254 3030 obeditione,
1282 2995 1305 3021 a

278 3057 358 3095 qua
388 3044 499 3081 multi
524 3043 773 3080 retrahuntur
802 3043 1021 3089 oblivione,
1041 3054 1122 3081 non
1152 3055 1214 3081 me
1243 3055 1306 3081 rc-

278 3108 392 3147 traxit
424 3106 574 3144 oblivio
602 3134 612 3151 ,
645 3104 810 3141 Domino
844 3107 1083 3151 protegente.
1116 3108 1159 3142 Et
1186 3110 1304 3152 nota,

278 3170 388 3219 quod
418 3169 492 3205 tria
529 3170 648 3213 sunt,
681 3177 852 3214 quorum
889 3166 1011 3215 aliqui
1043 3178 1124 3204 non
1162 3168 1306 3206 debent

278 3243 360 3269 esse
390 3231 500 3268 obliti
529 3242 537 3266 :
558 3232 696 3277 utputa
715 3228 894 3265 divinum
916 3232 1094 3276 pactum,
1127 3230 1305 3268 divinum

278 3293 542 3338 beneficium,
575 3294 612 3329 et
646 3292 853 3340 proprium
884 3291 1148 3330 malefactum.
1187 3293 1304 3330 Primi

322 3394 329 3411 ¹
351 3392 454 3430 Rom„
479 3397 549 3430 vn,
572 3391 621 3421 tt.
642 3406 683 3412 —
710 3389 721 3408 ²
746 3389 852 3430 Rom,
880 3397 913 3430 ν,
942 3391 989 3422 ¹·..
1009 3407 1049 3414 —
1075 3390 1086 3408 ³
1105 3390 1182 3432 λοῦ,
1206 3399 1302 3431 mv,

280 3440 335 3478 15,
368 3440 417 3470 19.
445 3455 484 3460 —
510 3437 524 3459 ¹·
548 3435 644 3468 Psal.
673 3436 756 3477 hoc,
780 3439 849 3468 165.
878 3454 918 3460 —
944 3438 954 3455 ⁵
985 3438 1090 3479 Rom„
1122 3446 1165 3478 ιι,
1192 3440 1241 3470 13.
1263 3456 1301 3462 -

280 3487 292 3506 ⁶
314 3488 422 3524 Pron„
440 3492 537 3524 xxix,
560 3485 607 3516 ¹8.
623 3501 665 3507 —
683 3484 696 3505 '1
717 3485 825 3523 Pron„
847 3491 883 3525 ιι,
908 3486 956 3516 ¹8.
971 3502 1012 3508 —
1031 3485 1146 3517 8Ρεαί.
1168 3493 1302 3527 Lxxvn,

978 229 1252 272 EXPOSITIO
1282 228 1336 270 IN
1366 228 1717 272 PSALTERIUM.

1383 319 1546 366 quidem
1564 319 1607 355 fit
1625 318 1774 356 oblivio
1793 321 1954 366 propter
1977 319 2209 368 libidinem;
2230 323 2406 369 secundi,

1382 384 1544 428 propter
1563 381 1904 428 ingratitudinem3
1922 382 2035 427 tertii,
2055 384 2214 430 propter
2228 383 2407 432 impoeni-

1382 443 1573 479 tudinem.
1608 445 1657 479 Dc
1688 443 1841 490 primo,
1875 442 1944 478 ubi
1981 442 2124 489 legitur
2159 443 2208 480 de
2243 446 2407 484 muliere

1382 504 1488 540 mala
1509 506 1521 527 ⁷
1544 516 1552 540 :
1578 517 1596 538 «
1623 505 1793 552 Reliquit
1821 505 1962 541 ducem
1993 505 2208 551 pubertatis
2243 517 2322 543 suae
2340 534 2352 552 ‚
2373 510 2409 544 et

1381 563 1485 611 pacti
1516 563 1581 599 Dei
1610 563 1670 599 sui
1700 563 1823 599 oblita
1842 565 1898 599 est
1919 574 1927 598 :
1950 576 1967 597 »
1991 574 2079 599 ecce
2111 563 2259 601 oblivio
2288 564 2409 602 divini

1382 625 1498 672 pacti.
1526 626 1575 660 Dc
1597 624 1771 660 secundo
1792 624 1974 661 scribitur
1993 635 2014 661 a
2035 624 2345 673 psalmographo
2366 625 2406 662 ⁸:

1388 700 1404 720 (ι
1423 686 1538 723 Obliti
1567 688 1657 721 sunt
1686 685 1982 723 benefactorum
2012 688 2118 734 ejus,
2145 701 2162 722 »
2196 690 2267 725 etc.
2289 701 2300 724 ε
2321 699 2408 727 ecce

1383 747 1531 784 oblivio
1553 746 1674 783 divini
1693 746 1898 783 benefacti.
1917 749 1967 784 De
1986 749 2098 785 tertio
2112 749 2125 770 ⁹
2143 761 2150 785 :
2173 762 2190 783 «
2209 750 2409 797 Numquid

1382 808 1494 845 obliti
1521 808 1609 845 estis
1630 808 1735 845 mala
1753 811 1902 854 vestra,
1929 812 1965 845 et
1995 809 2100 847 mala
2134 821 2305 848 uxorum
2323 822 2409 849 ves-

1381 872 1550 916 trarum,
1584 881 1672 918 quae
1706 869 1880 907 fecerunt
1918 870 1958 907 in
1994 873 2094 908 terra
2129 871 2259 909 Juda?
2280 886 2297 906 »
2321 883 2408 910 ecce

1382 932 1530 969 oblivio
1551 932 1700 980 proprii
1727 932 1934 970 malefacti.

1810 1040 1980 1082 Epilogus.

1430 1123 1472 1157 Et
1495 1119 1570 1157 hoc
1590 1123 1659 1166 est,
1686 1120 1796 1168 quod
1816 1121 1868 1157 ait
1887 1120 2079 1168 Propheta
2098 1121 2137 1157 in
2157 1122 2228 1158 viri
2250 1122 2405 1160 discreti

1383 1193 1552 1230 persona
1577 1195 1584 1219 :
1612 1184 1726 1219 Funes
1755 1184 1986 1229 circumpleaez'
2011 1187 2096 1219 sunt
2121 1194 2193 1230 me,
2219 1187 2410 1231 quantum

1382 1244 1435 1281 ad
1455 1244 1700 1288 occasiones,
1719 1254 1790 1291 pcr
1817 1255 1915 1291 quas
1942 1245 2208 1282 attrahebatur
2220 1258 2231 1292 3
2251 1250 2410 1292 peccato-

1380 1318 1475 1350 rum,
1497 1310 1688 1354 quantum
1705 1305 1757 1341 ad
1775 1305 2028 1352 ostensiones,
2051 1307 2103 1343 ad
2123 1317 2221 1354 quas
2240 1308 2408 1345 attrahe-

1381 1369 1497 1406 batur
1509 1381 1519 1415 3
1540 1372 1572 1405 et
1593 1370 1701 1414 lenem
1720 1371 1827 1410 taam,
1847 1370 2039 1415 quantum
2056 1368 2108 1404 ad
2126 1369 2409 1414 obedientiam,

1382 1442 1406 1468 a
1425 1442 1506 1479 qua
1521 1431 1667 1468 retrahi
1687 1431 1916 1477 verebatur3
1936 1442 2004 1466 non
2022 1441 2099 1467 sum
2120 1432 2268 1476 oblitus,
2288 1441 2411 1479 quan-

1381 1497 1464 1530 tum
1485 1493 1536 1530 ad
1557 1493 1823 1539 oblivionem,
1843 1504 1914 1540 per
1939 1504 2059 1540 quam
2086 1493 2155 1530 etsi
2181 1504 2263 1531 non
2288 1495 2408 1531 retra-

1380 1555 1562 1601 hebatur,
1583 1557 1753 1592 attamen
1773 1555 1916 1592 retrahi
1938 1555 2160 1604 yerebatur.

1740 1702 1957 1730 VERSICULUS
1983 1702 2059 1728 xlv.

1428 1809 1485 1844 ⁴52.
1509 1805 1631 1843 Media
1659 1810 1771 1851 nocte,
1803 1808 1874 1842 etc.
1901 1808 2202 1843 Instrumentum
2237 1805 2409 1853 primum

1379 1868 1571 1915 praecessit
1598 1868 1651 1904 ad
1682 1868 1844 1904 rationis
1875 1867 2151 1904 discretionem
2188 1867 2407 1915 pertinens;

1379 1930 1680 1966 instrumentum
1695 1930 1913 1967 secundum
1934 1931 2108 1968 succedit
2121 1930 2174 1967 ad
2194 1930 2409 1968 affectionis

1379 1991 1632 2028 devotionem
1652 1992 1819 2029 attinens
1842 2004 1851 2029 ι
1873 1993 2044 2030 ostendit
2067 1993 2172 2030 enim
2198 1993 2316 2031 series
2334 1993 2408 2030 hu-

1380 2054 1440 2101 jus
1458 2065 1607 2100 versus,
1629 2065 1751 2101 quam
1776 2054 1941 2101 illectus,
1962 2066 2083 2103 quam
2103 2057 2265 2102 erectus,
2287 2066 2409 2104 quam

1379 2115 1592 2163 perfectus,
1623 2127 1745 2163 quam
1776 2121 1984 2164 provectus
2017 2118 2136 2156 debet
2166 2129 2248 2155 esse
2283 2118 2407 2155 eccle-

1378 2177 1538 2215 siasticae
1570 2179 1792 2216 devotionis
1827 2180 2001 2217 affectus.
2029 2182 2205 2225 Quorum
2234 2181 2408 2229 primum

1377 2238 1525 2276 indicat
1558 2241 1712 2288 tempus
1723 2253 1733 2287 3
1768 2241 2008 2288 secundum,
2047 2245 2197 2290 motus3
2230 2243 2407 2289 tertium,

1378 2301 1587 2348 terminus;
1609 2305 1817 2350 quartum,
1844 2303 1994 2341 motiva
2019 2304 2142 2350 ratio,
2163 2305 2242 2342 sive
2270 2305 2404 2342 virtus.

1709 2408 1901 2443 Articulus
1922 2409 2077 2453 primus.

1426 2488 1548 2525 Media
1568 2492 1680 2525 nocte.
1702 2488 1767 2525 Hic
1787 2491 1894 2535 nota,
1917 2500 2038 2536 quam
2067 2490 2217 2528 illectus
2234 2491 2283 2528 sit
2304 2491 2408 2530 illius

1379 2550 1600 2587 devotionis
1624 2550 1801 2587 affectus
1823 2551 1919 2588 Satis
1938 2551 2051 2588 illum
2072 2553 2282 2600 opinamur
2299 2554 2406 2591 illec-

1378 2616 1484 2658 tum,
1518 2613 1586 2660 qui
1624 2613 1882 2661 tranquillum
1920 2613 2081 2660 negligit
2113 2615 2284 2663 lectum3
2317 2616 2407 2653 satis

1378 2675 1540 2712 avidum
1562 2675 1614 2712 ad
1634 2675 1919 2723 perficiendum
1945 2676 2141 2722 effectum,
2163 2678 2230 2725 qui
2249 2682 2408 2716 noctur·

1377 2750 1473 2776 num
1501 2739 1701 2775 somnium
1732 2738 1874 2775 descrit
1905 2739 2174 2786 imperfectum
2185 2753 2196 2787 ς
2227 2741 2298 2778 ubi
2328 2742 2407 2779 sin-

1378 2811 1466 2837 cera
1491 2800 1657 2837 charitas
1676 2804 1828 2846 movet,
1850 2800 1918 2837 ubi
1939 2811 2076 2838 severa
2101 2802 2306 2839 necessitas
2325 2814 2406 2840 non

1378 2865 1540 2898 coercet.
1562 2864 1604 2898 Et
1622 2864 1729 2907 nota,
1741 2861 1851 2909 quod
1867 2862 2027 2899 affectus
2048 2862 2177 2899 devoti
2192 2863 2246 2900 sic
2261 2863 2407 2901 debent

1377 2934 1458 2961 esse
1478 2923 1598 2960 illecti
1621 2934 1754 2961 amore
1781 2923 1923 2971 triplici
1935 2937 1946 2971 3
1966 2923 2149 2961 videlicet
2169 2935 2302 2962 amore
2325 2925 2403 2970 Dei,

1377 2996 1512 3022 amore
1538 2985 1622 3031 sui,
1642 2996 1776 3023 amore
1795 2985 1966 3034 proximi
1988 2998 1997 3022 ε
2018 2986 2094 3023 hoc
2115 2989 2192 3034 est,
2219 2989 2262 3024 ut
2282 2989 2403 3024 Deum

1376 3047 1651 3095 magnificent,
1674 3051 1716 3084 ut
1741 3058 1781 3084 se
1810 3047 2087 3093 mundificent‚
2108 3051 2151 3085 ut
2176 3049 2402 3097 proximum

1375 3110 1580 3147 aedificent.
1603 3112 1652 3147 De
1671 3109 1800 3157 primo
1824 3110 1850 3133 ¹⁰
1872 3121 1906 3146 z«
1927 3110 2051 3148 Media
2067 3113 2182 3148 nocte
2202 3111 2343 3149 Paulus
2366 3114 2404 3149 et

1377 3173 1472 3209 Silas·
1493 3173 1701 3210 adorantes
1720 3172 1938 3209 laudabant
1961 3173 2172 3210 Dominum
2193 3185 2203 3210 ε
2225 3187 2244 3208 »
2266 3173 2321 3210 sic
2347 3173 2402 3210 af-

1375 3233 1496 3271 fectus
1517 3234 1649 3271 devoti
1670 3234 1840 3280 faciunt,
1861 3234 1929 3282 qui
1949 3235 2001 3271 ad
2019 3237 2230 3276 nocturnas
2247 3234 2401 3280 vigilias

1374 3296 1584 3333 Dominum
1600 3296 1798 3333 laudaturi
1808 3298 2062 3343 consurgunt.
2083 3298 2133 3333 De
2149 3295 2324 3333 secundo
2343 3296 2368 3319 ¹¹
2388 3307 2397 3332 :

1380 3373 1397 3393 α
1417 3359 1541 3396 Media
1566 3361 1680 3396 nocte
1699 3358 1850 3395 clamor
1867 3358 1991 3395 factus
2009 3361 2065 3396 est
2087 3370 2096 3395 :
2117 3360 2213 3394 Ecce
2232 3367 2400 3404 sponsus

1378 3445 1428 3474 ¹1.
1456 3459 1497 3465 —
1525 3442 1536 3460 ⁹
1565 3443 1699 3481 Jerem„
1730 3448 1829 3481 ηυξ,
1859 3442 1889 3472 9.
1920 3458 1960 3463 -
2000 3441 2024 3462 ¹⁰
2055 3441 2141 3480 Act„
2172 3448 2248 3481 xvi,
2278 3441 2330 3473 25.
2360 3458 2401 3464 -

1379 3490 1398 3507 ¹¹
1420 3488 1558 3530 Mutua„
1579 3496 1659 3528 xxv,
1680 3491 1709 3519 6.
