2633 3878
1051 203 1291 247 PSALMUS
1321 205 1422 247 XLI.

169 298 229 340 dit
251 311 260 339 t
283 297 331 339 in
352 306 433 350 quo
453 296 639 348 speravi,
661 293 774 335 unde
787 292 964 335 dicitur¹
986 306 994 333 :
1023 308 1041 331 (ι
1062 291 1199 334 Facia-

169 380 266 410 mus
285 369 324 410 ei
343 367 604 422 adiutorium
620 365 758 407 simile
775 365 868 407 sibi.
890 380 909 402 »

221 439 454 495 Sequitur:
479 439 562 487 Qui
582 437 728 480 edebat
743 446 879 490 panes
898 446 1023 479 meos.
1042 437 1097 478 De
1111 437 1202 490 qui-

168 512 249 555 bus
267 513 423 554 dicitur
439 513 479 552 2:
502 526 521 549 (ι
540 509 730 551 Fuerunt
749 508 856 549 mihi
873 508 1075 562 lacrymae
1093 520 1202 549 meae

169 593 298 634 panes
317 582 385 624 die
413 593 463 622 ac
491 582 626 621 nocte.
653 595 672 618 ι)
705 579 755 620 Et
780 579 880 620 alibi
898 582 912 605 ³
937 594 945 620 :
974 595 994 618 «
1013 579 1200 632 Surgite,

169 655 395 707 postquam
423 652 631 704 sederitis,
659 651 734 705 qui
761 651 1030 693 manducatis
1049 663 1203 705 panem

170 724 343 765 doloris.
364 737 383 762 »³
409 723 584 774 Quando
604 723 700 777 quis
722 735 799 776 pro
818 723 999 776 peccatis
1018 723 1143 774 dolet,
1165 726 1206 765 et

170 799 314 837 tamen
332 795 524 837 nondum
543 807 593 836 ea
612 795 780 849 plorare
798 798 950 848 potest,
972 798 1071 837 tunc
1090 795 1206 837 solus

170 867 260 920 ipse
289 879 442 920 panem
462 867 620 908 doloris
647 866 842 908 comedit.
871 866 1064 917 Quando,
1093 866 1206 921 quod

170 938 301 980 homo
327 939 441 980 dolet
469 939 666 989 interior,
697 939 882 981 exterior
901 939 1040 990 deflet,
1069 951 1206 980 unum

171 1021 326 1062 panem
345 1010 587 1062 comedunt,
608 1011 723 1052 unde
744 1012 823 1052 hoe
845 1025 854 1051 z
881 1011 962 1058 Qut·
977 1010 1123 1054 edebat
1133 1022 1208 1064 pa-

171 1090 246 1124 nes
266 1091 391 1124 meos.
414 1081 594 1122 Interior
614 1084 758 1123 autem
779 1082 907 1123 homo
933 1083 1209 1136 conqueritur

171 1152 223 1194 de
243 1153 463 1204 exteriori;
487 1154 587 1207 quia
605 1156 830 1207 postquam
851 1153 1047 1195 exhibuit
1073 1154 1110 1195 ei
1133 1166 1206 1207 pa-

173 1236 288 1275 nem,
307 1227 532 1279 postquam
552 1237 684 1279 panes
703 1225 860 1267 doloris
878 1238 977 1266 cum
998 1238 1048 1267 eo
1068 1238 1209 1267 come-

172 1295 246 1346 dit,
273 1298 420 1337 contra
450 1309 495 1337 se
525 1297 737 1349 insperate
769 1296 1003 1349 consurgit,
1034 1296 1206 1338 dicens:

173 1366 471 1420 Maqnificavit
481 1377 609 1420 super
619 1379 682 1410 me
692 1369 1095 1421 supplantationem.
1111 1368 1211 1410 Inde

175 1437 314 1490 magis
327 1438 529 1491 peccavit,
543 1439 642 1494 quia
656 1442 749 1494 post
759 1452 906 1493 pacem
923 1441 1091 1492 factam,
1111 1453 1210 1482 eum

176 1508 475 1561 supplantavit.
516 1510 597 1557 Qui
625 1510 771 1553 edebat
801 1522 949 1564 panes.
981 1511 1053 1552 Est
1089 1512 1211 1565 panis

27 1593 155 1629 scriptu·
173 1589 293 1619 saera
314 1579 545 1632 Scriptura.
577 1580 683 1622 Nam
716 1582 839 1635 panis
860 1582 905 1622 in
936 1582 1118 1634 clibano,
1149 1586 1212 1624 est

15 1644 48 1663 ra
72 1643 155 1663 sacra

13 1677 108 1712 panis.

172 1661 313 1691 sermo
330 1651 376 1691 in
398 1651 576 1692 historia
597 1652 763 1694 abditus
772 1669 782 1704 3
815 1654 860 1694 in
887 1655 1115 1707 sartagine,
1148 1657 1211 1695 est

171 1733 312 1763 sermo
330 1723 503 1764 moralis
523 1723 738 1776 decoctus;
757 1726 803 1766 in
821 1725 1036 1776 eraticula,
1067 1739 1208 1768 sermo

173 1793 378 1847 mysticus
396 1797 439 1836 et
456 1794 726 1847 allegoricus.
750 1796 859 1838 Nam
879 1797 924 1838 in
944 1799 1130 1841 Levitico
1152 1798 1210 1839 di—

174 1865 285 1924 eitur
303 1865 317 1888 ¹·
340 1880 349 1907 :
380 1881 399 1906 «
417 1865 510 1908 Fiat
528 1867 683 1909 oblatio
701 1868 752 1910 de
771 1881 880 1922 pane
900 1869 945 1910 in
965 1869 1144 1921 elibano,
1164 1871 1208 1912 in

171 1937 406 1990 sartagine,
437 1938 484 1978 in
512 1939 726 1980 craticula.
749 1954 767 1977 »
797 1939 905 1982 Nam
926 1952 1043 1981 saera
1065 1941 1206 1995 Scrip-

171 2010 269 2050 tura
288 2009 501 2061 historice,
523 2011 754 2062 moraliter,
773 2015 815 2054 et
834 2013 1063 2065 allegorice
1082 2025 1208 2067 expo-

171 2081 300 2123 nitur.
327 2080 379 2123 Et
405 2081 513 2123 sicut
530 2082 637 2124 illud
668 2084 782 2137 quod
811 2087 873 2125 est
904 2084 948 2125 in
969 2085 1203 2138 sartagine,

170 2153 313 2206 magis
342 2146 532 2206 apparet,
554 2166 685 2208 quam
711 2155 825 2208 quod
846 2158 908 2196 est
936 2155 981 2196 in
1013 2156 1202 2207 elibano;

169 2226 211 2265 et
228 2224 342 2278 quod
368 2224 495 2266 estin
522 2225 739 2277 craticula,
762 2226 919 2279 magis,
942 2240 1072 2281 quam
1092 2229 1206 2282 quod

169 2299 233 2338 est
248 2296 294 2338 in
305 2298 508 2351 utroque3
525 2296 584 2337 ita
597 2296 825 2350 allegorica
840 2299 1048 2352 expositio
1063 2300 1205 2352 magis

168 2370 342 2422 apparet
354 2370 551 2422 utraque,
573 2371 615 2410 et
637 2369 810 2410 moralis
830 2370 972 2423 magis
992 2383 1122 2424 quam
1141 2371 1205 2412 lit-

16 2453 152 2500 cnqistu„
166 2438 327 2480 teralis.
349 2439 477 2481 Panis
496 2443 559 2481 est
582 2439 789 2491 Christus,
811 2441 968 2483 scilieet
986 2443 1111 2496 panis
1133 2444 1203 2485 vi-

8 2502 106 2530 panis.

170 2522 266 2561 vuS,
287 2510 401 2552 unde
417 2510 500 2552 hoc
519 2511 532 2532 ³
556 2525 564 2552 :
595 2526 615 2550 ε(
636 2510 713 2552 Hic
732 2515 794 2552 est
816 2513 938 2565 panis
963 2513 1104 2565 vivus,
1129 2516 1203 2568 qui

168 2582 221 2626 de
233 2582 338 2624 coelo
357 2582 586 2624 descendit.
608 2596 628 2621 ι)
653 2582 729 2624 IIic
749 2584 869 2637 panis
889 2584 935 2625 in
953 2587 1077 2627 utero
1102 2579 1202 2628 Vir—

170 2655 284 2707 ginis
314 2654 520 2696 t'ormatus
536 2687 546 2706 ,
593 2654 638 2695 in
670 2667 745 2696 ara
776 2656 912 2697 erucis
943 2660 1106 2710 coctuS,
1149 2659 1201 2700 ad

167 2739 360 2769 mensam
377 2726 522 2768 altaris
542 2726 791 2768 sumendus,
814 2726 887 2768 Est
902 2728 1023 2781 panis
1042 2740 1198 2784 propo-

165 2798 287 2849 situs,
305 2797 461 2840 scilicet
479 2797 657 2852 apostoli
679 2812 687 2838 :
710 2810 812 2839 nam
831 2798 1054 2840 duodecim
1068 2812 1201 2853 panes

164 2869 463 2924 propositionis
476 2869 720 2922 significant
737 2870 960 2912 duodecim
973 2872 1198 2925 apostolos.

166 2941 274 2983 Nam
294 2941 406 2983 sicut
423 2941 596 2983 illorum
625 2954 788 2996 panum
817 2942 925 2993 loco,
956 2942 998 2984 id
1018 2945 1081 2984 est
1102 2945 1197 2986 sab-

165 3012 279 3064 bato,
300 3012 372 3053 alii
401 3012 786 3064 substituebantur3
820 3013 879 3054 ita
899 3014 1097 3067 apostolis
1128 3015 1200 3056 alii

165 3085 470 3135 successerunt,
489 3084 603 3126 unde
622 3085 754 3126 hoc⁰z
777 3083 891 3126 «Pro
907 3085 1102 3139 patribus
1115 3087 1199 3128 tuis

166 3154 254 3196 nati
273 3156 372 3196 sunt
396 3154 475 3196 tibi
508 3155 601 3197 filii.
623 3170 643 3194 ›>
679 3155 752 3197 Est
782 3156 904 3210 panis
936 3158 1197 3210 refectorius,

165 3225 324 3268 scilicet
341 3225 558 3280 lacrymae,
573 3227 688 3268 unde
701 3227 781 3269 hoc
795 3229 807 3250 ⁷
828 3242 837 3268 :
856 3243 875 3267 α
885 3227 1079 3270 Fuerunt
1093 3230 1198 3271 milii

164 3296 367 3352 lacrymae
385 3309 494 3340 meae
507 3309 638 3352 panes
651 3298 718 3340 die
737 3311 786 3341 ac
803 3302 940 3351 nocte,
955 3314 974 3338 »
994 3312 1092 3354 quae
1112 3301 1200 3342 ani-

168 3380 282 3411 mam
301 3369 510 3412 reficiunt.
534 3369 607 3412 Est
634 3370 756 3425 panis
777 3371 1064 3426 quotidianus,
1087 3372 1197 3414 scili-

214 3475 337 3521 ¹Ge1z.,
355 3487 396 3522 11,
418 3481 523 3512 18.-
543 3480 557 3502 ἱ
573 3479 666 3513 Psal.
687 3488 760 3521 xm,
782 3483 811 3514 4.
827 3499 866 3506 -
889 3481 902 3504 ⁸
921 3481 1011 3515 Psal.
1029 3489 1148 3524 cxxvi,
1168 3485 1196 3514 2.

169 3539 209 3548 -
229 3522 244 3547 δ
267 3523 383 3568 Lavit„
407 3535 468 3569 vn,
489 3529 520 3562 9.
540 3546 580 3552 -
599 3529 610 3548 ⁵
629 3529 737 3569 Joan.‚
759 3537 808 3571 v1,
829 3531 880 3563 59.
901 3548 941 3553 —
959 3530 974 3553 ⁶
992 3529 1084 3562 Psal.
1107 3538 1198 3571 κων,

327 3597 425 3629 Tou.
455 3599 516 3628 lx.

2236 218 2313 258 5209

1274 297 1339 335 cet
1361 295 1556 348 charitas,
1588 298 1699 339 unde
1718 299 1797 340 hoe
1818 305 1830 326 Β
1851 313 1859 341 :
1889 302 2083 346 «Panem
2111 309 2306 347 nostrum

1273 365 1569 418 quotidianum
1601 368 1655 408 da
1684 370 1804 410 nobis
1838 372 1976 414 hodie.
2009 391 2027 413 »
2063 375 2170 416 Nam
2200 376 2308 418 sicut

1274 436 1395 488 panis
1414 449 1512 479 cum
1545 439 1662 480 omni
1688 440 1783 481 cibo
1814 444 2011 496 sumitur,
2042 447 2099 488 ita
2124 448 2306 489 charitas

1276 519 1375 548 cum
1388 509 1505 550 omni
1519 522 1645 563 opere
1660 511 1782 552 dehet
1793 524 1896 553 esse.
1914 514 2019 556 Nam
2035 517 2142 559 sieut
2160 532 2308 560 mensa

1277 578 1398 632 inops
1420 583 1483 621 est
1502 581 1592 623 sine
1612 594 1735 635 pane,
1759 583 1815 624 ita
1837 595 1944 637 opus
1965 586 2086 640 inops
2107 590 2195 629 sine
2214 591 2309 632 cha-

1278 651 1415 693 ritate.
1439 652 1544 694 Nota
1567 669 1575 695 :
1599 655 1752 696 dieitur
1777 668 1800 696 a
1821 661 1906 707 πᾶν,
1930 659 2044 710 quod
2073 664 2134 700 est
2159 665 2310 715 totum,

1278 723 1381 776 quia
1400 736 1499 765 cum
1519 726 1635 766 omni
1663 726 1755 768 cibo
1787 728 1975 780 ponitur.
2002 729 2073 770 Est
2094 733 2214 784 panis
2234 747 2313 774 vo·

1279 793 1420 835 luntas
1440 795 1526 847 Dei,
1546 796 1660 838 unde
1679 797 1760 838 hoe
1777 798 1790 818 ‘³
1815 812 1824 838 :
1855 815 1873 837 «
1894 799 2011 841 Meus
2031 801 2149 842 cibus
2171 807 2246 854 est,
2272 808 2316 846 ut

1280 865 1430 907 faciam
1450 867 1713 909 voluntatem
1739 868 1873 910 Patris
1892 872 1990 912 mei.
2014 889 2032 909 n

1483 1032 1751 1078 PSLAMUS
1784 1036 1966 1082 DAVJD
1999 1039 2111 1084 XLI.

1338 1159 1377 1196 2.
1426 1158 1787 1204 Quemadmodmn
1826 1163 2040 1208 desiderat
2077 1178 2223 1211 cervus
2263 1170 2321 1212 acl

1284 1228 1424 1279 fontes
1445 1241 1669 1283 aquarum.
1689 1232 1873 1274 Ostendit
1892 1247 2079 1288 causam,
2103 1251 2235 1291 quare
2255 1241 2321 1281 dt·-

1285 1300 1381 1341 heat
1411 1302 1622 1354 exaudiri,
1658 1305 1814 1346 scilicet
1835 1320 1912 1360 pro
1944 1311 2178 1362 quantitate¹
2211 1313 2321 1354 desi-

1285 1372 1404 1423 derii,
1429 1373 1540 1414 unde
1564 1390 1570 1415 :
1600 1375 1961 1422 Quemculmoclmn
1983 1381 2215 1427 desiderat.
2241 1387 2321 1427 Pro

1285 1443 1489 1486 desiderio
1506 1446 1713 1498 interiori,
1736 1450 1850 1491 unde
1876 1451 1928 1503 [ᾖν.
1955 1453 1989 1505 3)
2014 1468 2021 1494 :
2046 1455 2204 1500 Sz'tt'vz't
2222 1460 2323 1501 (ιηὶ-

1285 1525 1369 1556 ma..
1386 1514 1466 1556 Pro
1481 1528 1605 1569 poena
1616 1521 1833 1572 exteriori,
1851 1524 1963 1564 unde
1976 1525 2057 1566 hoe
2073 1528 2126 1579 (V.
2142 1530 2179 1579 4)
2194 1542 2202 1569 :
2221 1531 2323 1574 Fae-

1285 1592 1390 1630 rtmc
1409 1588 1518 1630 milti
1545 1589 1746 1643 lacrymce
1765 1603 1880 1634 mese.
1911 1593 2018 1635 Nota
2043 1598 2167 1638 etiam
2197 1599 2241 1640 in
2260 1600 2324 1642 la·-

1285 1659 1442 1712 crymis
1459 1659 1795 1713 delectationem,
1819 1664 1932 1705 unde
1952 1666 2151 1710 dicuntur
2163 1682 2324 1727 pane&

1285 1729 1331 1770 in
1356 1729 1422 1770 his
1444 1733 1818 1786 perseverantiam,
1843 1736 1956 1777 unde
1977 1752 1984 1777 :
2022 1739 2096 1782 Die
2115 1753 2164 1784 ac
2186 1749 2318 1788 nocte.

1283 1800 1407 1842 Nota:
1429 1802 1702 1856 desiderium,
1725 1806 1814 1846 sive
1831 1808 2047 1861 cogitatio,
2068 1813 2157 1855 sive
2177 1816 2322 1859 anima

1283 1875 1345 1913 est
1357 1873 1398 1913 in
1416 1874 1588 1916 cerebro
1602 1876 1837 1918 secundum
1855 1879 2052 1933 physicos
2063 1898 2072 1934 ;
2087 1888 2323 1931 seeundum

1281 1944 1519 1998 theologos,
1543 1950 1605 1987 est
1627 1947 1673 1987 in
1693 1949 1817 1990 corde
1836 1962 1846 1990 :
1863 1952 1976 1993 unde
1991 1954 2186 2010 dicimUS,
2209 1961 2322 2013 quod

1283 2017 1348 2057 vis
1367 2018 1611 2060 inveniendi
1628 2023 1691 2061 est
1708 2020 1753 2061 in
1773 2024 1910 2074 eorde,
1934 2028 1973 2066 et
1993 2027 2037 2067 in
2058 2031 2229 2073 cerebro
2247 2049 2254 2073 :
2278 2034 2322 2074 in

1283 2089 1419 2138 eorde,
1445 2091 1680 2132 secundum
1704 2094 1946 2146 materian13
1971 2098 2014 2137 in
2042 2101 2228 2153 cerebro,
2252 2118 2320 2147 se-

1281 2160 1472 2201 cundum
1491 2162 1689 2202 formam.
1712 2162 1820 2205 Nam
1840 2178 1865 2206 a
1885 2169 2008 2209 corde
2029 2171 2144 2224 quid,
2168 2186 2191 2213 a
2205 2187 2318 2217 cere-

1281 2230 1358 2272 bro
1380 2231 1506 2285 quale
1526 2232 1816 2288 inveniamus,
1839 2237 2061 2282 habemus.
2086 2243 2202 2286 Unde
2223 2247 2320 2289 dici-

1280 2304 1350 2343 tur
1366 2303 1445 2355 vis,
1467 2303 1708 2358 ingenium,
1731 2308 1887 2350 similia
1906 2323 1959 2352 ex
1980 2313 2194 2358 similibus
2213 2331 2318 2372 pro-

1279 2385 1440 2415 creans.
1462 2374 1702 2418 Similitudo
1718 2382 1862 2422 autem
1876 2384 2016 2425 omnis
2034 2386 2184 2439 forma,
2205 2392 2317 2434 unde

1278 2444 1432 2487 dieitur
1456 2460 1464 2486 :
1493 2445 1571 2487 «Si
1603 2448 1759 2491 videris
1778 2451 1958 2505 longum
1985 2457 2239 2512 sapientem,
2265 2463 2318 2505 da

1280 2515 1463 2566 gloriam
1483 2517 1567 2559 Deo
1586 2533 1627 2559 z»
1642 2521 1743 2573 quia
1764 2522 1808 2563 in
1822 2535 1870 2565 eo
1890 2537 1962 2566 eor
1982 2533 2196 2574 remotum
2211 2539 2273 2576 est
2291 2550 2316 2578 a

1279 2587 1465 2640 cerebro,
1487 2592 1528 2630 et
1547 2582 1770 2633 cerebrum
1791 2606 1874 2636 non
1898 2601 2033 2650 potest
2063 2601 2220 2647 habere
2240 2608 2311 2649 ad-

1278 2658 1534 2700 miniculum
1563 2673 1587 2702 a
1607 2664 1744 2715 eorde,
1779 2669 1820 2707 et
1847 2679 1869 2708 e
1899 2681 2125 2725 converso;
2160 2680 2201 2718 et
2220 2679 2314 2723 ideo

1277 2729 1480 2781 cogitatio
1492 2731 1535 2772 in
1548 2731 1678 2786 longo
1693 2736 1772 2778 erit
1786 2737 1875 2780 sine
1887 2740 2024 2784 forma
2035 2751 2247 2798 quantum
2261 2752 2314 2793 ad

1277 2801 1515 2853 cerebrum,
1531 2804 1599 2845 vel
1619 2805 1708 2847 sine
1731 2811 1907 2852 materia
1927 2819 2139 2867 quantum
2156 2821 2208 2862 ad
2225 2835 2310 2866 cor.

1332 2875 1370 2913 5.
1394 2873 1493 2915 Hcee
1525 2877 1772 2922 recordatus
1805 2892 1914 2935 sum,
1950 2891 1989 2930 et
2007 2888 2143 2941 effudi
2173 2894 2222 2935 in
2254 2906 2315 2939 me

1277 2945 1469 2987 animam
1490 2957 1639 2990 meam.
1658 2950 1730 2991 Est
1747 2952 2001 2999 dilatationis
2015 2961 2181 3015 effusio,
2201 2968 2314 3009 unde

1275 3015 1357 3057 hoc
1377 3016 1431 3059 ¹⁰:
1452 3034 1471 3056 «
1491 3019 1640 3061 Oleum
1662 3023 1846 3066 effusum
1868 3040 2024 3072 nomen
2044 3034 2218 3077 tuum.»
2242 3037 2314 3080 Est

1275 3087 1426 3131 effusio
1455 3091 1749 3147 exultationiS,
1784 3100 1896 3141 unde
1924 3101 2049 3144 hoc¹¹
2074 3125 2082 3146 :
2119 3108 2313 3151 «Anima

1276 3172 1372 3202 mea
1390 3161 1615 3216 liquefacta
1640 3170 1717 3209 est.
1741 3184 1761 3207 »
1787 3170 1860 3212 Est
1880 3173 2029 3217 effusio
2050 3179 2313 3224 maledictio—

1275 3232 1355 3283 nis,
1389 3234 1503 3276 unde
1523 3235 1569 3278 in
1596 3238 1747 3283 Genesi
1766 3241 1816 3282 de
1850 3242 1996 3287 Ruben
2019 3249 2045 3270 ¹²

1275 3306 1353 3353 est,
1375 3304 1482 3346 sicut
1496 3318 1622 3360 aqua.

1329 3378 1369 3417 5.
1406 3377 1457 3418 1η
1492 3389 1588 3422 voce
1623 3382 1906 3428 exultationis
1943 3392 1980 3430 et
2013 3391 2308 3443 confessionis

2067 3263 2077 3290 :
2102 3265 2121 3289 α
2140 3251 2311 3296 Effusus

1282 3484 1378 3515 17.—
1398 3485 1412 3507 ⁷
1426 3485 1517 3517 Psvl.
1535 3494 1605 3527 xiil,
1624 3489 1709 3519 4.-
1726 3487 1739 3508 ⁸
1757 3489 1845 3528 Luc,
1864 3499 1913 3530 Χι,
1936 3496 2018 3525 3.-
2035 3497 2047 3515 ’
2065 3498 2175 3543 Joau„
2196 3511 2240 3542 1v,
2258 3505 2308 3536 34.

1277 3548 1316 3553 —
1339 3531 1363 3552 ¹⁰
1385 3532 1495 3573 Caret„
1514 3541 1537 3574 1,
1562 3537 1588 3565 1.
1612 3552 1648 3558 -
1671 3536 1689 3553 ¹¹
1713 3536 1823 3577 Cant„
1846 3546 1877 3578 v,
1896 3542 1926 3570 6,
1944 3558 1982 3565 -
2006 3544 2031 3565 12
2051 3545 2144 3586 Gen„
2166 3557 2259 3590 xLix,
2279 3554 2309 3583 4·

2103 3611 2152 3648 114

2341 376 2477 403 Charitas

2350 418 2447 454 panis.

2361 2465 2478 2495 Dictum

2336 2508 2371 2536 de
2386 2509 2477 2537 homi-

2337 2557 2372 2577 ne
2387 2550 2475 2587 longo
