2633 3878
300 237 378 276 450

299 322 484 371 cupiscite
501 350 511 366 ,
532 321 632 357 utin
659 330 706 356 eo
727 320 905 356 crescatis
933 319 972 354 in
993 318 1159 354 satutem
1173 341 1181 356 ,
1209 313 1241 348 si
1268 315 1321 347 ta-

298 394 389 420 men
415 383 598 429 gustatis,
620 381 810 429 quoniam
840 381 965 417 dulcis
994 383 1050 417 est
1083 376 1318 415 Dominus.»

298 448 391 482 Ecce
413 444 582 481 dulcedo
603 443 887 491 p1=aegustativa.

607 549 798 585 Arte‘culus
823 547 1006 584 sccundus.

342 634 538 677 Quantum
561 632 613 668 ad
639 632 811 679 primum
838 627 1100 678 praegustandi
1127 626 1294 663 modum
1312 654 1322 671 ,

295 694 505 741 adjicitur:
536 695 709 730 Faucibus
736 694 842 733 meis,
872 691 1061 739 quoniam
1088 690 1155 725 iste
1180 687 1322 724 modus

295 760 352 793 est
380 756 640 804 epulatorius,
671 759 707 792 et
737 754 889 802 epulari
920 752 1099 790 convenit
1128 751 1319 787 saucibus.

294 818 399 854 Felix
421 818 615 865 epulatio,
637 827 716 864 qua
735 816 887 853 bonum
909 825 1076 862 operans
1095 813 1134 849 in
1156 811 1321 848 Domino

294 879 493 924 gratulans
519 879 701 926 epulatur
720 889 809 914 cuin
831 877 1008 914 Domino.
1037 876 1094 912 Sic
1117 873 1323 921 epulantur

292 941 410 987 justi,
437 944 471 977 et
503 940 678 978 exultant
702 941 742 977 in
769 943 977 986 conspectu
1009 938 1085 974 nei.
1113 936 1186 973 Sed
1206 936 1320 979 nota,

293 1002 437 1050 quibus
454 1002 631 1039 faucibus
646 1002 732 1039 talis
752 1004 940 1047 congruat
958 997 1222 1047 praegustandi
1240 1006 1322 1031 mo-

293 1064 367 1101 dus
389 1076 397 1100 :
421 1065 514 1112 quia
533 1075 614 1101 non
635 1064 813 1100 faucibus
833 1062 1066 1099 stolidorum
1087 1059 1320 1101 avidorum,

293 1126 354 1163 vel
372 1125 619 1173 cupidorum,
633 1126 702 1162 sed
717 1124 854 1173 spiritu
871 1123 1126 1160 fervidorum.
1145 1122 1321 1165 Quorum

291 1188 407 1236 primi
433 1191 521 1224 sunt
552 1187 734 1233 sallaces;
767 1186 949 1230 secundi,
981 1195 1163 1230 voraces;
1194 1181 1319 1227 tertii,

290 1260 477 1297 rapaces;
502 1250 650 1296 quarti,
671 1249 827 1285 vivaces
849 1251 885 1285 et
916 1248 955 1284 in
984 1247 1099 1283 bonis
1135 1244 1321 1293 operibus

290 1313 481 1350 efficaces.
505 1315 552 1349 Dc
573 1313 726 1359 primo¹
751 1324 758 1348 :
783 1314 890 1348 «Non
910 1309 1111 1346 invenietis
1132 1309 1171 1344 in
1186 1308 1321 1353 lingua

290 1385 379 1412 mea
399 1375 667 1422 iniquitatem,
690 1385 761 1410 nec
783 1374 820 1409 in
840 1372 1020 1409 faucibus
1045 1371 1142 1407 meis
1163 1369 1321 1406 stultitia

288 1437 536 1484 personabit;
550 1450 567 1470 »
589 1436 701 1484 quasi
722 1436 847 1478 dicat,
869 1435 967 1471 sicut
987 1434 1027 1470 in
1046 1433 1227 1470 faucibus
1244 1434 1319 1467 sto-

287 1498 475 1535 lidorum.
499 1500 547 1535 Dc
567 1498 741 1535 secundo
763 1500 776 1520 2
799 1510 806 1534 :
834 1511 850 1531 «
871 1500 996 1544 Supra
1012 1505 1190 1532 mensam
1215 1504 1321 1540 mag-

288 1571 379 1597 nam
399 1560 531 1597 sedisti
545 1562 562 1596 7
582 1571 663 1597 11011
686 1560 853 1608 aperias,
882 1569 998 1606 super
1018 1557 1140 1602 illam,
1166 1556 1319 1592 faucem

288 1626 394 1659 tuam
421 1623 585 1670 pri01‘5n
611 1622 724 1670 quasi
747 1622 876 1666 dicat,
898 1621 996 1656 sicut
1024 1619 1171 1656 faciunt
1197 1617 1316 1654 avidi.

289 1686 338 1721 De
374 1685 485 1721 tertio
503 1686 515 1706 ³
539 1696 546 1720 z
573 1699 590 1717 «
618 1684 735 1728 Quasi
762 1683 894 1719 fauces
921 1683 1094 1718 virorum
1122 1681 1320 1716 latronum

288 1746 496 1793 participes
508 1746 756 1782 sacerdotum
772 1758 808 1781 ε»
824 1756 910 1781 ecce
923 1744 1052 1780 fauces
1067 1742 1316 1789 cupidorum.

289 1809 339 1844 De
361 1812 502 1855 quarto
523 1809 534 1828 ⁵
557 1821 565 1844 ;
583 1807 771 1844 «Custodi
793 1807 921 1853 legem
942 1816 1073 1841 meam
1093 1807 1210 1852 atque
1229 1814 1319 1839 con-

288 1869 418 1906 silium
437 1881 593 1916 meum,
623 1872 660 1906 et
680 1870 750 1906 erit
768 1869 846 1905 vita
866 1869 1005 1904 animae
1025 1871 1097 1903 tuae
1111 1895 1120 1913 ,
1143 1870 1177 1902 et
1197 1865 1320 1912 gratia

287 1931 466 1969 faucibus
484 1933 556 1968 tuis
579 1944 618 1968 ε»
642 1942 730 1968 ecce
751 1931 882 1967 fauces
903 1930 1041 1977 spiritu
1059 1929 1317 1965 fervidorum.

288 1996 350 2032 His
369 1995 545 2031 faucibus
564 1994 786 2031 novissimis
807 1992 990 2030 convenit
1009 1992 1077 2028 iste
1099 1992 1255 2028 modus.

628 2099 815 2135 Articulus
835 2100 977 2134 tertius.

336 2185 530 2228 Quantum
550 2183 602 2220 ad
621 2182 839 2219 secundum
871 2181 1095 2229 exponendi
1129 2180 1317 2225 modum,

289 2245 470 2282 scribitur
492 2258 499 2281 ε
523 2247 638 2292 Super
657 2246 746 2287 mel,
777 2244 818 2280 id
845 2247 925 2289 est,
949 2242 1202 2290 supcrdulcia
1233 2245 1322 2277 sunt

290 2307 448 2355 eloquia
465 2307 516 2343 ad
537 2306 773 2353 anagogiam
787 2305 1000 2342 attinentia.
1024 2307 1066 2340 Et
1081 2306 1186 2350 nota,
1209 2303 1320 2350 quod

289 2369 508 2416 anagogica
544 2369 694 2405 theoria
731 2379 837 2414 super
867 2369 934 2404 mel
948 2395 958 2413 ,
997 2366 1038 2402 id
1068 2369 1140 2412 est,
1183 2375 1320 2412 super-

291 2431 417 2467 dulcis
450 2430 591 2467 dicitur
622 2433 782 2478 propter
817 2430 920 2466 tria:
943 2431 1101 2476 propter
1126 2427 1320 2474 judicium

291 2492 550 2541 triumphale,
577 2492 783 2540 praemium
805 2491 1007 2529 essentiale
1022 2519 1033 2537 ,
1061 2493 1098 2527 et
1118 2489 1321 2538 praemium

291 2554 527 2591 accidentale
550 2566 558 2590 :
582 2565 752 2602 quorum
771 2554 944 2602 primum
965 2553 1132 2600 pertinet
1159 2552 1211 2588 ad
1235 2550 1321 2588 seli-

292 2618 446 2653 citatem
463 2616 728 2663 adjudicatam
744 2630 753 2663 3
770 2616 987 2653 secundum
1004 2643 1014 2660 ,
1031 2614 1082 2651 ad
1100 2614 1321 2650 felicitatem

291 2680 528 2725 increatam;
568 2678 748 2723 tertium,
783 2678 834 2715 ad
864 2677 1085 2714 felicitatem
1118 2678 1317 2713 creatam:

291 2741 472 2778 vocando
493 2740 716 2777 felicitatem
733 2742 901 2776 creatam
917 2768 925 2784 ,
942 2739 1214 2784 etincreatam,
1232 2749 1320 2786 quae

292 2803 549 2839 terminantur
578 2802 629 2840 ad
649 2805 830 2839 naturam
862 2804 1046 2847 creatam,
1082 2800 1144 2836 vel
1170 2800 1321 2836 increa-

292 2864 442 2910 tam,id
462 2867 541 2910 est,
558 2864 841 2910 jucunditatem
854 2864 900 2900 de
920 2864 1028 2900 bono
1044 2863 1236 2908 increato,
1258 2862 1321 2898 vel

293 2928 423 2963 creato
444 2929 655 2962 causatam.
680 2928 729 2962 De
749 2926 878 2973 primo
894 2926 907 2947 ⁵
926 2938 934 2962 :
963 2939 978 2959 «
996 2924 1147 2962 Judicia
1167 2924 1320 2961 Domini

292 2999 406 3034 vera,
425 2988 635 3035 justificata
654 2988 694 3023 in
714 2988 936 3035 semetipsa,
957 2986 1236 3023 desiderabilia
1256 2997 1320 3022 su-

290 3061 361 3099 per
376 3060 518 3086 aurum
538 3053 574 3086 et
591 3048 766 3096 lapidem
780 3049 995 3096 pretiosum
1009 3047 1196 3093 multum,
1218 3047 1321 3083 insu-

292 3123 363 3161 per
383 3115 419 3149 et
442 3111 621 3148 dulciora
639 3121 756 3157 super
774 3110 852 3146 mel
873 3112 909 3146 et
928 3110 1062 3146 favum
1082 3122 1090 3146 :
1116 3124 1132 3144 »
1149 3120 1238 3146 ecce
1259 3120 1320 3145 su-

290 3173 489 3222 perdulcis
508 3173 700 3218 suavitas,
712 3174 903 3220 quantum
915 3171 965 3207 ad
979 3171 1172 3217 judicium
1188 3171 1320 3207 trium-

291 3236 422 3283 phale.
445 3237 495 3272 De
516 3234 690 3272 secundo
706 3233 720 3255 ⁶
739 3247 746 3271 :
769 3233 962 3281 «Spiritus
975 3243 1086 3268 meus
1106 3243 1223 3279 super
1240 3232 1320 3269 mel

292 3297 417 3334 dulcis
435 3309 444 3334 ε
459 3311 476 3333 ι)
499 3308 588 3334 ecce
606 3307 722 3344 super
742 3295 821 3332 mel
839 3294 963 3332 dulcis
982 3294 1173 3339 suavitas,
1195 3304 1320 3341 quan-

336 3396 344 3415 ¹
366 3395 440 3435 Job,
462 3403 509 3436 vt,
529 3397 580 3428 30.
599 3412 641 3419 -
661 3395 671 3413 ²
694 3394 811 3433 Ecclz'„
830 3402 926 3432 xxxi,
950 3396 997 3426 12.
1019 3411 1059 3417 —
1075 3393 1089 3415 ³
1109 3394 1192 3432 ose„
1218 3400 1267 3433 11,
1288 3394 1317 3424 9.

289 3460 330 3466 -
352 3444 362 3461 ⁴
387 3444 497 3480 Pror.,
526 3451 586 3481 ui,
609 3444 660 3474 22.
684 3459 725 3465 —
749 3443 760 3460 ⁵
784 3442 870 3473 Psal.
896 3449 998 3481 xviii,
1022 3444 1072 3472 tt.
1101 3459 1136 3464 —
1167 3441 1180 3462 Β
1198 3440 1318 3479 Εοεῐι“.,

290 3497 384 3530 XXIV,
410 3491 461 3521 27.
487 3506 527 3513 -
555 3491 563 3504 ”’
593 3490 675 3521 thid.
696 3507 734 3513 —·
762 3489 775 3510 ⁸
803 3489 932 3526 Tliren.‚
961 3497 1006 3528 iv,
1030 3491 1081 3520 20.
1104 3505 1146 3511 —
1168 3488 1181 3509 ⁹
1208 3488 1318 3527 Cant„

995 223 1262 270 EXt‘Oss'tho
1293 221 1343 262 lN
1375 216 1715 260 PSALTERHM

1402 312 1484 345 tum
1504 308 1555 344 ad
1584 305 1791 354 praemium
1811 305 2029 341 essentiale.
2059 307 2111 341 De
2129 306 2240 344 tertio
2255 308 2270 331 ⁷
2290 319 2299 344 :
2318 319 2336 343 «
2355 310 2423 345 He-

1400 369 1544 406 reditas
1565 380 1653 413 mea
1673 378 1791 415 snper
1808 367 1886 403 mel
1905 369 1941 403 et
1962 366 2095 404 savum
2114 379 2154 403 z»
2180 378 2268 406 ecce
2287 381 2423 418 superv-

1401 432 1525 468 dulcis
1554 431 1750 475 suavitas,
1787 431 1979 477 quantum
2013 429 2064 465 ad
2094 430 2301 477 praemium
2328 432 2427 469 acci-

1400 494 1567 530 dentale.

1724 540 1914 576 Articulus
1942 542 2105 585 quartus.

1446 618 1641 660 Quantum
1662 615 1713 650 ad
1734 614 1951 650 secundum
1965 614 2227 661 praegustandi
2247 614 2426 662 modum,

1401 677 1657 715 conscribitur
1679 688 1689 711 .·
1728 677 1793 712 Ori?
1826 687 1923 721 meo;
1960 677 2149 723 quoniam
2181 677 2248 714 iste
2283 668 2428 714 modus

1399 740 1540 776 dicitur
1560 738 1833 775 osculatorius.
1850 740 1962 774 Actus
1976 741 2105 774 autem
2125 739 2329 775 osculandi
2347 750 2427 775 non

1399 800 1596 845 convenit,
1615 800 1687 836 nisi
1709 800 1765 836 ori
1795 811 1802 835 :
1825 799 1918 846 quia
1937 810 2031 836 vero
2051 810 2211 846 sperans
2230 800 2426 848 quadam-

1399 863 1522 900 modo
1545 862 1771 910 copulatur,
1793 865 1828 898 et
1848 862 2140 899 condelectatur
2168 862 2276 899 bono
2296 873 2428 910 spera-

1399 928 1453 971 to,
1476 926 1574 962 sicut
1593 925 1775 961 osculans
1799 925 1997 971 osculato;
2021 925 2166 962 idcirco
2187 936 2267 962 non
2288 925 2427 962 imme-

1398 988 1472 1024 rito
1506 987 1593 1024 talis
1624 988 1793 1034 sporatio
1834 989 2012 1024 censetur
2043 987 2245 1024 osculatio.
2277 987 2317 1024 ln
2353 987 2428 1032 hoc

1397 1049 1594 1097 siquidem
1625 1049 1761 1086 osculo
1795 1053 1849 1086 est
1876 1052 2014 1086 mutua
2039 1049 2117 1086 oris
2145 1048 2370 1097 impressio,
2393 1052 2429 1085 et

1398 1111 1599 1148 coalterna
1625 1111 1798 1158 spiratio.
1825 1111 1900 1148 Nisi
1921 1111 2025 1147 enim
2046 1121 2212 1159 sponsus
2233 1121 2278 1147 os
2295 1110 2430 1158 impri-

1396 1176 1530 1219 meret,
1553 1175 1590 1210 et
1608 1173 1787 1220 spiraret,
1808 1184 1954 1221 sponsa
1969 1184 2035 1210 ore
2056 1172 2286 1221 prophetico
2301 1171 2429 1209 nulla-

1396 1238 1508 1273 tenus
1523 1235 1737 1272 affirmaret
1749 1236 1762 1257 ⁸
1781 1247 1789 1271 :
1811 1235 2002 1283 «Spiritus
2017 1236 2095 1272 oris
2108 1235 2243 1280 nostri,
2259 1234 2428 1271 Christus

1396 1298 1596 1335 Dominus.
1626 1311 1644 1332 n
1683 1297 1761 1334 Nisi
1795 1298 1911 1334 etiam
1938 1309 1957 1334 e
1988 1308 2177 1334 converso
2210 1308 2355 1345 sponsa
2384 1307 2428 1334 os

1395 1360 1636 1408 imprimeret
1658 1362 1695 1396 et
1713 1360 1893 1407 spiraret,
1915 1370 2082 1407 sponsus
2102 1359 2143 1395 in
2162 1360 2307 1396 amoris
2328 1361 2427 1396 Can-

1395 1423 1470 1458 tico
1491 1433 1573 1458 non
1588 1424 1759 1458 cantaret
1775 1421 1787 1441 9
1811 1433 1818 1457 :
1847 1436 1862 1456 α
1889 1421 1994 1459 Odor
2016 1421 2094 1457 oris
2114 1421 2191 1467 tui,
2213 1420 2310 1457 sicut
2328 1420 2429 1457 odor

1396 1484 1606 1521 malorum.
1642 1497 1659 1517 »
1692 1484 1767 1521 Sed
1794 1486 1887 1520 nota
1913 1483 2106 1531 triplicem
2132 1482 2428 1531 dispositionem

1396 1547 1448 1582 ad
1463 1546 1578 1582 istam
1597 1546 1882 1582 osculationem
1900 1558 1907 1582 :
1935 1546 2043 1593 quod
2065 1557 2107 1582 os
2128 1556 2280 1593 sponsae
2301 1546 2428 1581 custo-

1396 1609 1526 1646 diatur
1537 1623 1547 1656 3
1571 1609 1680 1657 quod
1700 1619 1779 1645 non
1798 1608 2035 1656 impediatur
2052 1621 2063 1655 3
2085 1608 2196 1656 quod
2215 1608 2274 1645 ori
2294 1607 2427 1655 sponsi

1396 1671 1628 1708 obediatur:
1664 1671 1740 1707 hoc
1761 1674 1816 1707 est
1830 1699 1839 1715 ,
1861 1670 2102 1706 custodiatur
2123 1670 2173 1706 ab
2201 1669 2425 1715 inutilibus3

1394 1745 1477 1771 non
1492 1734 1729 1781 impediatur
1746 1734 1797 1770 ab
1815 1733 1999 1779 utilibus3
2019 1732 2229 1769 obediatur
2248 1732 2289 1768 in
2304 1731 2429 1768 omni-

1394 1797 1468 1832 bus
1516 1800 1596 1833 tam
1640 1795 1898 1832 credibilibus
1917 1822 1929 1840 ,
1975 1805 2096 1842 quam
2143 1794 2426 1841 operabilibus.

1394 1859 1562 1895 Primam
1599 1858 1898 1905 dispositionem
1935 1857 2086 1902 habuit,
2111 1856 2196 1910 ¹qui
2235 1856 2332 1893 dixit
2355 1857 2379 1879 ¹⁰
2417 1867 2425 1891 ε

1399 1938 1415 1958 (ι
1432 1924 1545 1961 Posui
1566 1923 1623 1960 ori
1641 1934 1731 1959 meo
1753 1922 1988 1959 custodiam.
2005 1936 2023 1958 »
2042 1921 2266 1961 Secundam
2281 1921 2427 1958 habere

1394 1986 1541 2030 voluit,
1564 1986 1631 2033 qui
1659 1985 1811 2033 scripsit
1833 1986 1858 2007 ¹¹
1889 1997 1897 2021 :
1925 1987 2042 2032 «Ego
2070 1995 2151 2021 non
2179 1994 2340 2032 parcam
2371 1982 2428 2020 ori

1394 2059 1500 2093 meo,
1537 2048 1680 2096 loquar
1716 2047 1757 2084 in
1796 2047 2048 2084 tribulatione
2088 2046 2245 2095 spiritus
2276 2045 2368 2083 mei.
2408 2058 2426 2080 »

1394 2111 1560 2148 Tertiam
1581 2110 1741 2147 aliunde
1770 2120 1852 2146 non
1882 2109 2040 2156 habuit,
2074 2109 2123 2146 de
2154 2120 2234 2157 quo
2263 2118 2430 2156 sponsus

1395 2173 1447 2209 ait
1465 2173 1518 2208 ¹²:
1546 2186 1564 2207 ι(
1584 2175 1668 2209 Non
1695 2171 1856 2208 intrabit
1883 2174 2050 2218 terram,
2080 2181 2203 2219 quam
2229 2169 2321 2208 dedi
2340 2169 2431 2206 filiis

1394 2235 1523 2281 Israel,
1545 2245 1592 2271 eo
1610 2234 1719 2281 quo-l
1740 2233 1967 2269 incredulus
1987 2233 2059 2270 suit
2082 2234 2140 2270 ori
2160 2244 2266 2270 meo.
2288 2246 2306 2268 »

1827 2340 1999 2382 Epilogus.

1446 2422 1505 2459 Ait
1536 2433 1629 2468 ergo
1667 2421 1887 2469 Propheta,
1924 2423 2115 2468 tanquam
2150 2430 2321 2468 persona
2357 2431 2427 2468 per

1395 2486 1489 2522 tales
1526 2485 1803 2533 intelligentias
1848 2485 1899 2522 ad
1938 2485 2032 2522 tales
2071 2484 2231 2522 introire
2268 2483 2428 2521 delicias

1395 2550 1549 2584 assueta
1568 2561 1575 2584 :
1599 2549 1713 2591 Quam
1735 2549 1856 2584 dulcia
1882 2549 2024 2595 eloquia
2044 2551 2130 2593 tua,
2158 2546 2303 2583 scillcet
2321 2545 2426 2583 fruc-

1394 2613 1477 2647 tum
1497 2610 1645 2648 virtutis
1675 2610 1923 2658 eloquentia,
1947 2610 1998 2647 ad
2023 2609 2290 2657 tropologiam
2308 2608 2425 2657 perti-

1395 2673 1550 2719 nentia3
1570 2674 1744 2709 Faucibus
1765 2675 1872 2719 meis,
1890 2673 1931 2709 id
1952 2675 2028 2718 est,
2048 2671 2316 2719 praegustanti,
2339 2682 2427 2708 cum

1396 2735 1563 2772 Domino
1591 2735 1790 2781 epulanti,
1817 2746 1906 2780 seu,
1939 2735 2091 2771 bonum
2123 2734 2353 2782 operando,
2385 2733 2427 2770 in

1396 2797 1560 2833 Domino
1581 2796 1788 2843 gratulanti
1801 2810 1811 2844 3
1833 2797 1946 2844 Super
1962 2798 2044 2842 mel,
2064 2796 2107 2832 id
2131 2797 2200 2841 est,
2221 2794 2427 2843 superdul·

1395 2859 1453 2895 cia
1474 2861 1563 2895 sunt
1583 2859 1756 2906 eloquia,
1776 2859 1945 2896 fructum
1965 2858 2099 2895 salutis
2119 2857 2357 2905 eloquentia,
2373 2857 2426 2894 ad

1395 2921 1634 2968 anagogiam
1664 2921 1889 2968 attinentia3
1928 2922 1992 2957 Orc
2024 2931 2121 2965 meo,
2149 2919 2191 2956 id
2223 2922 2299 2966 est,
2326 2929 2425 2967 prae-

1395 2984 1589 3030 gustanti,
1620 2983 1829 3020 Dominum
1858 2983 2078 3028 osculanti,
2098 2983 2206 3028 sive,
2226 2992 2425 3019 summum

1394 3046 1547 3082 bonum
1585 3046 1810 3094 sperando,
1851 3045 1980 3082 eidem
2010 3056 2050 3082 se
2086 3044 2264 3093 quodam
2301 3044 2425 3082 modo

1395 3108 1608 3156 copulanti.

1748 3203 1970 3232 VERSICULUS
1995 3204 2073 3231 vm.

1445 3299 1525 3334 104.
1542 3298 1576 3333 A
1597 3296 1783 3334 mandatis
1802 3299 1874 3334 tuis
1894 3297 2076 3340 intelleoez',
2106 3297 2176 3331 etc.
2198 3294 2281 3338 Quo
2299 3290 2422 3330 modo

1396 3359 1591 3397 eharitatis
1604 3359 1793 3398 ferventia
1811 3361 1993 3406 operetur
2021 3356 2072 3394 ad
2089 3356 2179 3402 hoc,
2201 3353 2312 3403 quod
2330 3364 2423 3392 con-

1394 3450 1461 3482 111,
1491 3445 1523 3476 8.
1545 3461 1585 3467 -
1612 3444 1639 3466 ¹·
1663 3443 1757 3476 Psal.
1781 3448 1937 3482 xxxvur,
1963 3443 1993 3473 2.
2013 3457 2054 3464 —
2082 3440 2105 3462 ¹¹
2125 3438 2200 3480 Job,
2223 3446 2290 3480 vn,
2313 3442 2361 3472 Η.
2380 3457 2421 3464 -

1394 3491 1421 3511 ¹²
1440 3491 1557 3530 Num„
1577 3500 1635 3532 XX,
1656 3493 1708 3523 24.
