2633 3878
291 302 365 337 506

289 386 486 424 debellare
521 385 704 422 volentia.
740 386 825 422 Haec
856 386 912 421 est
938 381 1094 431 petitio,
1127 389 1213 428 quae
1244 388 1316 426 per

287 459 449 486 manum
460 447 670 485 voluntatis
681 446 894 495 porrigitur
910 447 1001 482 Deo.
1020 446 1065 480 At
1082 442 1315 490 priusquam

287 512 354 547 fiat
380 510 460 546 haec
486 510 699 556 porrectio,
721 511 874 556 oportet
901 507 949 543 de
980 506 1143 552 :Egypto
1167 503 1316 549 legatos

286 572 417 608 venire
431 600 441 617 ,
461 571 502 607 id
522 575 595 617 est,
616 571 886 608 meditationes
907 569 954 605 de
976 566 1145 603 tenebris
1172 564 1315 601 infide-

287 634 401 670 litatis
417 633 596 681 prodire,
618 636 654 670 et
674 632 906 680 AEtliiopiam
925 628 1161 678 praevenire,
1182 627 1223 664 id
1247 629 1315 670 est,

287 697 519 734 memoriam
549 696 764 732 tenebrosce
792 693 1005 741 iniquitatis
1034 691 1184 739 praeire.
1215 689 1314 734 Quid

285 758 448 806 praeire?
471 772 489 791 (ι
512 759 641 794 Manus
667 757 749 803 ejus
771 758 867 802 Deo,
888 768 905 787 n
930 754 970 791 id
991 755 1066 799 est,
1088 763 1229 789 manus
1248 761 1316 787 vo-

286 820 465 861 luntatis,
492 830 562 866 per
593 829 691 866 quas
718 818 850 865 petitio
879 815 1027 864 porrigi
1057 814 1174 851 debet
1203 815 1280 849 Deo
1304 823 1313 847 :

287 883 380 930 quia
407 882 600 929 pra³dictoe
624 880 978 929 praemeditationes
1007 880 1095 914 sunt
1118 875 1316 924 petitionis

287 944 389 980 illius
413 944 567 991 praeviae
588 944 771 979 rationes
801 944 894 979 Ecce
919 938 1132 988 praeventio
1152 936 1316 973 medita-

286 1006 401 1042 tionis
428 1017 499 1054 per
523 1006 629 1042 viam
656 1003 977 1053 compunctionis,
1014 1000 1191 1038 Secunda
1219 1009 1316 1046 prte-

286 1069 417 1105 vcntio
444 1068 663 1113 denotatur,
691 1067 759 1103 ubi
787 1066 927 1102 dicitur
948 1067 975 1109 ¹,
1004 1062 1114 1111 quod
1144 1061 1317 1109 epistolae

287 1133 375 1166 sunt
393 1130 518 1165 missas
538 1139 608 1176 per
627 1128 870 1173 veredarios,
893 1126 959 1174 qui
979 1136 1049 1173 per
1069 1134 1205 1161 omnes
1224 1134 1319 1171 pro-

286 1192 434 1228 vincias
451 1191 723 1235 discurrentes,
745 1193 894 1226 veteres
919 1189 1065 1225 litteras
1082 1186 1197 1223 novis
1218 1196 1316 1222 nun-

287 1254 346 1290 tiis
366 1253 636 1301 praevenirent.
658 1253 716 1289 Sic
736 1251 996 1300 praeveniunt‚
1021 1249 1088 1297 qui
1106 1248 1319 1297 provident

286 1316 473 1352 salutares
501 1315 670 1352 cautelas
697 1317 832 1350 contra
862 1312 1039 1350 fidelium
1069 1310 1317 1348 damnabiles

287 1377 539 1425 corruptelas.
559 1379 652 1413 Ecce
666 1376 877 1424 praeventio
890 1371 1235 1423 praemeditationis
1247 1381 1318 1419 per

287 1439 389 1476 viam
416 1438 712 1486 compassionis.
740 1438 864 1475 Tertia
888 1435 1102 1485 praeventio
1131 1436 1318 1471 connota-

287 1506 348 1538 tur
379 1502 419 1538 in
444 1501 512 1538 illo
541 1501 664 1538 verbo
690 1500 921 1549 prophetico
940 1498 978 1535 2:
1005 1512 1023 1533 «
1045 1498 1318 1536 Praevenerunt

285 1564 481 1612 principes
511 1563 707 1610 conjuncti
738 1561 1024 1609 psallentibus:
1056 1575 1074 1595 »
1100 1560 1193 1608 quia
1222 1569 1316 1596 con-

286 1626 521 1674 templativae
543 1629 693 1662 mentes
720 1625 760 1661 in
786 1623 985 1661 canonicis
1005 1623 1191 1660 laudibus
1216 1633 1316 1670 prae-

285 1688 494 1725 veniuntur
536 1687 758 1735 frequenter
796 1686 983 1732 angelicis
1021 1684 1317 1721 illuminationi-

285 1750 374 1795 bus,
389 1749 500 1795 juxta
518 1748 613 1785 illud
640 1749 838 1796 Prophetae
859 1750 872 1771 ³
891 1760 899 1783 :
926 1761 943 1782 «
964 1747 1131 1783 Psallam
1154 1749 1191 1783 et
1209 1746 1316 1782 intel-

286 1811 406 1857 ligam
432 1810 472 1846 in
502 1810 567 1846 via
598 1809 869 1854 immaculata,
899 1809 1061 1856 quando
1094 1808 1229 1845 venies
1263 1808 1316 1844 ad

286 1882 361 1907 mc.
393 1884 411 1903 i)
441 1874 534 1908 Ecce
566 1872 777 1919 praeventio
810 1870 1073 1907 meditationis
1106 1880 1177 1917 per
1210 1869 1315 1905 viam

285 1933 563 1970 consolationis
583 1934 646 1970 vel
667 1933 939 1970 consolatoriae
962 1931 1271 1969 illuminationis

597 2038 786 2074 Articulus
812 2036 998 2074 secundus.

332 2124 382 2159 De
414 2120 587 2158 secundo
621 2119 898 2165 subscribitur,
929 2130 1019 2155 cum
1047 2119 1222 2166 sequitur
1245 2131 1253 2155 ;
1274 2121 1314 2155 In

283 2187 505 2220 maturitate.
528 2185 612 2220 Haec
626 2182 827 2219 maturitas
847 2184 904 2218 est
924 2181 1230 2218 conversationis
1244 2181 1315 2217 ho-

283 2251 429 2293 nestas;
449 2246 533 2282 haec
554 2249 608 2282 est
628 2245 677 2282 de
707 2255 788 2292 qua
807 2244 1011 2290 cogitavit,
1033 2243 1125 2280 etin
1144 2253 1224 2290 qna
1245 2253 1312 2279 co-

284 2309 430 2356 gitavit.
457 2310 505 2344 De
526 2307 745 2343 maturitate
764 2306 922 2352 cogitat,
940 2306 1007 2352 qui
1021 2307 1151 2352 partes
1167 2306 1204 2340 et
1223 2314 1314 2351 pro-

283 2372 464 2419 prietates
485 2370 568 2415 ejus
589 2369 820 2405 considerat.
844 2370 884 2404 ln
908 2366 1127 2403 maturitate
1156 2366 1313 2412 cogitat,

284 2433 351 2480 qui
372 2432 582 2479 potentias,
607 2433 643 2466 et
670 2429 944 2477 dispositiones
972 2429 1055 2475 eJ'us
1076 2427 1310 2464 considerat.

284 2497 325 2531 Et
345 2497 438 2530 nota
462 2492 654 2540 triplicem
676 2491 891 2539 potentiam
912 2490 1134 2527 ordinatam
1156 2489 1207 2526 ad
1226 2500 1312 2526 mo-

282 2557 374 2593 ralis
392 2555 620 2592 maturitatis
635 2553 868 2600 elegantiam
885 2565 893 2590 :
912 2552 1091 2589 videlicet
1104 2555 1311 2598 remotam,

283 2618 563 2666 propinquam,
575 2617 811 2664 proximam.
826 2615 896 2660 Qui
916 2618 1067 2651 tantum
1079 2615 1118 2651 in
1137 2615 1312 2662 potentia

283 2683 433 2717 remota
470 2682 578 2723 sunt,
615 2678 878 2715 assimilantur
908 2680 1018 2714 terrae
1047 2677 1311 2722 nascentibus,

284 2753 370 2789 quse
394 2742 607 2784 virescunt,
642 2743 677 2776 et
706 2750 848 2787 parum
882 2741 1078 2783 crescunt,
1111 2739 1206 2786 quia
1237 2739 1312 2775 cito

285 2806 539 2840 marcescunt.
562 2802 633 2846 Qui
653 2802 783 2838 solum
808 2801 849 2837 in
870 2800 1096 2848 propinqua
1127 2802 1231 2847 sunt,
1251 2811 1312 2837 as-

285 2865 505 2901 similantur
538 2866 647 2900 terrae
678 2863 947 2907 nascentibus,
983 2873 1071 2909 quae
1102 2862 1312 2907 virescunt,

285 2928 375 2964 satis
396 2929 585 2972 crescunt,
608 2926 676 2962 sed
702 2937 783 2962 non
811 2928 1095 2970 maturescunt;
1122 2925 1314 2972 quoniam

286 2992 478 3034 arescunt,
495 2988 559 3024 vel
577 2990 815 3034 putrescunt.
834 2987 905 3031 Qui
925 2989 1055 3023 autem
1072 2987 1112 3023 in
1131 2988 1314 3035 proxima

286 3054 389 3095 sunt,
419 3050 683 3088 assimilantur
712 3052 822 3085 terrae
853 3049 1113 3094 nascentibus,
1145 3060 1232 3097 quae
1251 3050 1312 3086 vi-

286 3115 459 3158 rescunt,
499 3114 694 3156 crescunt,
727 3113 763 3147 et
794 3111 909 3147 etiam
950 3113 1224 3147 maturescunt.
1257 3113 1307 3148 De

286 3175 414 3222 primo
434 3176 447 3196 ¹·
468 3186 476 3210 ε
502 3187 519 3207 «
539 3172 640 3209 Facti
660 3175 749 3208 sunt
768 3171 880 3219 quasi
900 3171 1049 3207 foenum
1070 3172 1169 3217 agri,
1191 3174 1229 3208 et
1253 3173 1311 3208 vi-

285 3247 374 3273 rens
392 3235 517 3273 herba
535 3238 746 3279 tectorum,
782 3244 869 3280 quaa
897 3232 1067 3269 arefacta
1099 3236 1174 3278 est,
1202 3237 1311 3269 ante-

287 3308 406 3345 quam
424 3297 575 3333 veniret
594 3297 645 3333 ad
664 3295 925 3332 maturitatem
947 3307 955 3331 :
978 3308 995 3328 »
1020 3305 1107 3331 eece
1136 3295 1312 3342 potentia

286 3359 516 3395 maturitatis
547 3361 709 3394 remota.
747 3359 796 3393 De
827 3357 1001 3393 secundo
1022 3357 1035 3378 ⁵
1057 3369 1065 3392 :
1091 3369 1109 3389 «
1129 3356 1205 3392 Erit
1235 3356 1308 3393 flos

288 3420 474 3457 decidens
495 3419 629 3467 gloriae
648 3419 893 3457 exultationis
915 3419 1012 3466 ejus,
1033 3418 1101 3467 qui
1118 3420 1174 3454 est
1192 3429 1308 3465 super

333 3502 469 3543 ‘Esth.,
493 3510 574 3542 vni,
604 3505 655 3535 10.
674 3518 714 3527 -
743 3503 756 3524 ²
778 3502 868 3534 Psal.
894 3510 1006 3543 vau,
1033 3503 1085 3534 26.
1107 3518 1149 3525 —-
1177 3501 1189 3519 ⁸
1215 3501 1309 3532 Psal.

288 3561 324 3590 s„-
352 3557 381 3582 z.
402 3568 442 3574 —
469 3551 475 3567 ‘
509 3551 547 3580 tv
573 3551 662 3590 Κεφ,
687 3558 761 3587 mx,
791 3551 842 3581 26.
863 3567 904 3573 —
926 3550 938 3571 ⁵
963 3550 1042 3590 Isa„
1069 3556 1194 3589 xxviii,
1221 3550 1250 3579 4.
1270 3565 1309 3572 -

979 291 1039 332 Ex
1049 289 1250 332 POStTw
1283 287 1335 330 ΙΝ
1365 287 1715 329 PSALTERIUM.

1386 378 1572 415 verticem
1591 377 1706 415 vallis
1724 377 1944 425 pinguium,
1972 377 2085 425 quasi
2113 378 2408 425 temporaneum

1387 442 1475 477 ante
1496 440 1755 477 maturitatem
1775 439 1952 476 autumni
1971 451 1979 476 :
2001 452 2019 474 »
2044 449 2131 476 ecce
2144 439 2317 486 potentia
2329 450 2409 476 ma-

1387 502 1549 539 turitatis
1568 501 1806 549 propinqua.
1841 505 1890 539 De
1920 501 2032 538 tertio
2058 501 2186 547 agitur
2205 501 2245 537 in
2263 511 2409 549 propo-

1387 564 1475 609 sito,
1495 564 1534 600 in
1551 574 1632 611 quo
1648 563 1791 610 petitur
1809 563 2040 600 maturitatis
2057 562 2256 610 perfectio.

1728 667 1914 722 Articultts
1941 670 2079 704 tertius.

1436 751 1485 785 Dc
1501 748 1613 785 tertio
1652 749 1930 796 conscribitur,
1957 761 2048 787 cum
2073 749 2313 786 connectitur
2335 761 2344 786 z
2365 753 2412 787 Ec

1388 811 1551 846 clamavi.
1577 810 1720 855 Quaeris
1751 822 1831 859 quo
1861 812 2012 848 modo?
2042 812 2139 849 Sane
2160 811 2326 848 orando.
2354 811 2414 848 Sic

1388 872 1542 917 clamat,
1565 873 1632 920 qui
1653 876 1768 910 amat.
1791 873 1897 910 Unde
1919 873 2151 919 notandum,
2174 873 2285 921 quod
2315 873 2415 910 sicut

1389 933 1577 980 contingit
1597 935 1794 982 tripliciter
1813 945 1960 981 amare,
1978 935 2122 972 scilicet
2136 935 2277 980 calide,
2289 937 2412 981 acute,

1389 1005 1434 1031 ac
1454 995 1741 1043 superfervide;
1773 997 1827 1033 sic
1854 997 2042 1043 contingit
2071 997 2240 1034 clamare
2260 996 2418 1044 triplici-

1389 1059 1459 1103 ter,
1479 1057 1662 1094 videlicet
1679 1057 1879 1103 instanter,
1910 1058 2070 1105 fortiter,
2093 1059 2342 1095 incessanter.
2366 1060 2416 1095 De

1387 1119 1517 1166 primo
1537 1119 1550 1140 ⁶
1570 1132 1581 1156 .·
1606 1133 1622 1154 «
1644 1120 1834 1158 Clamavit
1857 1120 1985 1157 omnis
2011 1120 2184 1168 populus
2207 1120 2258 1157 ad
2287 1120 2417 1157 Domi-

1389 1191 1485 1218 num
1507 1182 1687 1221 instantia
1718 1193 1865 1230 magna
1888 1195 1896 1219 :
1915 1195 1932 1217 >³
1955 1182 2018 1219 hic
2047 1182 2237 1219 clamatur
2267 1181 2416 1219 instan-

1388 1246 1458 1281 ter.
1482 1246 1532 1280 Dc
1552 1245 1725 1282 secundo
1742 1246 1755 1268 ⁷
1779 1257 1787 1281 :
1814 1258 1831 1279 «
1851 1245 2020 1282 Clamate
2041 1244 2203 1290 fortiter,
2223 1246 2259 1281 et
2273 1243 2388 1281 dicite
2405 1256 2414 1281 :

1389 1307 1691 1353 congregamini
1723 1309 1759 1343 et
1787 1307 2057 1353 ingrediamur
2089 1306 2260 1342 civitates
2291 1305 2418 1342 muni-

1388 1370 1446 1404 tas
1463 1380 1471 1404 :
1487 1382 1505 1402 »
1528 1368 1591 1405 hic
1607 1369 1818 1406 mandatur
1828 1369 1997 1405 clamare
2010 1368 2170 1405 fortiter.
2190 1370 2241 1405 De
2257 1367 2368 1405 tertio
2379 1368 2414 1404 ⁸:

1394 1434 1470 1469 «Ne
1484 1443 1609 1469 cesses
1621 1443 1693 1480 pro
1707 1432 1822 1469 nobis
1834 1433 2003 1469 clamare
2014 1432 2065 1469 ad
2077 1432 2287 1469 Dominum
2296 1434 2414 1469 Deum

1388 1496 1566 1531 nostrum
1585 1506 1594 1531 ε
1617 1507 1635 1529 »
1657 1494 1720 1531 hic
1740 1497 1901 1541 rogatur
1919 1494 2076 1532 Samuel
2096 1494 2266 1531 clamare
2297 1493 2418 1530 inces-

1389 1559 1529 1593 santer.

1714 1605 1904 1641 Articulus
1926 1607 2089 1651 quartus.

1437 1683 1489 1718 De
1506 1683 1646 1729 quarto
1665 1681 1931 1729 perscribitur,
1959 1691 2049 1718 eum
2068 1680 2207 1719 ultimo
2226 1679 2417 1718 subinfer-

1389 1746 1450 1780 tur
1471 1754 1479 1779 :
1499 1743 1593 1786 Quia
1611 1745 1651 1778 in
1675 1744 1781 1779 verba
1808 1747 1871 1779 tua
1900 1745 2149 1790 supersperavi
2168 1756 2179 1787 ,·
2212 1742 2325 1791 quasi
2357 1742 2416 1778 di-

1389 1807 1449 1841 cat
1472 1817 1480 1841 ε
1502 1804 1695 1850 Clamavi,
1716 1804 1907 1852 quoniam
1928 1805 2077 1851 amavi3
2098 1807 2134 1841 et
2152 1805 2297 1849 amavi,
2318 1815 2417 1852 quo-

1389 1867 1495 1904 niam
1534 1868 1574 1904 in
1613 1868 1734 1904 verba
1765 1870 1831 1904 tua
1869 1878 1949 1904 non
1987 1867 2188 1912 timorem,
2222 1878 2304 1904 non
2339 1871 2418 1906 stu·-

1386 1940 1547 1975 porem,
1569 1929 1638 1965 sed
1666 1940 1843 1966 amorem
1876 1928 2102 1965 inducentia
2130 1930 2416 1977 supersperavi,

1387 1991 1429 2028 id
1450 1995 1524 2037 est,
1545 1991 1664 2028 valde
1693 1991 1866 2039 speravi,
1897 1993 1933 2027 et
1963 1990 2054 2028 ideo
2084 2001 2175 2027 cum
2211 1991 2414 2029 severitate

1389 2053 1570 2091 clamavi.
1611 2055 1654 2090 Et
1693 2055 1808 2099 nota,
1853 2053 1963 2101 quod
2007 2053 2173 2099 legimus
2211 2052 2252 2089 in
2288 2054 2418 2102 Scrip-

1387 2118 1475 2153 tura
1521 2116 1642 2153 verba
1685 2116 1882 2163 potentia,
1926 2115 2158 2163 prudentia,
2196 2115 2414 2154 clementia.

1389 2179 1516 2215 Prima
1534 2178 1726 2215 inducunt
1754 2178 1956 2224 timorem3
1984 2177 2170 2224 secunda,
2192 2179 2393 2226 stuporem
2403 2191 2414 2226 ;

1387 2240 1512 2286 tertia,
1531 2239 1720 2276 fiduciam
1741 2242 1777 2276 et
1796 2249 1985 2276 amorem.
2009 2241 2059 2275 De
2078 2239 2214 2286 primis
2228 2240 2241 2261 ⁹
2262 2251 2271 2276 :
2296 2252 2314 2274 «
2332 2242 2417 2277 Non

1387 2312 1550 2350 parcam
1569 2301 1604 2337 ei
1623 2300 1755 2338 verbis
1773 2300 2000 2348 potentibus
2022 2313 2030 2336 ε
2052 2314 2069 2334 »
2095 2311 2183 2337 ecce
2204 2302 2325 2338 verba
2343 2312 2416 2348 po·-

1387 2363 1506 2400 tentia
1524 2363 1725 2399 inductiva
1742 2362 1902 2399 timoris.
1918 2364 1967 2399 De
1979 2362 2161 2399 secundis
2179 2364 2206 2386 ¹⁰
2227 2375 2236 2399 :
2259 2376 2277 2397 «
2291 2364 2417 2401 Verba

1387 2425 1641 2472 prudentium
1678 2426 1819 2461 statera
1858 2424 2187 2471 ponderabuntur
2227 2436 2235 2460 ε
2273 2438 2291 2458 »
2327 2435 2415 2462 ecce

1387 2487 1511 2524 verba
1529 2486 1732 2534 prudentia
1753 2486 1954 2523 inductiva
1972 2486 2154 2534 stuporis.
2167 2488 2217 2523 De
2233 2487 2352 2524 tertiis
2364 2487 2389 2511 ¹¹
2404 2500 2412 2524 :

1392 2563 1410 2584 «
1430 2550 1465 2586 Si
1484 2549 1678 2596 placueris
1696 2549 1849 2596 populo
1869 2548 1974 2594 huic,
1995 2551 2032 2585 et
2050 2548 2206 2586 lenieris
2237 2560 2304 2586 eos
2331 2559 2416 2586 ver-

1387 2611 1448 2648 bis
1470 2611 1741 2656 clementibus,
1763 2611 1931 2648 servient
1949 2610 2018 2647 tibi
2041 2611 2148 2647 omni
2163 2613 2339 2658 tempore
2361 2623 2370 2647 :
2391 2625 2409 2646 »

1387 2684 1475 2711 ecce
1497 2673 1620 2710 verba
1639 2672 1845 2709 clementia
1864 2672 2064 2710 inductiva
2082 2672 2236 2710 fiduciae
2253 2675 2290 2710 et
2308 2683 2416 2710 amo-

1387 2735 1451 2772 ris.

1815 2782 1985 2824 Epilogus.

1435 2860 1494 2897 Ait
1513 2869 1608 2905 ergo
1637 2858 1981 2906 psalmographus,
2015 2860 2204 2907 tanquam
2235 2860 2415 2897 mentalis

1388 2932 1519 2967 oranS,
1534 2921 1796 2958 maturitatem
1812 2920 2043 2957 exteriorem
2056 2920 2272 2968 implorans
2294 2933 2302 2958 ε
2321 2923 2416 2958 Prae-

1386 2986 1468 3020 vem·
1480 3012 1493 3029 ,
1513 2985 1706 3031 quantum
1729 2983 1780 3019 ad
1800 2982 2191 3030 praemeditationem,
2212 2994 2299 3031 quae
2331 2995 2417 3032 per-

1388 3046 1481 3082 tinet
1501 3046 1553 3082 ad
1570 3045 1832 3088 intellectum3
1855 3046 1897 3080 In
1911 3047 2136 3090 maturitate,
2151 3046 2343 3093 quantum
2363 3046 2416 3083 ad

1388 3107 1665 3152 maturitatem,
1685 3117 1774 3154 quae
1788 3105 1954 3153 pertinet
1973 3106 2025 3142 ad
2045 3106 2264 3154 objectum;
2281 3108 2327 3143 Et
2339 3109 2415 3144 cla-

1388 3172 1503 3215 mavi,
1526 3171 1716 3216 quantum
1745 3168 1797 3204 ad
1818 3168 2049 3213 orationem,
2072 3179 2160 3215 quae
2177 3169 2344 3216 pertinet
2362 3169 2414 3206 ad

1389 3231 1589 3277 effectum3
1613 3231 1708 3274 Quia
1732 3232 1772 3265 in
1789 3230 1896 3265 verba
1915 3231 1977 3265 tua
1996 3232 2258 3276 supersperavi,
2288 3239 2413 3277 quan-

1388 3296 1471 3329 tum
1485 3293 1536 3329 ad
1559 3292 1825 3337 securitatem,
1855 3300 1943 3338 quae
1972 3291 2139 3338 pertinet
2166 3291 2219 3327 ad
2244 3300 2411 3338 provec-

1388 3357 1484 3391 tum.

1388 3454 1400 3470 ‘⁹'
1417 3451 1548 3491 Judz'th,
1571 3459 1617 3492 iv,
1637 3452 1669 3483 8.
1689 3466 1729 3474 —
1753 3451 1762 3469 ⁷
1786 3450 1922 3488 Jerem„
1943 3457 1990 3490 iv,
2010 3451 2042 3481 5.
2061 3465 2101 3472 —
2121 3450 2132 3467 Β
2151 3449 2162 3481 l
2184 3449 2275 3491 Κεφ,
2294 3457 2360 3491 vn,
2381 3452 2412 3483 8.

1387 3516 1425 3522 —
1440 3500 1452 3518 ⁰
1466 3499 1537 3540 Job,
1557 3505 1627 3539 xm,
1649 3499 1680 3530 3.
1700 3514 1740 3523 -—
1761 3498 1785 3521 '⁰
1797 3496 1914 3533 Eccli„
1929 3504 2003 3538 xxt,
2022 3497 2074 3529 28.
2094 3514 2128 3521 -
2154 3498 2176 3519 ¹¹
2199 3498 2227 3528 ll
2248 3497 2412 3540 Paralip„

1388 3555 1422 3586 x,
1441 3547 1471 3577 7.

2498 833 2514 846 X

2458 886 2574 920 Amare,

2435 926 2464 954 et
2472 926 2577 954 elama-

2436 975 2468 995 re
2482 967 2575 1002 tripli-

2437 1008 2518 1037 citer.
