2633 3878
56 360 180 386 AEterna

45 399 170 427 felicitas

63 447 153 474 quare

35 480 172 515 optabilis

54 2342 166 2368 Fercu-

49 2381 146 2407 lorum

54 2421 136 2448 ordo.

1047 135 1287 178 PSALMUS
1318 137 1492 180 CXVIII.

199 236 293 264 nam
311 225 536 264 felicitatem
559 239 567 264 :
584 226 666 264 haec
688 228 745 263 est
763 224 954 262 aeternitas
969 224 1090 269 bona,
1109 235 1230 271 quam

201 287 387 324 omnibus
417 290 525 336 optat
552 288 757 335 Propheta.
787 288 830 322 Et
860 288 976 330 nota,
1007 285 1118 332 quod
1146 286 1230 322 haec

199 349 393 386 aeternitas
406 352 463 386 est
480 349 664 397 optabilis
679 348 850 385 maxime
871 346 996 383 tribus
1018 346 1066 383 de
1087 347 1229 393 causis,

200 411 344 448 scilicet
373 413 535 458 propter
565 410 816 447 aeternitatem
834 408 1090 454 haereditatis,
1118 412 1228 445 tran-

199 472 424 520 quillitatis,
446 475 481 508 et
496 471 749 518 J'ucunditatis
770 483 780 506 :
803 469 992 517 quoniam
1012 469 1082 506 illa
1109 469 1228 506 felici-

196 536 257 570 tas
281 536 338 570 est
363 536 506 570 aeterna
522 533 748 577 haereditas,
773 532 825 568 ad
846 542 1046 568 summum
1073 531 1227 568 bonum

196 594 484 642 possidendum
494 608 505 642 ;
527 598 671 632 oeterna
703 594 984 641 tranquillitas,
1015 593 1067 630 ad
1091 593 1228 630 viden-

197 656 294 692 dum
320 669 331 703 3
363 660 506 694 {eterna
539 657 764 704 jucunditas
783 684 795 702 ,
828 656 881 693 ad
912 655 1137 692 fruendum.
1175 656 1226 691 De

194 718 323 764 primo
356 718 498 754 dicitur
528 729 597 766 per
628 718 872 755 psalmistam
900 718 909 739 ¹
939 729 947 752 ε
975 730 992 750 α
1019 716 1226 753 Haereditas

196 789 334 815 eorum
352 780 392 816 in
413 783 603 817 aeternum
620 780 692 816 erit
711 793 723 817 ε
744 793 762 815 »
782 789 871 816 ecce
890 778 1082 815 aeternitas
1102 778 1227 814 heere-

196 839 339 877 ditatis.
363 843 413 878 De
436 842 610 878 secundo
630 852 702 888 per
722 840 960 888 Prophetam
985 839 1167 887 psallitur
1185 838 1223 876 ²:

200 913 217 934 «
237 902 322 938 Non
342 903 659 939 commovebitur
683 903 724 938 in
749 905 957 946 aeternum,
981 901 1049 948 qui
1078 901 1226 938 habitat

194 963 235 998 in
254 964 489 1010 Jerusalem,
509 978 529 1000 »
553 968 589 1001 et
615 965 791 1012 loquitur
817 964 865 1000 de
895 963 1111 1001 Jerusalem
1130 963 1198 1000 illa
1212 992 1224 1010 ,

195 1035 283 1072 quae
314 1035 469 1062 sursum
501 1028 556 1062 est
583 1029 707 1063 mater
734 1028 894 1063 nostra:
917 1036 1005 1062 ecce
1034 1025 1225 1062 {eternitas

196 1086 501 1134 tranquillitatis,
535 1090 586 1124 De
626 1087 738 1124 tertio
770 1098 840 1135 per
872 1087 1224 1134 psalmographum

192 1148 373 1185 scribitur
393 1149 407 1170 ³
427 1160 436 1185 :
462 1151 540 1186 «In
565 1152 751 1186 aeternum
786 1149 1035 1189 exultabunt,
1059 1151 1095 1186 et
1113 1148 1224 1185 habi-

192 1209 294 1246 tabis
312 1210 354 1246 in
372 1210 427 1247 eis
450 1223 458 1247 :
481 1224 499 1245 >³
523 1222 611 1248 ecce
631 1210 823 1248 aeternitas
839 1210 1109 1257 jiicunditatis.

624 1317 797 1358 Epilogus.

240 1396 344 1431 Patet
363 1395 479 1442 igitur
500 1396 624 1433 oratio
647 1396 902 1443 prophetica,
918 1405 1038 1443 quam
1059 1394 1225 1431 effundit

190 1466 263 1503 pro
284 1457 406 1493 salute
426 1457 602 1504 publica,
620 1457 753 1493 dicens
769 1469 777 1493 :
795 1459 1018 1503 Principium
1037 1458 1223 1493 verborum

192 1521 334 1554 tuorum
345 1545 357 1563 ,
378 1523 570 1564 quantum
590 1519 641 1556 ad
660 1519 833 1566 primum
851 1518 1014 1564 dictum,
1034 1518 1145 1566 quod
1166 1520 1223 1554 est

190 1578 337 1616 initiale
356 1579 549 1626 νει-11111113
572 1582 716 1617 Veritas
730 1609 741 1625 ,
764 1580 806 1616 id
831 1583 908 1626 est,
938 1590 1056 1616 causa
1083 1579 1223 1616 verita-

190 1640 256 1686 tis,
278 1644 471 1688 quantum
491 1641 543 1677 ad
568 1641 744 1689 primum
764 1641 910 1678 factum
920 1668 933 1687 ,
955 1641 1066 1688 quod
1085 1644 1140 1677 est
1154 1651 1222 1677 ve-

189 1701 310 1739 ritatis
329 1702 394 1739 vel
422 1702 590 1739 entitatis
610 1702 862 1750 participium
876 1716 888 1750 3
920 1703 1050 1740 Omnia
1078 1704 1223 1749 judicia

182 1764 343 1809 justitiae
363 1768 455 1810 tuae,
474 1768 666 1812 quantum
686 1766 738 1802 ad
758 1766 1018 1802 novissimum
1045 1765 1193 1802 dictum
1207 1794 1219 1811 ,

191 1826 301 1873 quod
320 1829 377 1862 est
393 1826 582 1873 judiciale
604 1827 772 1864 verbum
782 1840 794 1874 5
812 1829 855 1864 In
872 1831 1062 1874 ceter-num,
1082 1827 1125 1864 id
1144 1830 1220 1873 est,

189 1886 229 1923 in
251 1887 526 1934 aeternitatem,
549 1891 740 1936 quantum
771 1889 823 1925 ad
853 1889 1114 1926 novissimum
1143 1889 1221 1926 fac-

189 1951 290 1994 tum,
312 1949 423 1997 quod
442 1953 497 1986 est
515 1950 736 1987 aeternitatis
756 1951 1019 1998 participium.

275 2108 524 2145 CArlTULUM
549 2108 808 2144 UNDECIMUM
834 2108 890 2144 ET
914 2108 1125 2145 ULTIMUM.

502 2233 723 2260 VERSICULUS
746 2234 894 2261 PRIMUS·

237 2328 317 2362 161.
340 2328 524 2372 Principes
550 2330 725 2373 persecuti
754 2331 838 2363 sunt
870 2338 937 2364 me.
960 2327 1218 2364 Undecimum

188 2387 298 2425 adest
315 2388 531 2435 capitulum
553 2389 602 2425 de
627 2389 775 2426 ferculo
803 2389 1020 2426 novissimo
1053 2389 1217 2426 servitu-

187 2459 288 2486 rum.
310 2449 416 2487 Ordo
442 2460 615 2497 namque
636 2450 898 2497 capitulorum
917 2450 1092 2498 sequitur
1111 2450 1216 2486 ordi-

186 2522 278 2548 nem
295 2511 548 2548 ferculorum.
574 2512 797 2558 Capitulum
825 2523 918 2549 sane
946 2512 1216 2559 penultimum

183 2572 338 2620 pietatis
364 2573 646 2610 admissionem
671 2573 854 2621 apposuit
877 2587 888 2620 3
921 2574 997 2611 hoo
1031 2574 1216 2610 ultimum

183 2634 393 2682 impietatis
419 2635 672 2672 amissionem
705 2636 880 2683 apponit.
903 2637 1092 2672 Caeterum
1112 2646 1216 2683 prae-

183 2706 271 2732 sens
301 2695 496 2733 ferculum
522 2699 579 2734 est
608 2697 754 2733 caeteris
779 2697 991 2744 praelibatis
1017 2697 1214 2744 postposi-

183 2760 289 2803 tum,
322 2758 417 2805 quia
452 2758 644 2806 posterius
681 2758 802 2795 afficit
836 2759 1066 2806 appetitum.
1109 2758 1214 2794 Sicut

183 2819 288 2856 enim
307 2819 404 2856 inter
424 2819 673 2867 appetibilia,
693 2820 824 2867 priora
844 2822 933 2856 sunt
951 2820 1124 2867 gratiora
1131 2832 1142 2866 ;
1158 2819 1212 2856 ita

181 2881 400 2929 posteriora
419 2884 508 2918 sunt
526 2881 722 2928 graviora.
742 2883 821 2918 Hoc
840 2892 935 2929 ergo
956 2885 1104 2929 quanto
1126 2892 1214 2928 gra-

182 2942 289 2988 vius,
305 2946 411 2980 tanto
432 2942 640 2990 posterius
655 2942 740 2979 Alia
760 2944 894 2990 priora
910 2943 1098 2989 gratiora,
1115 2942 1211 2989 quia

183 3004 382 3040 continent
410 3004 501 3051 plus
532 3004 698 3051 amoris;
718 3005 823 3042 istud
852 3004 1048 3052 posterius
1066 3007 1103 3041 et
1122 3015 1210 3051 gra⁴

181 3066 287 3111 vius,
316 3065 411 3113 quia
436 3066 608 3103 continet
633 3066 723 3114 plus
742 3066 905 3103 timoris.
935 3066 1042 3103 Unde
1075 3076 1212 3113 quem-

182 3127 403 3164 admodum
433 3128 544 3164 cibus
581 3127 762 3174 gravior,
783 3139 852 3164 seu
889 3127 1037 3164 fructus
1075 3126 1211 3163 durior

182 3189 393 3236 apponitur
411 3189 649 3226 novissimus
669 3190 711 3226 in
730 3188 899 3237 prandio
927 3188 1125 3236 corporali
1136 3201 1148 3235 ;
1169 3188 1210 3225 in

182 3253 367 3291 eumdem
390 3253 559 3291 modum
584 3251 803 3290 emissionis
826 3252 944 3289 timor
968 3250 1211 3288 administra-

229 3387 235 3403 ¹
254 3385 341 3418 Psat.
362 3393 486 3418 xxxvi.
510 3387 560 3418 18.
577 3401 618 3409 —
641 3384 653 3403 ²
671 3383 759 3415 Psal.
786 3389 905 3423 cxxiv,
928 3385 958 3414 1.
977 3398 1018 3405 —
1040 3381 1053 3403 ³
1071 3380 1160 3414 Psal.
1176 3389 1210 3423 v,

2259 147 2335 186 525

1308 228 1369 261 tur
1390 226 1549 262 ultimus
1567 227 1606 262 in
1627 228 1982 282 morali31mpietas
2001 230 2091 277 ista,
2110 240 2231 278 quam
2250 242 2334 268 me-

1306 289 1434 324 morat
1470 287 1512 324 in
1548 287 1622 324 hac
1656 292 1764 336 parte
1800 291 2021 336 Psalmista,
2045 302 2116 339 per
2154 292 2334 329 divinum

1301 347 1496 393 judicium
1525 348 1566 385 in
1602 352 1792 387 aeternum
1824 352 2038 389 emittenda
2063 353 2302 401 supplicium
2319 382 2333 400 ,

1303 410 1472 455 pertinet
1486 410 1539 447 ad
1552 411 1732 448 membra
1745 412 1912 458 diaboli,
1927 415 2202 461 persequentia
2214 426 2335 452 mem-

1292 469 1377 507 .bra
1392 472 1542 508 Christi.
1561 473 1668 509 Unde
1685 473 1875 510 nimirum
1893 485 1964 521 per
1985 475 2159 522 primum
2179 479 2335 514 octona·

1302 531 1405 568 rium
1440 534 1675 580 proponitur
1713 535 1998 582 persecutionis
2039 536 2194 582 gladius
2216 550 2227 584 3
2263 549 2334 585 per

1303 593 1521 630 secundum
1541 596 1756 642 opponitur
1776 597 1965 634 orationis
1985 598 2160 645 clypeus.
2178 601 2221 634 Et
2237 610 2334 646 quo-

1301 654 1410 690 niam
1436 654 1504 691 illa
1530 656 1735 701 *generatio
1765 670 1784 692 κ
1805 658 1960 704 gladios
1990 659 2111 696 habet
2135 670 2207 706 pro
2235 660 2332 696 den-

1301 714 1419 761 tibus,
1439 729 1458 750 »
1479 716 1577 753 sicut
1600 717 1769 763 legimus
1792 719 2040 767 '⁴,propterea
2056 720 2206 768 primus
2226 724 2333 758 octo-

1301 776 1434 813 narius
1455 787 1478 813 a
1496 777 1562 814 Sin
1589 778 1715 815 littera
1735 779 1954 826 inchoatur,
1972 792 2060 828 quae
2077 783 2196 818 dentes
2217 782 2332 819 inter-

1300 840 1496 885 pretatur3
1527 840 1621 886 quia
1652 851 1746 877 vero
1780 841 1821 877 in
1851 843 2136 889 persecutionis
2167 843 2330 881 articulo

1302 910 1502 936 summum
1522 901 1743 938 remedium
1765 905 1820 938 est
1852 903 1976 940 oratio
1987 931 2000 949 ,
2021 904 2168 942 idcirco
2195 916 2330 941 secun-

1302 960 1375 997 dus
1395 963 1619 998 octonarius
1647 962 1820 1000 initiatur
1839 974 1863 1000 a
1884 966 1963 1001 Tau
1995 965 2144 1012 littera,
2166 977 2255 1014 quae
2274 967 2331 1002 in-

1300 1024 1533 1070 terpretatur
1562 1027 1830 1061 consummatio.
1860 1026 2033 1062 Primum
2061 1029 2194 1064 autem
2223 1031 2331 1065 octo—

1301 1083 1457 1120 narium
1477 1085 1792 1132 subdistinguere
1811 1097 2025 1134 possumus
2053 1088 2094 1125 in
2119 1088 2226 1125 hunc
2245 1100 2331 1126 mo-

1302 1145 1411 1182 dum.
1457 1148 1528 1182 Per
1573 1147 1747 1194 primum
1793 1150 2090 1196 quaternarium
2136 1151 2333 1188 indicatur

1299 1207 1532 1255 improbitas
1548 1210 1870 1257 persequentium
1880 1223 1891 1258 ;
1907 1222 1977 1259 per
1996 1212 2229 1258 secundum,
2243 1223 2332 1261 pro-

1298 1270 1399 1307 bitas
1418 1271 1716 1318 perferentium.
1739 1274 1972 1320 improbitas
1998 1274 2066 1311 illa
2091 1277 2221 1322 potest
2245 1286 2332 1322 per-

1297 1331 1446 1379 pendi,
1481 1333 1672 1380 quoniam
1707 1334 1917 1381 impietatis
1950 1334 2021 1371 filii
2054 1346 2136 1372 non
2166 1340 2332 1383 parcunt

1297 1392 1530 1431 innocentiae
1557 1395 1778 1442 personali,
1808 1407 1880 1433 nec
1912 1396 2110 1444 sapientiae
2141 1397 2330 1441 salutari,

1297 1465 1368 1491 nec
1391 1455 1546 1502 justitiae
1573 1456 1713 1503 legali,
1735 1467 1807 1494 nec
1837 1458 2104 1496 observationi
2134 1459 2328 1505 regulari,

1298 1517 1397 1553 sicut
1410 1517 1567 1554 videtur
1581 1521 1750 1566 quatuor
1766 1519 1904 1566 primis
1921 1520 2101 1557 versibus
2113 1521 2326 1568 propalari.

1297 1579 1448 1615 Primus
1466 1590 1599 1616 versus
1620 1581 1789 1617 ostendit
1805 1581 1894 1618 luce
1917 1581 2074 1628 elarius,
2097 1583 2207 1629 quod
2225 1583 2330 1630 prin-

1297 1641 1403 1688 cipes
1422 1641 1538 1687 mali,
1566 1644 1758 1690 tanquam
1791 1642 2001 1690 impietatis
2024 1643 2117 1689 filii,
2138 1654 2220 1680 non
2240 1655 2330 1692 par-

1298 1706 1390 1740 cunt
1407 1703 1643 1741 innocentiae
1672 1704 1900 1751 personali,
1919 1705 2071 1742 dicente
2102 1705 2296 1754 Propheta
2317 1718 2326 1742 2

1300 1766 1505 1812 Principes,
1526 1769 1614 1811 etc„
1636 1765 1749 1814 quasi
1771 1766 1877 1803 dicat
1898 1779 1907 1803 ε
1931 1767 2147 1804 Potentiam
2165 1767 2327 1804 saevien-

1296 1828 1375 1863 tem
1405 1826 1633 1864 innocenter
1664 1827 1858 1872 sustinui,
1885 1831 1922 1865 et
1957 1829 2217 1866 reverentiam
2248 1841 2328 1866 ser-

1295 1888 1467 1925 vientem
1506 1888 1637 1926 verbis
1673 1889 1748 1926 tuis
1778 1899 1934 1937 semper
1965 1890 2144 1928 adhibui.
2176 1893 2219 1928 In
2249 1889 2327 1929 hoc

1295 1950 1519 1997 spectaculo
1539 1953 1710 1998 quatuor
1737 1953 1902 1998 possunt
1932 1951 2097 1999 spectari
2113 1979 2126 1998 ,
2141 1952 2326 1990 videlicet

1295 2011 1450 2057 gladius
1482 2012 1522 2048 in
1550 2012 1734 2049 manibus
1760 2012 1926 2059 insanis,
1949 2015 1986 2049 et
2004 2013 2125 2050 virtus
2147 2014 2188 2050 in
2208 2014 2324 2051 affec-

1292 2073 1398 2109 tibus
1429 2073 1555 2120 sanis;
1578 2074 1769 2121 quoniam
1799 2074 1840 2111 in
1867 2075 2042 2122 potentia
2075 2075 2256 2123 gladius,
2280 2077 2322 2113 in

1292 2135 1564 2181 persecutione
1595 2146 1757 2181 manuS,
1785 2135 1827 2172 in
1857 2135 2082 2174 innocentia
2111 2137 2258 2184 virtus,
2280 2138 2319 2173 in

1291 2195 1502 2234 formidine
1522 2197 1652 2235 cordis
1672 2197 1847 2235 affectus.

1629 2302 1812 2337 Articulus
1833 2302 1988 2348 primus.

1336 2382 1397 2420 Ad
1410 2383 1584 2430 primum
1603 2383 1782 2430 pertinet,
1797 2384 1911 2431 quod
1931 2384 2062 2432 prima
2081 2385 2208 2423 fronte
2227 2398 2322 2434 pree-

1289 2444 1417 2481 lucet:
1436 2446 1620 2490 Principes
1633 2455 1646 2481 .·
1665 2455 1758 2481 nam
1777 2445 1819 2482 in
1838 2446 2087 2494 principibus
2104 2448 2320 2495 potentiam

1289 2504 1556 2552 intelligimus,
1577 2506 1679 2550 Quid
1710 2507 1815 2543 enim
1845 2507 2064 2556 principes,
2084 2509 2159 2546 nisi
2176 2513 2319 2557 poten-

1288 2568 1371 2604 tes?
1390 2567 1491 2611 Quid
1517 2567 1778 2615 principatus,
1796 2568 1871 2605 nisi
1899 2572 2146 2617 potentatus?
2164 2575 2208 2609 Et
2225 2575 2319 2610 nota

1289 2628 1337 2665 de
1355 2628 1470 2666 malis
1487 2629 1755 2677 principibus,
1783 2630 1894 2678 quod
1918 2631 2016 2669 sicut
2043 2632 2085 2669 in
2113 2633 2318 2681 Scripturis

1286 2689 1484 2736 legimus,
1522 2691 1597 2738 ipsi
1632 2694 1723 2728 sunt
1756 2693 1979 2730 conturbati
2005 2721 2018 2740 ‚
2055 2695 2282 2742 congregati
2301 2724 2315 2743 ,

1287 2751 1566 2799 praevaricati;
1603 2753 1697 2800 quia
1741 2754 1956 2792 mundanis
1995 2757 2317 2804 concupiscentiis

1287 2813 1594 2860 conturbantur,
1623 2814 1665 2850 in
1701 2825 1845 2863 corpus
1883 2816 2035 2854 diaboli
2069 2829 2315 2866 congregan-

1285 2878 1348 2912 tur
1381 2903 1393 2921 ,
1439 2877 1477 2912 et
1512 2875 1663 2912 actibus
1709 2876 1918 2914 diabolicis
1965 2879 2225 2927 applicantur.
2263 2883 2315 2918 De

1284 2937 1414 2984 primo
1444 2937 1457 2958 ⁵
1491 2948 1499 2973 :
1537 2950 1556 2972 «
1593 2939 1698 2974 Tunc
1737 2939 1961 2977 conturbati
1994 2943 2084 2978 sunt
2117 2942 2314 2990 principes

1285 2999 1411 3036 Edom
1432 3011 1441 3036 :
1458 3013 1476 3034 »
1500 2999 1779 3048 interpretatur
1799 3004 1931 3039 autem
1955 3002 2081 3040 Edom
2098 3003 2207 3040 rufus
2220 3031 2233 3049 ,
2250 3003 2314 3040 vel
2333 3014 2436 3042 mom.

1284 3061 1548 3109 sanguineus,
1575 3061 1639 3099 vel
1672 3065 1871 3110 terrenus,
1905 3064 2051 3111 quibus
2079 3065 2311 3113 vanitatem,

1285 3125 1553 3172 voluptatem,
1575 3126 1612 3161 et
1633 3124 1887 3172 cupiditatem
1917 3125 2170 3173 intelligimus
2191 3139 2200 3164 ε
2222 3138 2310 3164 ecce

1284 3186 1483 3234 principes
1508 3186 1721 3223 mundanis
1750 3187 2073 3234 concupiscentiis
2104 3188 2311 3225 conturba-

1282 3251 1354 3286 tos.
1377 3250 1428 3285 De
1447 3247 1620 3285 secundo
1641 3247 1654 3268 ⁵
1671 3260 1680 3285 :
1699 3250 1836 3285 «Tunc
1855 3248 2083 3296 congregati
2099 3251 2189 3286 sunt
2202 3249 2310 3298 prin-

1286 3335 1336 3365 12.
1351 3348 1392 3356 --
1404 3332 1418 3354 ⁸
1430 3332 1541 3370 Prov.,
1557 3338 1639 3371 xxx,
1656 3331 1706 3362 14.
1721 3348 1759 3355 ——
1779 3332 1791 3350 ⁶
1806 3331 1927 3372 Erod„
1945 3339 2001 3372 xv,
2024 3333 2074 3364 ¹5.
2088 3349 2128 3356 -
2147 3334 2160 3352 ⁶
2174 3333 2310 3375 Manli„

1283 3387 1379 3419 xxvi,
1399 3380 1428 3411 3.

2353 792 2414 819 Sin.

2351 974 2425 1000 Tau.
