<?xml version="1.0" encoding="UTF-8"?>
<!DOCTYPE html PUBLIC "-//W3C//DTD XHTML 1.0 Transitional//EN"
    "http://www.w3.org/TR/xhtml1/DTD/xhtml1-transitional.dtd">
<html xmlns="http://www.w3.org/1999/xhtml" xml:lang="en" lang="en">
 <head>
  <title>
</title>
<meta http-equiv="Content-Type" content="text/html;charset=utf-8" />
  <meta name='ocr-system' content='tesseract 3.04.00' />
  <meta name='ocr-capabilities' content='ocr_page ocr_carea ocr_par ocr_line ocrx_word'/>
</head>
<body>
  <div class='ocr_page' id='page_1' title='image "./operaomniasixtiv09bonauoft/operaomniasixtiv09bonauoft_0731.png"; bbox 0 0 2633 3878; ppageno 0'>
   <div class='ocr_carea' id='block_1_1' title="bbox 186 341 1176 3465">
    <p class='ocr_par' dir='ltr' id='par_1_1' title="bbox 263 341 1156 430">
     <span class='ocr_line' id='line_1_1' title="bbox 263 341 1156 390; baseline -0.01 -9"><span class='ocrx_word' id='word_1_1' title='bbox 263 347 428 390; x_wconf 85' lang='lat' dir='ltr'><strong>incipiant</strong></span> <span class='ocrx_word' id='word_1_2' title='bbox 445 345 568 390; x_wconf 78' lang='lat' dir='ltr'><strong>psalmi</strong></span> <span class='ocrx_word' id='word_1_3' title='bbox 587 346 629 379; x_wconf 90' lang='lat' dir='ltr'>de</span> <span class='ocrx_word' id='word_1_4' title='bbox 646 344 821 387; x_wconf 83' lang='lat' dir='ltr'>passione,</span> <span class='ocrx_word' id='word_1_5' title='bbox 836 345 870 376; x_wconf 88' lang='lat' dir='ltr'>et</span> <span class='ocrx_word' id='word_1_6' title='bbox 887 342 924 375; x_wconf 89' lang='lat' dir='ltr'>in</span> <span class='ocrx_word' id='word_1_7' title='bbox 947 350 1016 384; x_wconf 90' lang='lat' dir='ltr'>quo</span> <span class='ocrx_word' id='word_1_8' title='bbox 1036 341 1156 374; x_wconf 86' lang='lat' dir='ltr'>termi-</span> 
     </span>
     <span class='ocr_line' id='line_1_2' title="bbox 263 400 404 430; baseline -0.021 0"><span class='ocrx_word' id='word_1_9' title='bbox 263 400 404 430; x_wconf 84' lang='lat' dir='ltr'><strong>nentur.</strong></span> 
     </span>
    </p>

    <p class='ocr_par' dir='ltr' id='par_1_2' title="bbox 224 436 1158 670">
     <span class='ocr_line' id='line_1_3' title="bbox 224 436 1154 483; baseline -0.011 -6"><span class='ocrx_word' id='word_1_10' title='bbox 224 445 322 483; x_wconf 91' lang='lat' dir='ltr'>Quod</span> <span class='ocrx_word' id='word_1_11' title='bbox 354 442 477 483; x_wconf 89' lang='lat' dir='ltr'>triplici</span> <span class='ocrx_word' id='word_1_12' title='bbox 512 442 554 474; x_wconf 90' lang='lat' dir='ltr'>de</span> <span class='ocrx_word' id='word_1_13' title='bbox 589 449 690 473; x_wconf 86' lang='lat' dir='ltr'>causa</span> <span class='ocrx_word' id='word_1_14' title='bbox 717 439 827 481; x_wconf 87' lang='lat' dir='ltr'>justus</span> <span class='ocrx_word' id='word_1_15' title='bbox 859 447 930 470; x_wconf 91' lang='lat' dir='ltr'>non</span> <span class='ocrx_word' id='word_1_16' title='bbox 965 436 1154 469; x_wconf 82' lang='lat' dir='ltr'>exauditur.</span> 
     </span>
     <span class='ocr_line' id='line_1_4' title="bbox 266 483 1158 530; baseline -0.01 -7"><span class='ocrx_word' id='word_1_17' title='bbox 266 491 364 530; x_wconf 90' lang='lat' dir='ltr'>Quod</span> <span class='ocrx_word' id='word_1_18' title='bbox 392 490 458 522; x_wconf 87' lang='lat' dir='ltr'>tria</span> <span class='ocrx_word' id='word_1_19' title='bbox 477 488 626 521; x_wconf 88' lang='lat' dir='ltr'>curanda</span> <span class='ocrx_word' id='word_1_20' title='bbox 643 489 684 528; x_wconf 87' lang='grc' dir='ltr'>(α)</span> <span class='ocrx_word' id='word_1_21' title='bbox 703 487 831 519; x_wconf 87' lang='lat' dir='ltr'>suntin</span> <span class='ocrx_word' id='word_1_22' title='bbox 847 485 1014 518; x_wconf 87' lang='lat' dir='ltr'>oratione.</span> <span class='ocrx_word' id='word_1_23' title='bbox 1034 485 1083 515; x_wconf 92' lang='lat' dir='ltr'>De</span> <span class='ocrx_word' id='word_1_24' title='bbox 1099 483 1158 514; x_wconf 90' lang='lat' dir='ltr'>tri-</span> 
     </span>
     <span class='ocr_line' id='line_1_5' title="bbox 265 532 1155 580; baseline -0.01 -10"><span class='ocrx_word' id='word_1_25' title='bbox 265 539 346 580; x_wconf 90' lang='lat' dir='ltr'>plici</span> <span class='ocrx_word' id='word_1_26' title='bbox 373 546 486 577; x_wconf 86' lang='lat' dir='ltr'>cruce,</span> <span class='ocrx_word' id='word_1_27' title='bbox 507 539 541 568; x_wconf 91' lang='lat' dir='ltr'>et</span> <span class='ocrx_word' id='word_1_28' title='bbox 559 536 599 568; x_wconf 88' lang='lat' dir='ltr'>de</span> <span class='ocrx_word' id='word_1_29' title='bbox 629 535 737 567; x_wconf 86' lang='lat' dir='ltr'>tribus</span> <span class='ocrx_word' id='word_1_30' title='bbox 762 533 945 575; x_wconf 84' lang='lat' dir='ltr'>generibus</span> <span class='ocrx_word' id='word_1_31' title='bbox 963 532 1155 563; x_wconf 88' lang='lat' dir='ltr'>hominum.</span> 
     </span>
     <span class='ocr_line' id='line_1_6' title="bbox 265 577 1157 626; baseline -0.009 -9"><span class='ocrx_word' id='word_1_32' title='bbox 265 584 401 626; x_wconf 81' lang='lat' dir='ltr'>Triplici</span> <span class='ocrx_word' id='word_1_33' title='bbox 427 585 468 617; x_wconf 88' lang='lat' dir='ltr'>de</span> <span class='ocrx_word' id='word_1_34' title='bbox 494 592 596 616; x_wconf 87' lang='lat' dir='ltr'>causa</span> <span class='ocrx_word' id='word_1_35' title='bbox 625 583 662 615; x_wconf 85' lang='lat' dir='ltr'>fit</span> <span class='ocrx_word' id='word_1_36' title='bbox 688 582 849 614; x_wconf 81' lang='lat' dir='ltr'><strong>transitus</strong></span> <span class='ocrx_word' id='word_1_37' title='bbox 874 581 917 612; x_wconf 90' lang='lat' dir='ltr'>ad</span> <span class='ocrx_word' id='word_1_38' title='bbox 947 577 1157 620; x_wconf 84' lang='lat' dir='ltr'>allegoriam.</span> 
     </span>
     <span class='ocr_line' id='line_1_7' title="bbox 266 628 942 670; baseline -0.007 -6"><span class='ocrx_word' id='word_1_39' title='bbox 266 632 447 664; x_wconf 78' lang='lat' dir='ltr'><strong>Proximus</strong></span> <span class='ocrx_word' id='word_1_40' title='bbox 467 631 609 663; x_wconf 89' lang='lat' dir='ltr'>diversis</span> <span class='ocrx_word' id='word_1_41' title='bbox 632 629 744 662; x_wconf 86' lang='lat' dir='ltr'>modis</span> <span class='ocrx_word' id='word_1_42' title='bbox 765 628 942 670; x_wconf 79' lang='lat' dir='ltr'>accipitur.</span> 
     </span>
    </p>

    <p class='ocr_par' dir='ltr' id='par_1_3' title="bbox 225 673 1159 956">
     <span class='ocr_line' id='line_1_8' title="bbox 225 673 1159 718; baseline -0.009 -7"><span class='ocrx_word' id='word_1_43' title='bbox 225 679 322 717; x_wconf 89' lang='lat' dir='ltr'>Quod</span> <span class='ocrx_word' id='word_1_44' title='bbox 343 687 444 710; x_wconf 87' lang='lat' dir='ltr'>canes</span> <span class='ocrx_word' id='word_1_45' title='bbox 463 678 599 710; x_wconf 87' lang='lat' dir='ltr'>diversa</span> <span class='ocrx_word' id='word_1_46' title='bbox 619 676 811 718; x_wconf 84' lang='lat' dir='ltr'>significant</span> <span class='ocrx_word' id='word_1_47' title='bbox 834 675 894 716; x_wconf 74' lang='lat' dir='ltr'>(b).</span> <span class='ocrx_word' id='word_1_48' title='bbox 915 673 1015 713; x_wconf 88' lang='lat' dir='ltr'>Quod</span> <span class='ocrx_word' id='word_1_49' title='bbox 1044 674 1159 704; x_wconf 88' lang='lat' dir='ltr'>tumor</span> 
     </span>
     <span class='ocr_line' id='line_1_9' title="bbox 265 719 1138 763; baseline -0.007 -6"><span class='ocrx_word' id='word_1_50' title='bbox 265 726 374 758; x_wconf 89' lang='lat' dir='ltr'>tribus</span> <span class='ocrx_word' id='word_1_51' title='bbox 392 725 504 757; x_wconf 90' lang='lat' dir='ltr'>modis</span> <span class='ocrx_word' id='word_1_52' title='bbox 523 727 661 756; x_wconf 89' lang='lat' dir='ltr'>sanatur</span> <span class='ocrx_word' id='word_1_53' title='bbox 684 724 735 763; x_wconf 83' lang='lat' dir='ltr'>(c).</span> <span class='ocrx_word' id='word_1_54' title='bbox 749 724 905 761; x_wconf 79' lang='lat' dir='ltr'>Qustuor</span> <span class='ocrx_word' id='word_1_55' title='bbox 919 724 1034 763; x_wconf 91' lang='lat' dir='ltr'>partes</span> <span class='ocrx_word' id='word_1_56' title='bbox 1052 719 1138 752; x_wconf 80' lang='lat' dir='ltr'>Mis-</span> 
     </span>
     <span class='ocr_line' id='line_1_10' title="bbox 265 766 1159 813; baseline -0.007 -9"><span class='ocrx_word' id='word_1_57' title='bbox 265 782 312 805; x_wconf 84' lang='lat' dir='ltr'>sae</span> <span class='ocrx_word' id='word_1_58' title='bbox 343 771 401 813; x_wconf 79' lang='lat' dir='ltr'>(d).</span> <span class='ocrx_word' id='word_1_59' title='bbox 433 771 659 804; x_wconf 86' lang='lat' dir='ltr'>Liberationis</span> <span class='ocrx_word' id='word_1_60' title='bbox 692 770 818 802; x_wconf 87' lang='lat' dir='ltr'>diversi</span> <span class='ocrx_word' id='word_1_61' title='bbox 841 769 936 801; x_wconf 91' lang='lat' dir='ltr'>modi</span> <span class='ocrx_word' id='word_1_62' title='bbox 973 767 1028 808; x_wconf 84' lang='lat' dir='ltr'>(e).</span> <span class='ocrx_word' id='word_1_63' title='bbox 1061 766 1159 805; x_wconf 89' lang='lat' dir='ltr'>Quod</span> 
     </span>
     <span class='ocr_line' id='line_1_11' title="bbox 264 816 1159 859; baseline -0.008 -7"><span class='ocrx_word' id='word_1_64' title='bbox 264 820 371 852; x_wconf 86' lang='lat' dir='ltr'>tribus</span> <span class='ocrx_word' id='word_1_65' title='bbox 383 820 496 851; x_wconf 89' lang='lat' dir='ltr'>modis</span> <span class='ocrx_word' id='word_1_66' title='bbox 513 819 664 852; x_wconf 87' lang='lat' dir='ltr'>Christus</span> <span class='ocrx_word' id='word_1_67' title='bbox 683 818 724 859; x_wconf 64' lang='grc' dir='ltr'>(Γ)</span> <span class='ocrx_word' id='word_1_68' title='bbox 742 817 922 849; x_wconf 87' lang='lat' dir='ltr'>inhabitat.</span> <span class='ocrx_word' id='word_1_69' title='bbox 939 817 1050 854; x_wconf 87' lang='lat' dir='ltr'>Quare</span> <span class='ocrx_word' id='word_1_70' title='bbox 1069 816 1159 855; x_wconf 89' lang='lat' dir='ltr'>Papa</span> 
     </span>
     <span class='ocr_line' id='line_1_12' title="bbox 265 862 1158 904; baseline -0.008 -4"><span class='ocrx_word' id='word_1_71' title='bbox 265 866 495 900; x_wconf 88' lang='lat' dir='ltr'>communicet</span> <span class='ocrx_word' id='word_1_72' title='bbox 509 867 643 899; x_wconf 89' lang='lat' dir='ltr'>sedens.</span> <span class='ocrx_word' id='word_1_73' title='bbox 658 865 774 898; x_wconf 83' lang='lat' dir='ltr'>Passio</span> <span class='ocrx_word' id='word_1_74' title='bbox 792 864 915 897; x_wconf 75' lang='lat' dir='ltr'>Christi</span> <span class='ocrx_word' id='word_1_75' title='bbox 928 872 1027 896; x_wconf 87' lang='lat' dir='ltr'>coena</span> <span class='ocrx_word' id='word_1_76' title='bbox 1039 862 1092 904; x_wconf 85' lang='lat' dir='ltr'>(e).</span> <span class='ocrx_word' id='word_1_77' title='bbox 1109 863 1158 893; x_wconf 87' lang='lat' dir='ltr'>De</span> 
     </span>
     <span class='ocr_line' id='line_1_13' title="bbox 265 914 582 956; baseline 0 -10"><span class='ocrx_word' id='word_1_78' title='bbox 265 914 479 956; x_wconf 85' lang='lat' dir='ltr'>quadruplici</span> <span class='ocrx_word' id='word_1_79' title='bbox 500 914 582 946; x_wconf 83' lang='lat' dir='ltr'>vita.</span> 
     </span>
    </p>

    <p class='ocr_par' dir='ltr' id='par_1_4' title="bbox 223 956 1160 1050">
     <span class='ocr_line' id='line_1_14' title="bbox 223 956 1160 1003; baseline -0.006 -9"><span class='ocrx_word' id='word_1_80' title='bbox 223 963 387 994; x_wconf 77' lang='lat' dir='ltr'>Dominus</span> <span class='ocrx_word' id='word_1_81' title='bbox 400 963 488 1003; x_wconf 72' lang='lat' dir='ltr'>reqit</span> <span class='ocrx_word' id='word_1_82' title='bbox 502 971 566 1003; x_wconf 86' lang='lat' dir='ltr'>me,</span> <span class='ocrx_word' id='word_1_83' title='bbox 582 961 704 994; x_wconf 82' lang='lat' dir='ltr'>Psalm.</span> <span class='ocrx_word' id='word_1_84' title='bbox 722 963 773 993; x_wconf 86' lang='lat'>22.</span> <span class='ocrx_word' id='word_1_85' title='bbox 789 961 838 992; x_wconf 91' lang='lat' dir='ltr'>De</span> <span class='ocrx_word' id='word_1_86' title='bbox 854 960 953 1000; x_wconf 85' lang='lat' dir='ltr'>pastu</span> <span class='ocrx_word' id='word_1_87' title='bbox 967 967 1034 1000; x_wconf 88' lang='lat' dir='ltr'>quo</span> <span class='ocrx_word' id='word_1_88' title='bbox 1049 956 1160 990; x_wconf 89' lang='lat' dir='ltr'>Chris—</span> 
     </span>
     <span class='ocr_line' id='line_1_15' title="bbox 267 1009 465 1050; baseline -0.005 -9"><span class='ocrx_word' id='word_1_89' title='bbox 267 1012 323 1041; x_wconf 87' lang='lat' dir='ltr'>tus</span> <span class='ocrx_word' id='word_1_90' title='bbox 342 1009 465 1050; x_wconf 85' lang='lat' dir='ltr'>pascit.</span> 
     </span>
    </p>

    <p class='ocr_par' dir='ltr' id='par_1_5' title="bbox 225 1051 1162 1285">
     <span class='ocr_line' id='line_1_16' title="bbox 225 1051 1156 1096; baseline -0.008 -7"><span class='ocrx_word' id='word_1_91' title='bbox 225 1057 274 1089; x_wconf 88' lang='lat' dir='ltr'>De</span> <span class='ocrx_word' id='word_1_92' title='bbox 295 1056 498 1088; x_wconf 85' lang='lat' dir='ltr'>sufficientia</span> <span class='ocrx_word' id='word_1_93' title='bbox 512 1054 694 1087; x_wconf 76' lang='lat' dir='ltr'>Christiani</span> <span class='ocrx_word' id='word_1_94' title='bbox 710 1054 768 1096; x_wconf 74' lang='lat'>(9).</span> <span class='ocrx_word' id='word_1_95' title='bbox 784 1053 970 1095; x_wconf 74' lang='lat' dir='ltr'>BabylonIs</span> <span class='ocrx_word' id='word_1_96' title='bbox 990 1051 1156 1093; x_wconf 83' lang='lat' dir='ltr'>significa-</span> 
     </span>
     <span class='ocr_line' id='line_1_17' title="bbox 265 1101 1162 1144; baseline -0.007 -9"><span class='ocrx_word' id='word_1_97' title='bbox 265 1103 312 1135; x_wconf 88' lang='lat' dir='ltr'>tio</span> <span class='ocrx_word' id='word_1_98' title='bbox 331 1103 455 1144; x_wconf 81' lang='lat' dir='ltr'>triplex</span> <span class='ocrx_word' id='word_1_99' title='bbox 479 1103 516 1143; x_wconf 87' lang='lat' dir='ltr'>(e)</span> <span class='ocrx_word' id='word_1_100' title='bbox 539 1103 586 1134; x_wconf 92' lang='lat' dir='ltr'>De</span> <span class='ocrx_word' id='word_1_101' title='bbox 608 1103 801 1134; x_wconf 82' lang='lat' dir='ltr'>diversitate</span> <span class='ocrx_word' id='word_1_102' title='bbox 821 1101 1007 1142; x_wconf 81' lang='lat' dir='ltr'>virgarum.</span> <span class='ocrx_word' id='word_1_103' title='bbox 1033 1101 1162 1132; x_wconf 86' lang='lat' dir='ltr'>Prono·</span> 
     </span>
     <span class='ocr_line' id='line_1_18' title="bbox 265 1146 1159 1192; baseline -0.006 -10"><span class='ocrx_word' id='word_1_104' title='bbox 265 1159 347 1183; x_wconf 90' lang='lat' dir='ltr'>men</span> <span class='ocrx_word' id='word_1_105' title='bbox 367 1152 438 1192; x_wconf 84' lang='lat' dir='ltr'>Ipse</span> <span class='ocrx_word' id='word_1_106' title='bbox 459 1150 539 1190; x_wconf 89' lang='lat' dir='ltr'>quid</span> <span class='ocrx_word' id='word_1_107' title='bbox 560 1152 668 1181; x_wconf 90' lang='lat' dir='ltr'>notet.</span> <span class='ocrx_word' id='word_1_108' title='bbox 695 1151 744 1181; x_wconf 87' lang='lat' dir='ltr'>De</span> <span class='ocrx_word' id='word_1_109' title='bbox 771 1157 889 1180; x_wconf 85' lang='lat' dir='ltr'>mensa</span> <span class='ocrx_word' id='word_1_110' title='bbox 910 1156 1014 1179; x_wconf 81' lang='lat' dir='ltr'>sacrae</span> <span class='ocrx_word' id='word_1_111' title='bbox 1044 1146 1159 1186; x_wconf 85' lang='lat' dir='ltr'>Scrip-</span> 
     </span>
     <span class='ocr_line' id='line_1_19' title="bbox 266 1195 1160 1238; baseline -0.006 -9"><span class='ocrx_word' id='word_1_112' title='bbox 266 1200 351 1229; x_wconf 87' lang='lat' dir='ltr'>turae</span> <span class='ocrx_word' id='word_1_113' title='bbox 371 1201 406 1229; x_wconf 90' lang='lat' dir='ltr'>et</span> <span class='ocrx_word' id='word_1_114' title='bbox 431 1199 577 1238; x_wconf 90' lang='lat' dir='ltr'>quatuor</span> <span class='ocrx_word' id='word_1_115' title='bbox 600 1197 744 1238; x_wconf 82' lang='lat' dir='ltr'>dapibus</span> <span class='ocrx_word' id='word_1_116' title='bbox 762 1195 822 1237; x_wconf 79' lang='lat' dir='ltr'>(h).</span> <span class='ocrx_word' id='word_1_117' title='bbox 842 1197 890 1227; x_wconf 89' lang='lat' dir='ltr'>De</span> <span class='ocrx_word' id='word_1_118' title='bbox 908 1195 1072 1226; x_wconf 89' lang='lat' dir='ltr'>ebrietate</span> <span class='ocrx_word' id='word_1_119' title='bbox 1088 1202 1160 1225; x_wconf 90' lang='lat' dir='ltr'>cor-</span> 
     </span>
     <span class='ocr_line' id='line_1_20' title="bbox 265 1243 637 1285; baseline -0.005 -9"><span class='ocrx_word' id='word_1_120' title='bbox 265 1244 378 1285; x_wconf 90' lang='lat' dir='ltr'>porali</span> <span class='ocrx_word' id='word_1_121' title='bbox 404 1247 438 1276; x_wconf 87' lang='lat' dir='ltr'>et</span> <span class='ocrx_word' id='word_1_122' title='bbox 460 1243 637 1285; x_wconf 87' lang='lat' dir='ltr'>spirituali.</span> 
     </span>
    </p>

    <p class='ocr_par' dir='ltr' id='par_1_6' title="bbox 226 1286 1163 1522">
     <span class='ocr_line' id='line_1_21' title="bbox 226 1286 1159 1330; baseline -0.006 -7"><span class='ocrx_word' id='word_1_123' title='bbox 226 1290 431 1323; x_wconf 75' lang='lat' dir='ltr'>Domt&#39;ni&#39;est</span> <span class='ocrx_word' id='word_1_124' title='bbox 450 1293 556 1330; x_wconf 75' lang='lat' dir='ltr'>terra,</span> <span class='ocrx_word' id='word_1_125' title='bbox 575 1291 698 1322; x_wconf 82' lang='lat' dir='ltr'>Psalm.</span> <span class='ocrx_word' id='word_1_126' title='bbox 714 1291 766 1321; x_wconf 85' lang='lat'>23.</span> <span class='ocrx_word' id='word_1_127' title='bbox 790 1291 858 1322; x_wconf 78' lang='lat' dir='ltr'>Sex</span> <span class='ocrx_word' id='word_1_128' title='bbox 879 1288 1002 1330; x_wconf 82' lang='lat' dir='ltr'>psalmi</span> <span class='ocrx_word' id='word_1_129' title='bbox 1020 1286 1159 1319; x_wconf 89' lang='lat' dir='ltr'>nomine</span> 
     </span>
     <span class='ocr_line' id='line_1_22' title="bbox 266 1334 1161 1377; baseline -0.006 -7"><span class='ocrx_word' id='word_1_130' title='bbox 266 1338 399 1370; x_wconf 89' lang='lat' dir='ltr'>sabbati</span> <span class='ocrx_word' id='word_1_131' title='bbox 417 1338 644 1370; x_wconf 77' lang='lat' dir='ltr'>intitulantur.</span> <span class='ocrx_word' id='word_1_132' title='bbox 672 1338 910 1369; x_wconf 82' lang='lat' dir='ltr'>Jurameutum</span> <span class='ocrx_word' id='word_1_133' title='bbox 939 1338 1021 1377; x_wconf 90' lang='lat' dir='ltr'>quot</span> <span class='ocrx_word' id='word_1_134' title='bbox 1050 1334 1161 1367; x_wconf 90' lang='lat' dir='ltr'>modis</span> 
     </span>
     <span class='ocr_line' id='line_1_23' title="bbox 266 1382 1159 1427; baseline -0.006 -10"><span class='ocrx_word' id='word_1_135' title='bbox 266 1386 423 1418; x_wconf 87' lang='lat' dir='ltr'>illicitum</span> <span class='ocrx_word' id='word_1_136' title='bbox 457 1386 508 1427; x_wconf 83' lang='lat' dir='ltr'>te).</span> <span class='ocrx_word' id='word_1_137' title='bbox 537 1386 717 1424; x_wconf 87' lang='lat' dir='ltr'>Quomodo</span> <span class='ocrx_word' id='word_1_138' title='bbox 749 1385 875 1425; x_wconf 88' lang='lat' dir='ltr'>aliquid</span> <span class='ocrx_word' id='word_1_139' title='bbox 909 1384 1040 1415; x_wconf 84' lang='lat' dir='ltr'>dicatur</span> <span class='ocrx_word' id='word_1_140' title='bbox 1074 1382 1159 1413; x_wconf 85' lang='lat' dir='ltr'>tolli.</span> 
     </span>
     <span class='ocr_line' id='line_1_24' title="bbox 267 1430 1163 1475; baseline -0.004 -9"><span class='ocrx_word' id='word_1_141' title='bbox 267 1434 378 1472; x_wconf 84' lang='lat' dir='ltr'>Quare</span> <span class='ocrx_word' id='word_1_142' title='bbox 401 1434 605 1475; x_wconf 87' lang='lat' dir='ltr'>principium</span> <span class='ocrx_word' id='word_1_143' title='bbox 629 1436 662 1465; x_wconf 88' lang='lat' dir='ltr'>et</span> <span class='ocrx_word' id='word_1_144' title='bbox 680 1433 757 1470; x_wconf 84' lang='lat' dir='ltr'>finis</span> <span class='ocrx_word' id='word_1_145' title='bbox 777 1433 940 1464; x_wconf 86' lang='lat' dir='ltr'>horarum</span> <span class='ocrx_word' id='word_1_146' title='bbox 958 1432 1067 1463; x_wconf 90' lang='lat' dir='ltr'>tribus</span> <span class='ocrx_word' id='word_1_147' title='bbox 1092 1430 1163 1462; x_wconf 88' lang='lat' dir='ltr'>die-</span> 
     </span>
     <span class='ocr_line' id='line_1_25' title="bbox 265 1480 905 1522; baseline -0.005 -8"><span class='ocrx_word' id='word_1_148' title='bbox 265 1482 329 1514; x_wconf 84' lang='lat' dir='ltr'>bus</span> <span class='ocrx_word' id='word_1_149' title='bbox 348 1482 580 1514; x_wconf 71' lang='lat' dir='ltr'>subticeantur</span> <span class='ocrx_word' id='word_1_150' title='bbox 600 1482 635 1522; x_wconf 77' lang='grc' dir='ltr'>(ι’)</span> <span class='ocrx_word' id='word_1_151' title='bbox 662 1483 740 1513; x_wconf 85' lang='lat' dir='ltr'>ante</span> <span class='ocrx_word' id='word_1_152' title='bbox 764 1480 905 1513; x_wconf 83' lang='lat' dir='ltr'>Pascha.</span> 
     </span>
    </p>

    <p class='ocr_par' dir='ltr' id='par_1_7' title="bbox 223 1525 1163 1665">
     <span class='ocr_line' id='line_1_26' title="bbox 223 1525 1163 1569; baseline -0.005 -8"><span class='ocrx_word' id='word_1_153' title='bbox 223 1529 277 1561; x_wconf 82' lang='lat' dir='ltr'>Ad</span> <span class='ocrx_word' id='word_1_154' title='bbox 299 1531 341 1567; x_wconf 78' lang='lat' dir='ltr'>te,</span> <span class='ocrx_word' id='word_1_155' title='bbox 359 1529 510 1568; x_wconf 77' lang='lat' dir='ltr'>Domine,</span> <span class='ocrx_word' id='word_1_156' title='bbox 530 1528 650 1569; x_wconf 73' lang='lat' dir='ltr'>levavi,</span> <span class='ocrx_word' id='word_1_157' title='bbox 673 1528 798 1560; x_wconf 81' lang='lat' dir='ltr'>Psalm.</span> <span class='ocrx_word' id='word_1_158' title='bbox 814 1529 864 1559; x_wconf 71' lang='lat'>24.</span> <span class='ocrx_word' id='word_1_159' title='bbox 881 1528 930 1558; x_wconf 91' lang='lat' dir='ltr'>De</span> <span class='ocrx_word' id='word_1_160' title='bbox 945 1525 1088 1558; x_wconf 82' lang='lat' dir='ltr'>diversis</span> <span class='ocrx_word' id='word_1_161' title='bbox 1102 1534 1163 1566; x_wconf 91' lang='lat' dir='ltr'>po-</span> 
     </span>
     <span class='ocr_line' id='line_1_27' title="bbox 265 1574 1158 1618; baseline -0.003 -9"><span class='ocrx_word' id='word_1_162' title='bbox 265 1577 364 1618; x_wconf 87' lang='lat' dir='ltr'>pulis.</span> <span class='ocrx_word' id='word_1_163' title='bbox 383 1577 564 1615; x_wconf 86' lang='lat' dir='ltr'>Quomodo</span> <span class='ocrx_word' id='word_1_164' title='bbox 584 1576 669 1618; x_wconf 84' lang='lat' dir='ltr'>erigi</span> <span class='ocrx_word' id='word_1_165' title='bbox 688 1576 764 1617; x_wconf 79' lang='lat' dir='ltr'>quis</span> <span class='ocrx_word' id='word_1_166' title='bbox 781 1575 888 1616; x_wconf 84' lang='lat' dir='ltr'>possit</span> <span class='ocrx_word' id='word_1_167' title='bbox 911 1575 953 1607; x_wconf 93' lang='lat' dir='ltr'>ad</span> <span class='ocrx_word' id='word_1_168' title='bbox 974 1575 1083 1606; x_wconf 88' lang='lat' dir='ltr'>Deum</span> <span class='ocrx_word' id='word_1_169' title='bbox 1104 1574 1158 1615; x_wconf 83' lang='lat' dir='ltr'>(e).</span> 
     </span>
     <span class='ocr_line' id='line_1_28' title="bbox 267 1623 733 1665; baseline -0.004 -9"><span class='ocrx_word' id='word_1_170' title='bbox 267 1625 315 1656; x_wconf 89' lang='lat' dir='ltr'>De</span> <span class='ocrx_word' id='word_1_171' title='bbox 339 1624 462 1664; x_wconf 89' lang='lat' dir='ltr'>triplici</span> <span class='ocrx_word' id='word_1_172' title='bbox 488 1623 651 1664; x_wconf 88' lang='lat' dir='ltr'>petitione</span> <span class='ocrx_word' id='word_1_173' title='bbox 676 1624 733 1665; x_wconf 84' lang='lat' dir='ltr'>(e).</span> 
     </span>
    </p>

    <p class='ocr_par' dir='ltr' id='par_1_8' title="bbox 225 1668 1163 1806">
     <span class='ocr_line' id='line_1_29' title="bbox 225 1668 1163 1712; baseline -0.004 -9"><span class='ocrx_word' id='word_1_174' title='bbox 225 1671 325 1710; x_wconf 92' lang='lat' dir='ltr'>Quod</span> <span class='ocrx_word' id='word_1_175' title='bbox 342 1671 564 1712; x_wconf 82' lang='lat' dir='ltr'>imperativus</span> <span class='ocrx_word' id='word_1_176' title='bbox 588 1680 659 1702; x_wconf 90' lang='lat' dir='ltr'>non</span> <span class='ocrx_word' id='word_1_177' title='bbox 684 1680 820 1711; x_wconf 82' lang='lat' dir='ltr'>semper</span> <span class='ocrx_word' id='word_1_178' title='bbox 843 1669 1043 1711; x_wconf 76' lang='lat' dir='ltr'>imperative</span> <span class='ocrx_word' id='word_1_179' title='bbox 1067 1668 1163 1710; x_wconf 85' lang='lat' dir='ltr'>poni-</span> 
     </span>
     <span class='ocr_line' id='line_1_30' title="bbox 265 1717 1161 1758; baseline -0.003 -8"><span class='ocrx_word' id='word_1_180' title='bbox 265 1721 332 1750; x_wconf 88' lang='lat' dir='ltr'>tur.</span> <span class='ocrx_word' id='word_1_181' title='bbox 369 1718 545 1758; x_wconf 83' lang='lat' dir='ltr'>Multiplici</span> <span class='ocrx_word' id='word_1_182' title='bbox 570 1718 674 1750; x_wconf 90' lang='lat' dir='ltr'>modo</span> <span class='ocrx_word' id='word_1_183' title='bbox 699 1718 820 1750; x_wconf 86' lang='lat' dir='ltr'>dicitur</span> <span class='ocrx_word' id='word_1_184' title='bbox 849 1720 938 1749; x_wconf 85' lang='lat' dir='ltr'>Deus</span> <span class='ocrx_word' id='word_1_185' title='bbox 959 1717 1075 1748; x_wconf 89' lang='lat' dir='ltr'>videre</span> <span class='ocrx_word' id='word_1_186' title='bbox 1106 1717 1161 1758; x_wconf 83' lang='lat' dir='ltr'>(e).</span> 
     </span>
     <span class='ocr_line' id='line_1_31' title="bbox 267 1764 1100 1806; baseline -0.004 -9"><span class='ocrx_word' id='word_1_187' title='bbox 267 1766 367 1804; x_wconf 86' lang='lat' dir='ltr'>Quod</span> <span class='ocrx_word' id='word_1_188' title='bbox 388 1775 515 1797; x_wconf 91' lang='lat' dir='ltr'>nomen</span> <span class='ocrx_word' id='word_1_189' title='bbox 537 1765 663 1806; x_wconf 76' lang='lat' dir='ltr'>Corpus</span> <span class='ocrx_word' id='word_1_190' title='bbox 689 1769 767 1797; x_wconf 88' lang='lat' dir='ltr'>octo</span> <span class='ocrx_word' id='word_1_191' title='bbox 786 1765 897 1797; x_wconf 88' lang='lat' dir='ltr'>modis</span> <span class='ocrx_word' id='word_1_192' title='bbox 925 1764 1100 1804; x_wconf 86' lang='lat' dir='ltr'>accipitur.</span> 
     </span>
    </p>

    <p class='ocr_par' dir='ltr' id='par_1_9' title="bbox 224 1811 1162 1899">
     <span class='ocr_line' id='line_1_32' title="bbox 224 1811 1162 1854; baseline -0.004 -9"><span class='ocrx_word' id='word_1_193' title='bbox 224 1812 342 1845; x_wconf 72' lang='lat' dir='ltr'>Judfca</span> <span class='ocrx_word' id='word_1_194' title='bbox 369 1822 432 1851; x_wconf 86' lang='lat' dir='ltr'>me,</span> <span class='ocrx_word' id='word_1_195' title='bbox 461 1812 612 1848; x_wconf 80' lang='lat' dir='ltr'>Domine,</span> <span class='ocrx_word' id='word_1_196' title='bbox 637 1813 794 1854; x_wconf 80' lang='lat' dir='ltr'>quoniam</span> <span class='ocrx_word' id='word_1_197' title='bbox 821 1821 879 1852; x_wconf 68' lang='lat' dir='ltr'>eqo</span> <span class='ocrx_word' id='word_1_198' title='bbox 906 1813 940 1842; x_wconf 86' lang='lat' dir='ltr'>z&#39;n</span> <span class='ocrx_word' id='word_1_199' title='bbox 965 1811 1162 1848; x_wconf 70' lang='lat' dir='ltr'>innocentia,</span> 
     </span>
     <span class='ocr_line' id='line_1_33' title="bbox 267 1857 1161 1899; baseline -0.003 -8"><span class='ocrx_word' id='word_1_200' title='bbox 267 1859 392 1892; x_wconf 88' lang='lat' dir='ltr'>Psalm.</span> <span class='ocrx_word' id='word_1_201' title='bbox 406 1862 457 1891; x_wconf 86' lang='lat'>25.</span> <span class='ocrx_word' id='word_1_202' title='bbox 472 1859 560 1897; x_wconf 88' lang='lat' dir='ltr'>Quid</span> <span class='ocrx_word' id='word_1_203' title='bbox 573 1859 616 1890; x_wconf 88' lang='lat' dir='ltr'>sit</span> <span class='ocrx_word' id='word_1_204' title='bbox 632 1859 722 1890; x_wconf 90' lang='lat' dir='ltr'>intus</span> <span class='ocrx_word' id='word_1_205' title='bbox 733 1883 742 1899; x_wconf 82' lang='lat'>‚</span> <span class='ocrx_word' id='word_1_206' title='bbox 760 1858 830 1890; x_wconf 82' lang='lat' dir='ltr'>sive</span> <span class='ocrx_word' id='word_1_207' title='bbox 847 1861 944 1890; x_wconf 79' lang='lat' dir='ltr'>extra</span> <span class='ocrx_word' id='word_1_208' title='bbox 958 1857 1086 1889; x_wconf 87' lang='lat' dir='ltr'>versari</span> <span class='ocrx_word' id='word_1_209' title='bbox 1103 1857 1161 1897; x_wconf 85' lang='lat' dir='ltr'>(e).</span> 
     </span>
    </p>

    <p class='ocr_par' dir='ltr' id='par_1_10' title="bbox 225 1905 1166 2090">
     <span class='ocr_line' id='line_1_34' title="bbox 225 1905 1166 1948; baseline -0.003 -10"><span class='ocrx_word' id='word_1_210' title='bbox 225 1908 300 1939; x_wconf 93' lang='lat' dir='ltr'>Duo</span> <span class='ocrx_word' id='word_1_211' title='bbox 328 1906 520 1948; x_wconf 84' lang='lat' dir='ltr'>praestanda</span> <span class='ocrx_word' id='word_1_212' title='bbox 546 1907 604 1945; x_wconf 87' lang='lat' dir='ltr'>(e).</span> <span class='ocrx_word' id='word_1_213' title='bbox 634 1905 926 1947; x_wconf 73' lang='lat' dir='ltr'>concupiscentiae</span> <span class='ocrx_word' id='word_1_214' title='bbox 958 1905 1068 1936; x_wconf 85' lang='lat' dir='ltr'>fomes</span> <span class='ocrx_word' id='word_1_215' title='bbox 1100 1905 1166 1936; x_wconf 90' lang='lat' dir='ltr'>du-</span> 
     </span>
     <span class='ocr_line' id='line_1_35' title="bbox 266 1951 1163 1993; baseline -0.002 -8"><span class='ocrx_word' id='word_1_216' title='bbox 266 1953 344 1993; x_wconf 80' lang='lat' dir='ltr'>plex</span> <span class='ocrx_word' id='word_1_217' title='bbox 373 1954 423 1993; x_wconf 85' lang='lat' dir='ltr'>(e).</span> <span class='ocrx_word' id='word_1_218' title='bbox 454 1955 492 1985; x_wconf 91' lang='lat' dir='ltr'>ln</span> <span class='ocrx_word' id='word_1_219' title='bbox 528 1954 599 1985; x_wconf 91' lang='lat' dir='ltr'>Deo</span> <span class='ocrx_word' id='word_1_220' title='bbox 627 1953 860 1985; x_wconf 72' lang='lat' dir='ltr'>misericordia</span> <span class='ocrx_word' id='word_1_221' title='bbox 895 1955 928 1984; x_wconf 89' lang='lat' dir='ltr'>et</span> <span class='ocrx_word' id='word_1_222' title='bbox 956 1952 1081 1983; x_wconf 82' lang='lat' dir='ltr'>veritas</span> <span class='ocrx_word' id='word_1_223' title='bbox 1106 1951 1163 1993; x_wconf 80' lang='lat' dir='ltr'>(e).</span> 
     </span>
     <span class='ocr_line' id='line_1_36' title="bbox 267 1998 1166 2042; baseline -0.003 -9"><span class='ocrx_word' id='word_1_224' title='bbox 267 2001 432 2034; x_wconf 81' lang='lat' dir='ltr'>Vanitatis</span> <span class='ocrx_word' id='word_1_225' title='bbox 451 2001 628 2042; x_wconf 79' lang='lat' dir='ltr'>multiplex</span> <span class='ocrx_word' id='word_1_226' title='bbox 643 2010 751 2042; x_wconf 87' lang='lat' dir='ltr'>genus</span> <span class='ocrx_word' id='word_1_227' title='bbox 775 2001 826 2040; x_wconf 85' lang='lat' dir='ltr'>(e).</span> <span class='ocrx_word' id='word_1_228' title='bbox 848 2001 896 2033; x_wconf 89' lang='lat' dir='ltr'>De</span> <span class='ocrx_word' id='word_1_229' title='bbox 927 1998 1073 2041; x_wconf 85' lang='lat' dir='ltr'>quatuor</span> <span class='ocrx_word' id='word_1_230' title='bbox 1090 2007 1166 2040; x_wconf 63' lang='lat' dir='ltr'>quas</span> 
     </span>
     <span class='ocr_line' id='line_1_37' title="bbox 269 2049 860 2090; baseline -0.002 -10"><span class='ocrx_word' id='word_1_231' title='bbox 269 2049 341 2081; x_wconf 88' lang='lat' dir='ltr'>odit</span> <span class='ocrx_word' id='word_1_232' title='bbox 361 2051 451 2081; x_wconf 83' lang='lat' dir='ltr'>Deus</span> <span class='ocrx_word' id='word_1_233' title='bbox 476 2049 530 2090; x_wconf 82' lang='lat' dir='ltr'>(e).</span> <span class='ocrx_word' id='word_1_234' title='bbox 553 2049 705 2080; x_wconf 68' lang='lat' dir='ltr'>Geminae</span> <span class='ocrx_word' id='word_1_235' title='bbox 728 2057 860 2079; x_wconf 87' lang='lat' dir='ltr'>manus.</span> 
     </span>
    </p>

    <p class='ocr_par' dir='ltr' id='par_1_11' title="bbox 226 2094 1166 2282">
     <span class='ocr_line' id='line_1_38' title="bbox 226 2094 1166 2137; baseline -0.003 -9"><span class='ocrx_word' id='word_1_236' title='bbox 226 2097 275 2128; x_wconf 91' lang='lat' dir='ltr'>De</span> <span class='ocrx_word' id='word_1_237' title='bbox 293 2096 401 2137; x_wconf 86' lang='lat' dir='ltr'>figura</span> <span class='ocrx_word' id='word_1_238' title='bbox 421 2105 496 2137; x_wconf 76' lang='lat' dir='ltr'>quae</span> <span class='ocrx_word' id='word_1_239' title='bbox 513 2095 814 2136; x_wconf 76' lang='lat' dir='ltr'>Anthropopathos</span> <span class='ocrx_word' id='word_1_240' title='bbox 832 2094 965 2134; x_wconf 88' lang='lat' dir='ltr'>dicitur,</span> <span class='ocrx_word' id='word_1_241' title='bbox 981 2103 1045 2135; x_wconf 86' lang='lat' dir='ltr'>per</span> <span class='ocrx_word' id='word_1_242' title='bbox 1064 2102 1166 2135; x_wconf 88' lang='lat' dir='ltr'>quam</span> 
     </span>
     <span class='ocr_line' id='line_1_39' title="bbox 267 2142 1159 2186; baseline -0.003 -10"><span class='ocrx_word' id='word_1_243' title='bbox 267 2144 443 2186; x_wconf 64' lang='lat' dir='ltr'>passiones</span> <span class='ocrx_word' id='word_1_244' title='bbox 463 2144 584 2176; x_wconf 83' lang='lat' dir='ltr'>mentis</span> <span class='ocrx_word' id='word_1_245' title='bbox 604 2145 675 2176; x_wconf 90' lang='lat' dir='ltr'>Deo</span> <span class='ocrx_word' id='word_1_246' title='bbox 696 2143 923 2181; x_wconf 75' lang='lat' dir='ltr'>aluibnimus,</span> <span class='ocrx_word' id='word_1_247' title='bbox 952 2144 985 2174; x_wconf 87' lang='lat' dir='ltr'>et</span> <span class='ocrx_word' id='word_1_248' title='bbox 1009 2142 1159 2183; x_wconf 84' lang='lat' dir='ltr'>quinque</span> 
     </span>
     <span class='ocr_line' id='line_1_40' title="bbox 269 2189 1165 2233; baseline -0.003 -9"><span class='ocrx_word' id='word_1_249' title='bbox 269 2191 391 2224; x_wconf 88' lang='lat' dir='ltr'>modis.</span> <span class='ocrx_word' id='word_1_250' title='bbox 415 2193 463 2223; x_wconf 92' lang='lat' dir='ltr'>De</span> <span class='ocrx_word' id='word_1_251' title='bbox 485 2192 620 2223; x_wconf 88' lang='lat' dir='ltr'>diversa</span> <span class='ocrx_word' id='word_1_252' title='bbox 648 2191 898 2233; x_wconf 86' lang='lat' dir='ltr'>significatione</span> <span class='ocrx_word' id='word_1_253' title='bbox 925 2190 1026 2232; x_wconf 85' lang='lat' dir='ltr'>ignis.</span> <span class='ocrx_word' id='word_1_254' title='bbox 1048 2191 1096 2221; x_wconf 89' lang='lat' dir='ltr'>De</span> <span class='ocrx_word' id='word_1_255' title='bbox 1120 2189 1165 2221; x_wconf 89' lang='lat' dir='ltr'>si-</span> 
     </span>
     <span class='ocr_line' id='line_1_41' title="bbox 272 2241 636 2282; baseline 0 -10"><span class='ocrx_word' id='word_1_256' title='bbox 272 2241 487 2282; x_wconf 84' lang='lat' dir='ltr'>gnificatione</span> <span class='ocrx_word' id='word_1_257' title='bbox 509 2241 636 2272; x_wconf 72' lang='lat' dir='ltr'>altaris.</span> 
     </span>
    </p>

    <p class='ocr_par' dir='ltr' id='par_1_12' title="bbox 186 2285 1168 2376">
     <span class='ocr_line' id='line_1_42' title="bbox 186 2285 1168 2328; baseline -0.003 -9"><span class='ocrx_word' id='word_1_258' title='bbox 186 2287 193 2291; x_wconf 76' lang='grc'><strong>’</strong></span> <span class='ocrx_word' id='word_1_259' title='bbox 230 2288 392 2320; x_wconf 78' lang='lat' dir='ltr'>Dominus</span> <span class='ocrx_word' id='word_1_260' title='bbox 411 2288 632 2328; x_wconf 74' lang='lat' dir='ltr'>illuminatio,</span> <span class='ocrx_word' id='word_1_261' title='bbox 655 2287 778 2319; x_wconf 86' lang='lat' dir='ltr'>Psalm.</span> <span class='ocrx_word' id='word_1_262' title='bbox 802 2289 854 2319; x_wconf 83' lang='lat'>26.</span> <span class='ocrx_word' id='word_1_263' title='bbox 881 2288 930 2318; x_wconf 91' lang='lat' dir='ltr'>De</span> <span class='ocrx_word' id='word_1_264' title='bbox 952 2287 1062 2327; x_wconf 85' lang='lat' dir='ltr'>figura</span> <span class='ocrx_word' id='word_1_265' title='bbox 1082 2285 1168 2317; x_wconf 84' lang='lat' dir='ltr'>Ana-</span> 
     </span>
     <span class='ocr_line' id='line_1_43' title="bbox 271 2334 1018 2376; baseline -0.001 -10"><span class='ocrx_word' id='word_1_266' title='bbox 271 2335 392 2376; x_wconf 90' lang='lat' dir='ltr'>phora,</span> <span class='ocrx_word' id='word_1_267' title='bbox 415 2336 552 2376; x_wconf 88' lang='lat' dir='ltr'>quando</span> <span class='ocrx_word' id='word_1_268' title='bbox 576 2335 695 2367; x_wconf 90' lang='lat' dir='ltr'>eadem</span> <span class='ocrx_word' id='word_1_269' title='bbox 716 2335 819 2366; x_wconf 88' lang='lat' dir='ltr'>dictio</span> <span class='ocrx_word' id='word_1_270' title='bbox 840 2334 1018 2374; x_wconf 90' lang='lat' dir='ltr'>repetitur.</span> 
     </span>
    </p>

    <p class='ocr_par' dir='ltr' id='par_1_13' title="bbox 231 2379 1170 2705">
     <span class='ocr_line' id='line_1_44' title="bbox 231 2379 1167 2422; baseline -0.005 -7"><span class='ocrx_word' id='word_1_271' title='bbox 231 2382 331 2421; x_wconf 88' lang='lat' dir='ltr'>Quod</span> <span class='ocrx_word' id='word_1_272' title='bbox 359 2383 474 2414; x_wconf 88' lang='lat' dir='ltr'>Paries</span> <span class='ocrx_word' id='word_1_273' title='bbox 501 2381 606 2413; x_wconf 72' lang='lat' dir='ltr'>habet</span> <span class='ocrx_word' id='word_1_274' title='bbox 630 2382 744 2422; x_wconf 83' lang='lat' dir='ltr'>plures</span> <span class='ocrx_word' id='word_1_275' title='bbox 770 2381 1047 2422; x_wconf 81' lang='lat' dir='ltr'>significationes.</span> <span class='ocrx_word' id='word_1_276' title='bbox 1069 2379 1167 2417; x_wconf 90' lang='lat' dir='ltr'>Quod</span> 
     </span>
     <span class='ocr_line' id='line_1_45' title="bbox 272 2428 1168 2468; baseline -0.006 -6"><span class='ocrx_word' id='word_1_277' title='bbox 272 2429 393 2462; x_wconf 88' lang='lat' dir='ltr'>Anima</span> <span class='ocrx_word' id='word_1_278' title='bbox 414 2429 558 2460; x_wconf 87' lang='lat' dir='ltr'>diversis</span> <span class='ocrx_word' id='word_1_279' title='bbox 575 2429 685 2461; x_wconf 91' lang='lat' dir='ltr'>modis</span> <span class='ocrx_word' id='word_1_280' title='bbox 700 2429 852 2459; x_wconf 82' lang='lat' dir='ltr'>sumitur.</span> <span class='ocrx_word' id='word_1_281' title='bbox 868 2428 1086 2468; x_wconf 83' lang='lat' dir='ltr'>Voluptatem</span> <span class='ocrx_word' id='word_1_282' title='bbox 1102 2428 1168 2458; x_wconf 89' lang='lat' dir='ltr'>Do-</span> 
     </span>
     <span class='ocr_line' id='line_1_46' title="bbox 271 2473 1168 2517; baseline -0.004 -9"><span class='ocrx_word' id='word_1_283' title='bbox 271 2477 356 2509; x_wconf 90' lang='lat' dir='ltr'>mini</span> <span class='ocrx_word' id='word_1_284' title='bbox 375 2477 491 2508; x_wconf 85' lang='lat' dir='ltr'>videre</span> <span class='ocrx_word' id='word_1_285' title='bbox 518 2477 600 2517; x_wconf 89' lang='lat' dir='ltr'>quid</span> <span class='ocrx_word' id='word_1_286' title='bbox 623 2477 665 2507; x_wconf 91' lang='lat' dir='ltr'>sit</span> <span class='ocrx_word' id='word_1_287' title='bbox 686 2476 741 2516; x_wconf 62' lang='lat' dir='ltr'>te).</span> <span class='ocrx_word' id='word_1_288' title='bbox 770 2475 856 2513; x_wconf 90' lang='lat' dir='ltr'>Quid</span> <span class='ocrx_word' id='word_1_289' title='bbox 882 2475 1023 2506; x_wconf 86' lang='lat' dir='ltr'>nomine</span> <span class='ocrx_word' id='word_1_290' title='bbox 1051 2473 1168 2514; x_wconf 85' lang='lat' dir='ltr'>templi</span> 
     </span>
     <span class='ocr_line' id='line_1_47' title="bbox 276 2522 1170 2566; baseline -0.006 -9"><span class='ocrx_word' id='word_1_291' title='bbox 276 2524 453 2566; x_wconf 86' lang='lat' dir='ltr'>Scriptura</span> <span class='ocrx_word' id='word_1_292' title='bbox 466 2524 634 2566; x_wconf 83' lang='lat' dir='ltr'>significet</span> <span class='ocrx_word' id='word_1_293' title='bbox 651 2525 708 2563; x_wconf 67' lang='lat' dir='ltr'>(j).</span> <span class='ocrx_word' id='word_1_294' title='bbox 732 2523 829 2561; x_wconf 90' lang='lat' dir='ltr'>Quod</span> <span class='ocrx_word' id='word_1_295' title='bbox 850 2522 1004 2555; x_wconf 88' lang='lat' dir='ltr'>Christus</span> <span class='ocrx_word' id='word_1_296' title='bbox 1023 2524 1057 2553; x_wconf 89' lang='lat' dir='ltr'>et</span> <span class='ocrx_word' id='word_1_297' title='bbox 1075 2525 1170 2562; x_wconf 89' lang='lat' dir='ltr'>petra</span> 
     </span>
     <span class='ocr_line' id='line_1_48' title="bbox 274 2568 1170 2612; baseline -0.004 -8"><span class='ocrx_word' id='word_1_298' title='bbox 274 2575 308 2604; x_wconf 88' lang='lat' dir='ltr'>et</span> <span class='ocrx_word' id='word_1_299' title='bbox 324 2581 448 2604; x_wconf 81' lang='lat' dir='ltr'>saxum</span> <span class='ocrx_word' id='word_1_300' title='bbox 467 2575 502 2603; x_wconf 91' lang='lat' dir='ltr'>et</span> <span class='ocrx_word' id='word_1_301' title='bbox 520 2571 604 2612; x_wconf 87' lang='lat' dir='ltr'>lapis</span> <span class='ocrx_word' id='word_1_302' title='bbox 628 2571 762 2603; x_wconf 89' lang='lat' dir='ltr'>dicitur.</span> <span class='ocrx_word' id='word_1_303' title='bbox 785 2573 832 2602; x_wconf 92' lang='lat' dir='ltr'>De</span> <span class='ocrx_word' id='word_1_304' title='bbox 851 2570 976 2611; x_wconf 90' lang='lat' dir='ltr'>triplici</span> <span class='ocrx_word' id='word_1_305' title='bbox 996 2569 1113 2601; x_wconf 88' lang='lat' dir='ltr'>labore</span> <span class='ocrx_word' id='word_1_306' title='bbox 1134 2568 1170 2600; x_wconf 90' lang='lat' dir='ltr'>in</span> 
     </span>
     <span class='ocr_line' id='line_1_49' title="bbox 271 2615 1166 2659; baseline -0.003 -9"><span class='ocrx_word' id='word_1_307' title='bbox 271 2619 444 2659; x_wconf 87' lang='lat' dir='ltr'>praesenti.</span> <span class='ocrx_word' id='word_1_308' title='bbox 475 2618 611 2651; x_wconf 87' lang='lat' dir='ltr'>Clamor</span> <span class='ocrx_word' id='word_1_309' title='bbox 638 2617 824 2659; x_wconf 80' lang='lat' dir='ltr'>quotuplex</span> <span class='ocrx_word' id='word_1_310' title='bbox 851 2619 904 2658; x_wconf 88' lang='lat' dir='ltr'>(e).</span> <span class='ocrx_word' id='word_1_311' title='bbox 939 2618 1029 2655; x_wconf 92' lang='lat' dir='ltr'>Quot</span> <span class='ocrx_word' id='word_1_312' title='bbox 1055 2615 1166 2648; x_wconf 90' lang='lat' dir='ltr'>modis</span> 
     </span>
     <span class='ocr_line' id='line_1_50' title="bbox 272 2664 1060 2705; baseline -0.004 -8"><span class='ocrx_word' id='word_1_313' title='bbox 272 2665 419 2698; x_wconf 88' lang='lat' dir='ltr'>declinet</span> <span class='ocrx_word' id='word_1_314' title='bbox 433 2667 525 2697; x_wconf 89' lang='lat' dir='ltr'>Deus</span> <span class='ocrx_word' id='word_1_315' title='bbox 542 2665 585 2696; x_wconf 90' lang='lat' dir='ltr'>ab</span> <span class='ocrx_word' id='word_1_316' title='bbox 604 2665 756 2696; x_wconf 89' lang='lat' dir='ltr'>homine.</span> <span class='ocrx_word' id='word_1_317' title='bbox 780 2665 850 2696; x_wconf 81' lang='lat' dir='ltr'>Lex</span> <span class='ocrx_word' id='word_1_318' title='bbox 868 2664 989 2704; x_wconf 83' lang='lat' dir='ltr'>triplex</span> <span class='ocrx_word' id='word_1_319' title='bbox 1007 2664 1060 2705; x_wconf 84' lang='lat' dir='ltr'>(e).</span> 
     </span>
    </p>

    <p class='ocr_par' dir='ltr' id='par_1_14' title="bbox 232 2710 1173 3038">
     <span class='ocr_line' id='line_1_51' title="bbox 232 2710 1170 2752; baseline -0.003 -7"><span class='ocrx_word' id='word_1_320' title='bbox 232 2713 287 2746; x_wconf 82' lang='lat' dir='ltr'>Ad</span> <span class='ocrx_word' id='word_1_321' title='bbox 308 2716 338 2744; x_wconf 86' lang='lat' dir='ltr'>te</span> <span class='ocrx_word' id='word_1_322' title='bbox 356 2712 528 2752; x_wconf 79' lang='lat' dir='ltr'>elamabo,</span> <span class='ocrx_word' id='word_1_323' title='bbox 553 2712 677 2744; x_wconf 85' lang='lat' dir='ltr'>Psalm.</span> <span class='ocrx_word' id='word_1_324' title='bbox 702 2714 755 2743; x_wconf 81' lang='lat'>27.</span> <span class='ocrx_word' id='word_1_325' title='bbox 780 2715 873 2744; x_wconf 87' lang='lat' dir='ltr'>inter</span> <span class='ocrx_word' id='word_1_326' title='bbox 892 2710 1170 2751; x_wconf 82' lang='lat' dir='ltr'>deprecationem</span> 
     </span>
     <span class='ocr_line' id='line_1_52' title="bbox 272 2758 1170 2802; baseline -0.004 -10"><span class='ocrx_word' id='word_1_327' title='bbox 272 2763 306 2792; x_wconf 93' lang='lat' dir='ltr'>et</span> <span class='ocrx_word' id='word_1_328' title='bbox 325 2760 515 2793; x_wconf 89' lang='lat' dir='ltr'>orationem</span> <span class='ocrx_word' id='word_1_329' title='bbox 535 2760 616 2802; x_wconf 90' lang='lat' dir='ltr'>quid</span> <span class='ocrx_word' id='word_1_330' title='bbox 633 2759 834 2791; x_wconf 85' lang='lat' dir='ltr'>discriminis</span> <span class='ocrx_word' id='word_1_331' title='bbox 857 2760 910 2799; x_wconf 76' lang='lat' dir='ltr'>(e).</span> <span class='ocrx_word' id='word_1_332' title='bbox 928 2759 1038 2797; x_wconf 85' lang='lat' dir='ltr'>Quare</span> <span class='ocrx_word' id='word_1_333' title='bbox 1057 2758 1170 2798; x_wconf 88' lang='lat' dir='ltr'>potius</span> 
     </span>
     <span class='ocr_line' id='line_1_53' title="bbox 272 2807 1172 2848; baseline -0.004 -8"><span class='ocrx_word' id='word_1_334' title='bbox 272 2808 404 2840; x_wconf 87' lang='lat' dir='ltr'>dicatur</span> <span class='ocrx_word' id='word_1_335' title='bbox 418 2809 508 2840; x_wconf 90' lang='lat' dir='ltr'>Deus</span> <span class='ocrx_word' id='word_1_336' title='bbox 526 2808 562 2839; x_wconf 90' lang='lat' dir='ltr'>in</span> <span class='ocrx_word' id='word_1_337' title='bbox 581 2807 668 2840; x_wconf 86' lang='lat' dir='ltr'>coelo</span> <span class='ocrx_word' id='word_1_338' title='bbox 688 2816 789 2848; x_wconf 89' lang='lat' dir='ltr'>quam</span> <span class='ocrx_word' id='word_1_339' title='bbox 810 2807 903 2839; x_wconf 86' lang='lat' dir='ltr'>alibi.</span> <span class='ocrx_word' id='word_1_340' title='bbox 924 2807 1035 2845; x_wconf 85' lang='lat' dir='ltr'>Quare</span> <span class='ocrx_word' id='word_1_341' title='bbox 1053 2814 1172 2837; x_wconf 85' lang='lat' dir='ltr'>versus</span> 
     </span>
     <span class='ocr_line' id='line_1_54' title="bbox 273 2853 1170 2896; baseline -0.003 -9"><span class='ocrx_word' id='word_1_342' title='bbox 273 2856 442 2887; x_wconf 86' lang='lat' dir='ltr'>orientem</span> <span class='ocrx_word' id='word_1_343' title='bbox 465 2855 640 2896; x_wconf 84' lang='lat' dir='ltr'>potissime</span> <span class='ocrx_word' id='word_1_344' title='bbox 672 2855 841 2887; x_wconf 88' lang='lat' dir='ltr'>orandum</span> <span class='ocrx_word' id='word_1_345' title='bbox 865 2854 923 2895; x_wconf 85' lang='lat' dir='ltr'>(e).</span> <span class='ocrx_word' id='word_1_346' title='bbox 954 2855 1002 2885; x_wconf 90' lang='lat' dir='ltr'>De</span> <span class='ocrx_word' id='word_1_347' title='bbox 1033 2853 1170 2885; x_wconf 88' lang='lat' dir='ltr'>diversa</span> 
     </span>
     <span class='ocr_line' id='line_1_55' title="bbox 274 2900 1168 2938; baseline -0.002 -5"><span class='ocrx_word' id='word_1_348' title='bbox 274 2902 514 2935; x_wconf 87' lang='lat' dir='ltr'>benedictione</span> <span class='ocrx_word' id='word_1_349' title='bbox 536 2902 706 2935; x_wconf 89' lang='lat' dir='ltr'>Creatoris</span> <span class='ocrx_word' id='word_1_350' title='bbox 733 2905 767 2934; x_wconf 92' lang='lat' dir='ltr'>et</span> <span class='ocrx_word' id='word_1_351' title='bbox 796 2905 972 2934; x_wconf 85' lang='lat' dir='ltr'>creaturae.</span> <span class='ocrx_word' id='word_1_352' title='bbox 998 2900 1085 2938; x_wconf 89' lang='lat' dir='ltr'>Quid</span> <span class='ocrx_word' id='word_1_353' title='bbox 1105 2909 1168 2932; x_wconf 91' lang='lat' dir='ltr'>no-</span> 
     </span>
     <span class='ocr_line' id='line_1_56' title="bbox 272 2948 1173 2991; baseline -0.002 -11"><span class='ocrx_word' id='word_1_354' title='bbox 272 2949 364 2981; x_wconf 86' lang='lat' dir='ltr'>mine</span> <span class='ocrx_word' id='word_1_355' title='bbox 391 2949 485 2981; x_wconf 88' lang='lat' dir='ltr'>floris</span> <span class='ocrx_word' id='word_1_356' title='bbox 506 2949 723 2991; x_wconf 84' lang='lat' dir='ltr'>significatur.</span> <span class='ocrx_word' id='word_1_357' title='bbox 747 2949 846 2988; x_wconf 88' lang='lat' dir='ltr'>Quod</span> <span class='ocrx_word' id='word_1_358' title='bbox 864 2949 900 2981; x_wconf 90' lang='lat' dir='ltr'>in</span> <span class='ocrx_word' id='word_1_359' title='bbox 919 2948 1071 2982; x_wconf 85' lang='lat' dir='ltr'>Ecclesia</span> <span class='ocrx_word' id='word_1_360' title='bbox 1093 2948 1173 2979; x_wconf 86' lang='lat' dir='ltr'>suut</span> 
     </span>
     <span class='ocr_line' id='line_1_57' title="bbox 275 2996 701 3038; baseline 0.005 -11"><span class='ocrx_word' id='word_1_361' title='bbox 275 2996 339 3028; x_wconf 88' lang='lat' dir='ltr'>tria</span> <span class='ocrx_word' id='word_1_362' title='bbox 360 3005 487 3038; x_wconf 86' lang='lat' dir='ltr'>genera</span> <span class='ocrx_word' id='word_1_363' title='bbox 505 2997 701 3029; x_wconf 89' lang='lat' dir='ltr'>bominum.</span> 
     </span>
    </p>

    <p class='ocr_par' dir='ltr' id='par_1_15' title="bbox 231 3042 1172 3134">
     <span class='ocr_line' id='line_1_58' title="bbox 231 3042 1172 3086; baseline -0.001 -10"><span class='ocrx_word' id='word_1_364' title='bbox 231 3043 363 3085; x_wconf 81' lang='lat' dir='ltr'>Afferte</span> <span class='ocrx_word' id='word_1_365' title='bbox 383 3044 539 3084; x_wconf 82' lang='lat' dir='ltr'>Domino,</span> <span class='ocrx_word' id='word_1_366' title='bbox 557 3044 628 3086; x_wconf 85' lang='lat' dir='ltr'>filii</span> <span class='ocrx_word' id='word_1_367' title='bbox 646 3045 720 3085; x_wconf 84' lang='lat' dir='ltr'>Dei,</span> <span class='ocrx_word' id='word_1_368' title='bbox 737 3044 862 3076; x_wconf 89' lang='lat' dir='ltr'>Psalm.</span> <span class='ocrx_word' id='word_1_369' title='bbox 883 3045 935 3077; x_wconf 88' lang='lat'>28.</span> <span class='ocrx_word' id='word_1_370' title='bbox 953 3042 1172 3076; x_wconf 84' lang='lat' dir='ltr'>oblationum</span> 
     </span>
     <span class='ocr_line' id='line_1_59' title="bbox 275 3091 831 3134; baseline 0.002 -11"><span class='ocrx_word' id='word_1_371' title='bbox 275 3093 309 3123; x_wconf 88' lang='lat' dir='ltr'>et</span> <span class='ocrx_word' id='word_1_372' title='bbox 328 3091 543 3124; x_wconf 87' lang='lat' dir='ltr'>offerentium</span> <span class='ocrx_word' id='word_1_373' title='bbox 563 3092 764 3125; x_wconf 80' lang='lat' dir='ltr'>differentiae</span> <span class='ocrx_word' id='word_1_374' title='bbox 783 3094 831 3134; x_wconf 80' lang='lat' dir='ltr'>(e).</span> 
     </span>
    </p>

    <p class='ocr_par' dir='ltr' id='par_1_16' title="bbox 236 3139 1174 3371">
     <span class='ocr_line' id='line_1_60' title="bbox 236 3139 1171 3181; baseline 0 -11"><span class='ocrx_word' id='word_1_375' title='bbox 236 3139 335 3177; x_wconf 91' lang='lat' dir='ltr'>Quod</span> <span class='ocrx_word' id='word_1_376' title='bbox 355 3139 500 3180; x_wconf 86' lang='lat' dir='ltr'>apostoli</span> <span class='ocrx_word' id='word_1_377' title='bbox 518 3139 676 3172; x_wconf 89' lang='lat' dir='ltr'>dicuntur</span> <span class='ocrx_word' id='word_1_378' title='bbox 699 3140 821 3172; x_wconf 89' lang='lat' dir='ltr'>arietes</span> <span class='ocrx_word' id='word_1_379' title='bbox 847 3141 988 3181; x_wconf 76' lang='lat' dir='ltr'>propter</span> <span class='ocrx_word' id='word_1_380' title='bbox 1014 3141 1171 3181; x_wconf 88' lang='lat' dir='ltr'>quatuor.</span> 
     </span>
     <span class='ocr_line' id='line_1_61' title="bbox 276 3186 1174 3228; baseline 0.001 -10"><span class='ocrx_word' id='word_1_381' title='bbox 276 3188 368 3218; x_wconf 89' lang='lat' dir='ltr'>Deus</span> <span class='ocrx_word' id='word_1_382' title='bbox 387 3186 552 3218; x_wconf 88' lang='lat' dir='ltr'>Dominus</span> <span class='ocrx_word' id='word_1_383' title='bbox 578 3187 759 3228; x_wconf 87' lang='lat' dir='ltr'>dupliciter</span> <span class='ocrx_word' id='word_1_384' title='bbox 779 3189 833 3227; x_wconf 90' lang='lat' dir='ltr'>(e).</span> <span class='ocrx_word' id='word_1_385' title='bbox 858 3187 944 3226; x_wconf 89' lang='lat' dir='ltr'>Quid</span> <span class='ocrx_word' id='word_1_386' title='bbox 973 3196 1035 3228; x_wconf 90' lang='lat' dir='ltr'>pro</span> <span class='ocrx_word' id='word_1_387' title='bbox 1060 3186 1174 3228; x_wconf 85' lang='lat' dir='ltr'>proxi-</span> 
     </span>
     <span class='ocr_line' id='line_1_62' title="bbox 275 3233 1170 3276; baseline 0.002 -11"><span class='ocrx_word' id='word_1_388' title='bbox 275 3233 353 3276; x_wconf 91' lang='lat' dir='ltr'>mis,</span> <span class='ocrx_word' id='word_1_389' title='bbox 366 3234 437 3266; x_wconf 86' lang='lat' dir='ltr'>sive</span> <span class='ocrx_word' id='word_1_390' title='bbox 450 3233 533 3266; x_wconf 87' lang='lat' dir='ltr'>boni</span> <span class='ocrx_word' id='word_1_391' title='bbox 543 3234 622 3275; x_wconf 90' lang='lat' dir='ltr'>sint,</span> <span class='ocrx_word' id='word_1_392' title='bbox 636 3235 707 3267; x_wconf 86' lang='lat' dir='ltr'>sive</span> <span class='ocrx_word' id='word_1_393' title='bbox 721 3235 813 3274; x_wconf 88' lang='lat' dir='ltr'>mali,</span> <span class='ocrx_word' id='word_1_394' title='bbox 829 3235 900 3267; x_wconf 92' lang='lat' dir='ltr'>Deo</span> <span class='ocrx_word' id='word_1_395' title='bbox 919 3234 1104 3266; x_wconf 88' lang='lat' dir='ltr'>debeamus</span> <span class='ocrx_word' id='word_1_396' title='bbox 1121 3235 1170 3275; x_wconf 85' lang='lat' dir='ltr'>(e).</span> 
     </span>
     <span class='ocr_line' id='line_1_63' title="bbox 277 3281 1174 3323; baseline 0.001 -11"><span class='ocrx_word' id='word_1_397' title='bbox 277 3281 405 3313; x_wconf 86' lang='lat' dir='ltr'>Contra</span> <span class='ocrx_word' id='word_1_398' title='bbox 434 3281 671 3314; x_wconf 86' lang='lat' dir='ltr'>fluctuationes</span> <span class='ocrx_word' id='word_1_399' title='bbox 700 3283 824 3314; x_wconf 87' lang='lat' dir='ltr'>mentis</span> <span class='ocrx_word' id='word_1_400' title='bbox 855 3291 932 3323; x_wconf 85' lang='lat' dir='ltr'>quae</span> <span class='ocrx_word' id='word_1_401' title='bbox 961 3281 1029 3313; x_wconf 90' lang='lat' dir='ltr'>sint</span> <span class='ocrx_word' id='word_1_402' title='bbox 1057 3289 1174 3313; x_wconf 87' lang='lat' dir='ltr'>reme-</span> 
     </span>
     <span class='ocr_line' id='line_1_64' title="bbox 279 3328 1012 3371; baseline 0 -11"><span class='ocrx_word' id='word_1_403' title='bbox 279 3328 334 3360; x_wconf 88' lang='lat' dir='ltr'>dia</span> <span class='ocrx_word' id='word_1_404' title='bbox 359 3329 412 3368; x_wconf 87' lang='lat' dir='ltr'>(e).</span> <span class='ocrx_word' id='word_1_405' title='bbox 431 3329 661 3370; x_wconf 86' lang='lat' dir='ltr'>Multipliciter</span> <span class='ocrx_word' id='word_1_406' title='bbox 680 3329 814 3362; x_wconf 88' lang='lat' dir='ltr'>intonat</span> <span class='ocrx_word' id='word_1_407' title='bbox 833 3331 928 3362; x_wconf 89' lang='lat' dir='ltr'>Deus</span> <span class='ocrx_word' id='word_1_408' title='bbox 957 3330 1012 3371; x_wconf 88' lang='lat' dir='ltr'>(e).</span> 
     </span>
    </p>

    <p class='ocr_par' dir='ltr' id='par_1_17' title="bbox 239 3375 1176 3465">
     <span class='ocr_line' id='line_1_65' title="bbox 239 3375 1176 3417; baseline 0 -9"><span class='ocrx_word' id='word_1_409' title='bbox 239 3376 351 3414; x_wconf 83' lang='lat' dir='ltr'>Quare</span> <span class='ocrx_word' id='word_1_410' title='bbox 370 3376 486 3409; x_wconf 88' lang='lat' dir='ltr'>Sancti</span> <span class='ocrx_word' id='word_1_411' title='bbox 504 3376 660 3408; x_wconf 89' lang='lat' dir='ltr'>dicantur</span> <span class='ocrx_word' id='word_1_412' title='bbox 674 3376 873 3416; x_wconf 87' lang='lat' dir='ltr'>unicornes,</span> <span class='ocrx_word' id='word_1_413' title='bbox 891 3378 925 3409; x_wconf 91' lang='lat' dir='ltr'>et</span> <span class='ocrx_word' id='word_1_414' title='bbox 938 3385 1043 3417; x_wconf 88' lang='lat' dir='ltr'>quare</span> <span class='ocrx_word' id='word_1_415' title='bbox 1064 3375 1176 3409; x_wconf 91' lang='lat' dir='ltr'>Chris-</span> 
     </span>
     <span class='ocr_line' id='line_1_66' title="bbox 279 3422 1176 3465; baseline 0 -10"><span class='ocrx_word' id='word_1_416' title='bbox 279 3425 334 3455; x_wconf 85' lang='lat' dir='ltr'>tus</span> <span class='ocrx_word' id='word_1_417' title='bbox 364 3422 494 3455; x_wconf 85' lang='lat' dir='ltr'>dicatur</span> <span class='ocrx_word' id='word_1_418' title='bbox 521 3423 609 3456; x_wconf 90' lang='lat' dir='ltr'>filius</span> <span class='ocrx_word' id='word_1_419' title='bbox 641 3424 873 3456; x_wconf 91' lang='lat' dir='ltr'>unicornium.</span> <span class='ocrx_word' id='word_1_420' title='bbox 907 3423 1109 3465; x_wconf 89' lang='lat' dir='ltr'>Quomodo,</span> <span class='ocrx_word' id='word_1_421' title='bbox 1142 3426 1176 3455; x_wconf 90' lang='lat' dir='ltr'>ct</span> 
     </span>
    </p>
   </div>
   <div class='ocr_carea' id='block_1_2' title="bbox 1217 249 1389 293">
    <p class='ocr_par' dir='ltr' id='par_1_18' title="bbox 1217 249 1389 293">
     <span class='ocr_line' id='line_1_67' title="bbox 1217 249 1389 293; baseline -0.006 -1"><span class='ocrx_word' id='word_1_422' title='bbox 1217 249 1389 293; x_wconf 81' lang='lat' dir='ltr'>INDEX.</span> 
     </span>
    </p>
   </div>
   <div class='ocr_carea' id='block_1_3' title="bbox 1202 389 1259 420">
    <p class='ocr_par' dir='ltr' id='par_1_19' title="bbox 1202 389 1259 420">
     <span class='ocr_line' id='line_1_68' title="bbox 1202 389 1259 420; baseline 0 0"><span class='ocrx_word' id='word_1_423' title='bbox 1202 389 1259 420; x_wconf 89' lang='lat'>180</span> 
     </span>
    </p>
   </div>
   <div class='ocr_carea' id='block_1_4' title="bbox 1201 623 1259 654">
    <p class='ocr_par' dir='ltr' id='par_1_20' title="bbox 1201 623 1259 654">
     <span class='ocr_line' id='line_1_69' title="bbox 1201 623 1259 654; baseline 0 0"><span class='ocrx_word' id='word_1_424' title='bbox 1201 623 1259 654; x_wconf 83' lang='lat'>181</span> 
     </span>
    </p>
   </div>
   <div class='ocr_carea' id='block_1_5' title="bbox 1204 1002 1263 1034">
    <p class='ocr_par' dir='ltr' id='par_1_21' title="bbox 1204 1002 1263 1034">
     <span class='ocr_line' id='line_1_70' title="bbox 1204 1002 1263 1034; baseline 0 -1"><span class='ocrx_word' id='word_1_425' title='bbox 1204 1002 1263 1034; x_wconf 85' lang='lat'>182</span> 
     </span>
    </p>
   </div>
   <div class='ocr_carea' id='block_1_6' title="bbox 1206 1238 1264 1270">
    <p class='ocr_par' dir='ltr' id='par_1_22' title="bbox 1206 1238 1264 1270">
     <span class='ocr_line' id='line_1_71' title="bbox 1206 1238 1264 1270; baseline -0.017 0"><span class='ocrx_word' id='word_1_426' title='bbox 1206 1238 1264 1270; x_wconf 91' lang='lat'>183</span> 
     </span>
    </p>
   </div>
   <div class='ocr_carea' id='block_1_7' title="bbox 1207 1478 1265 1509">
    <p class='ocr_par' dir='ltr' id='par_1_23' title="bbox 1207 1478 1265 1509">
     <span class='ocr_line' id='line_1_72' title="bbox 1207 1478 1265 1509; baseline 0 0"><span class='ocrx_word' id='word_1_427' title='bbox 1207 1478 1265 1509; x_wconf 73' lang='lat'><strong>184</strong></span> 
     </span>
    </p>
   </div>
   <div class='ocr_carea' id='block_1_8' title="bbox 1207 1620 1265 1652">
    <p class='ocr_par' dir='ltr' id='par_1_24' title="bbox 1207 1620 1265 1652">
     <span class='ocr_line' id='line_1_73' title="bbox 1207 1620 1265 1652; baseline -0.017 0"><span class='ocrx_word' id='word_1_428' title='bbox 1207 1620 1265 1652; x_wconf 75' lang='lat'>184</span> 
     </span>
    </p>
   </div>
   <div class='ocr_carea' id='block_1_9' title="bbox 1208 1858 1266 1888">
    <p class='ocr_par' dir='ltr' id='par_1_25' title="bbox 1208 1858 1266 1888">
     <span class='ocr_line' id='line_1_74' title="bbox 1208 1858 1266 1888; baseline 0 0"><span class='ocrx_word' id='word_1_429' title='bbox 1208 1858 1266 1888; x_wconf 76' lang='grc'>185</span> 
     </span>
    </p>
   </div>
   <div class='ocr_carea' id='block_1_10' title="bbox 1211 2046 1269 2077">
    <p class='ocr_par' dir='ltr' id='par_1_26' title="bbox 1211 2046 1269 2077">
     <span class='ocr_line' id='line_1_75' title="bbox 1211 2046 1269 2077; baseline 0 0"><span class='ocrx_word' id='word_1_430' title='bbox 1211 2046 1269 2077; x_wconf 87' lang='grc'>186</span> 
     </span>
    </p>
   </div>
   <div class='ocr_carea' id='block_1_11' title="bbox 1213 2332 1270 2363">
    <p class='ocr_par' dir='ltr' id='par_1_27' title="bbox 1213 2332 1270 2363">
     <span class='ocr_line' id='line_1_76' title="bbox 1213 2332 1270 2363; baseline -0.018 0"><span class='ocrx_word' id='word_1_431' title='bbox 1213 2332 1270 2363; x_wconf 79' lang='lat'><strong>187</strong></span> 
     </span>
    </p>
   </div>
   <div class='ocr_carea' id='block_1_12' title="bbox 1214 2663 1273 2694">
    <p class='ocr_par' dir='ltr' id='par_1_28' title="bbox 1214 2663 1273 2694">
     <span class='ocr_line' id='line_1_77' title="bbox 1214 2663 1273 2694; baseline 0.017 -1"><span class='ocrx_word' id='word_1_432' title='bbox 1214 2663 1273 2694; x_wconf 78' lang='grc'>188</span> 
     </span>
    </p>
   </div>
   <div class='ocr_carea' id='block_1_13' title="bbox 1217 2995 1276 3026">
    <p class='ocr_par' dir='ltr' id='par_1_29' title="bbox 1217 2995 1276 3026">
     <span class='ocr_line' id='line_1_78' title="bbox 1217 2995 1276 3026; baseline 0 0"><span class='ocrx_word' id='word_1_433' title='bbox 1217 2995 1276 3026; x_wconf 88' lang='lat'>189</span> 
     </span>
    </p>
   </div>
   <div class='ocr_carea' id='block_1_14' title="bbox 1219 3091 1276 3123">
    <p class='ocr_par' dir='ltr' id='par_1_30' title="bbox 1219 3091 1276 3123">
     <span class='ocr_line' id='line_1_79' title="bbox 1219 3091 1276 3123; baseline -0.018 0"><span class='ocrx_word' id='word_1_434' title='bbox 1219 3091 1276 3123; x_wconf 89' lang='lat'>189</span> 
     </span>
    </p>
   </div>
   <div class='ocr_carea' id='block_1_15' title="bbox 1220 3329 1277 3361">
    <p class='ocr_par' dir='ltr' id='par_1_31' title="bbox 1220 3329 1277 3361">
     <span class='ocr_line' id='line_1_80' title="bbox 1220 3329 1277 3361; baseline -0.018 0"><span class='ocrx_word' id='word_1_435' title='bbox 1220 3329 1277 3361; x_wconf 89' lang='grc'>190</span> 
     </span>
    </p>
   </div>
   <div class='ocr_carea' id='block_1_16' title="bbox 239 3491 1280 3613">
    <p class='ocr_par' dir='ltr' id='par_1_32' title="bbox 239 3491 1280 3613">
     <span class='ocr_line' id='line_1_81' title="bbox 276 3491 1279 3530; baseline 0.002 -10"><span class='ocrx_word' id='word_1_436' title='bbox 276 3493 314 3529; x_wconf 87' lang='grc' dir='ltr'>(α)</span> <span class='ocrx_word' id='word_1_437' title='bbox 337 3491 412 3522; x_wconf 84' lang='lat' dir='ltr'>Item</span> <span class='ocrx_word' id='word_1_438' title='bbox 429 3493 586 3530; x_wconf 85' lang='lat' dir='ltr'>captanda.</span> <span class='ocrx_word' id='word_1_439' title='bbox 600 3509 634 3515; x_wconf 95' lang='lat'>—</span> <span class='ocrx_word' id='word_1_440' title='bbox 657 3495 692 3530; x_wconf 80' lang='lat' dir='ltr'>(b)</span> <span class='ocrx_word' id='word_1_441' title='bbox 718 3495 770 3523; x_wconf 78' lang='lat' dir='ltr'>Al.</span> <span class='ocrx_word' id='word_1_442' title='bbox 797 3497 841 3523; x_wconf 80' lang='lat' dir='ltr'>De</span> <span class='ocrx_word' id='word_1_443' title='bbox 866 3494 1034 3522; x_wconf 70' lang='lat' dir='ltr'>diversitate</span> <span class='ocrx_word' id='word_1_444' title='bbox 1061 3502 1229 3522; x_wconf 77' lang='lat' dir='ltr'>causarum.</span> <span class='ocrx_word' id='word_1_445' title='bbox 1244 3509 1279 3515; x_wconf 90' lang='lat'><em>-</em></span> 
     </span>
     <span class='ocr_line' id='line_1_82' title="bbox 251 3535 1280 3572; baseline 0.001 -10"><span class='ocrx_word' id='word_1_446' title='bbox 251 3543 272 3569; x_wconf 69' lang='grc'>0,</span> <span class='ocrx_word' id='word_1_447' title='bbox 289 3535 341 3563; x_wconf 79' lang='lat' dir='ltr'>Al.</span> <span class='ocrx_word' id='word_1_448' title='bbox 355 3535 440 3569; x_wconf 82' lang='lat' dir='ltr'>Quod</span> <span class='ocrx_word' id='word_1_449' title='bbox 452 3536 540 3563; x_wconf 85' lang='lat' dir='ltr'>timor</span> <span class='ocrx_word' id='word_1_450' title='bbox 552 3537 646 3564; x_wconf 81' lang='lat' dir='ltr'>tribus</span> <span class='ocrx_word' id='word_1_451' title='bbox 659 3537 755 3564; x_wconf 81' lang='lat' dir='ltr'>modis</span> <span class='ocrx_word' id='word_1_452' title='bbox 777 3538 871 3564; x_wconf 74' lang='lat' dir='ltr'>sanat.</span> <span class='ocrx_word' id='word_1_453' title='bbox 887 3551 920 3557; x_wconf 93' lang='lat'>-</span> <span class='ocrx_word' id='word_1_454' title='bbox 935 3535 975 3572; x_wconf 77' lang='lat' dir='ltr'>(d)</span> <span class='ocrx_word' id='word_1_455' title='bbox 995 3535 1048 3563; x_wconf 81' lang='lat' dir='ltr'>Al.</span> <span class='ocrx_word' id='word_1_456' title='bbox 1061 3537 1136 3564; x_wconf 84' lang='lat' dir='ltr'>Tres</span> <span class='ocrx_word' id='word_1_457' title='bbox 1151 3538 1280 3572; x_wconf 74' lang='grc'>51111100-</span> 
     </span>
     <span class='ocr_line' id='line_1_83' title="bbox 239 3575 1278 3613; baseline 0.002 -10"><span class='ocrx_word' id='word_1_458' title='bbox 239 3575 359 3605; x_wconf 73' lang='lat' dir='ltr'>titiones</span> <span class='ocrx_word' id='word_1_459' title='bbox 373 3577 485 3607; x_wconf 81' lang='lat' dir='ltr'>Missae.</span> <span class='ocrx_word' id='word_1_460' title='bbox 502 3591 536 3598; x_wconf 98' lang='lat'><strong>—</strong></span> <span class='ocrx_word' id='word_1_461' title='bbox 551 3578 584 3613; x_wconf 39' lang='grc' dir='ltr'>(ε.</span> <span class='ocrx_word' id='word_1_462' title='bbox 599 3580 662 3606; x_wconf 85' lang='lat' dir='ltr'>Hoc</span> <span class='ocrx_word' id='word_1_463' title='bbox 670 3579 793 3607; x_wconf 83' lang='lat' dir='ltr'>minime</span> <span class='ocrx_word' id='word_1_464' title='bbox 806 3580 947 3606; x_wconf 76' lang='lat' dir='ltr'>notarunt</span> <span class='ocrx_word' id='word_1_465' title='bbox 961 3579 1026 3607; x_wconf 77' lang='lat' dir='ltr'>etet.</span> <span class='ocrx_word' id='word_1_466' title='bbox 1039 3577 1110 3606; x_wconf 79' lang='lat' dir='ltr'>edit.</span> <span class='ocrx_word' id='word_1_467' title='bbox 1124 3592 1158 3598; x_wconf 94' lang='lat'>—</span> <span class='ocrx_word' id='word_1_468' title='bbox 1174 3578 1213 3613; x_wconf 79' lang='lat' dir='ltr'>(s)</span> <span class='ocrx_word' id='word_1_469' title='bbox 1226 3578 1278 3606; x_wconf 78' lang='lat' dir='ltr'>Al.</span> 
     </span>
    </p>
   </div>
   <div class='ocr_carea' id='block_1_17' title="bbox 1334 331 2283 3464">
    <p class='ocr_par' dir='ltr' id='par_1_33' title="bbox 1374 331 2263 466">
     <span class='ocr_line' id='line_1_84' title="bbox 1374 331 2262 381; baseline -0.008 -10"><span class='ocrx_word' id='word_1_470' title='bbox 1374 348 1438 381; x_wconf 88' lang='lat' dir='ltr'>pro</span> <span class='ocrx_word' id='word_1_471' title='bbox 1452 338 1576 380; x_wconf 84' lang='lat' dir='ltr'>quibus</span> <span class='ocrx_word' id='word_1_472' title='bbox 1591 331 1824 375; x_wconf 75' lang='lat' dir='ltr'>interdicatur,</span> <span class='ocrx_word' id='word_1_473' title='bbox 1839 333 1896 366; x_wconf 85' lang='lat' dir='ltr'>vel</span> <span class='ocrx_word' id='word_1_474' title='bbox 1913 332 2028 374; x_wconf 88' lang='lat' dir='ltr'>potius</span> <span class='ocrx_word' id='word_1_475' title='bbox 2043 332 2262 374; x_wconf 82' lang='lat' dir='ltr'>extinguatur</span> 
     </span>
     <span class='ocr_line' id='line_1_85' title="bbox 1375 379 2263 426; baseline -0.008 -8"><span class='ocrx_word' id='word_1_476' title='bbox 1375 387 1513 418; x_wconf 86' lang='lat' dir='ltr'>flamma</span> <span class='ocrx_word' id='word_1_477' title='bbox 1529 384 1634 426; x_wconf 87' lang='lat' dir='ltr'>ignis;</span> <span class='ocrx_word' id='word_1_478' title='bbox 1657 386 1690 415; x_wconf 89' lang='lat' dir='ltr'>et</span> <span class='ocrx_word' id='word_1_479' title='bbox 1713 383 1754 414; x_wconf 88' lang='lat' dir='ltr'>de</span> <span class='ocrx_word' id='word_1_480' title='bbox 1775 381 1882 414; x_wconf 89' lang='lat' dir='ltr'>tribus</span> <span class='ocrx_word' id='word_1_481' title='bbox 1903 380 2029 422; x_wconf 88' lang='lat' dir='ltr'>pueris,</span> <span class='ocrx_word' id='word_1_482' title='bbox 2045 380 2086 413; x_wconf 90' lang='lat' dir='ltr'>de</span> <span class='ocrx_word' id='word_1_483' title='bbox 2104 379 2263 422; x_wconf 90' lang='lat' dir='ltr'>proprie-</span> 
     </span>
     <span class='ocr_line' id='line_1_86' title="bbox 1375 429 1814 466; baseline -0.011 0"><span class='ocrx_word' id='word_1_484' title='bbox 1375 434 1502 466; x_wconf 84' lang='lat' dir='ltr'>tatibus</span> <span class='ocrx_word' id='word_1_485' title='bbox 1521 436 1555 465; x_wconf 91' lang='lat' dir='ltr'>et</span> <span class='ocrx_word' id='word_1_486' title='bbox 1572 434 1693 464; x_wconf 89' lang='lat' dir='ltr'>natura</span> <span class='ocrx_word' id='word_1_487' title='bbox 1713 429 1814 462; x_wconf 86' lang='lat' dir='ltr'>cervi.</span> 
     </span>
    </p>

    <p class='ocr_par' dir='ltr' id='par_1_34' title="bbox 1334 474 2263 569">
     <span class='ocr_line' id='line_1_87' title="bbox 1334 474 2263 517; baseline -0.009 -3"><span class='ocrx_word' id='word_1_488' title='bbox 1334 482 1382 513; x_wconf 91' lang='lat' dir='ltr'>De</span> <span class='ocrx_word' id='word_1_489' title='bbox 1409 480 1552 512; x_wconf 77' lang='lat' dir='ltr'>diversis</span> <span class='ocrx_word' id='word_1_490' title='bbox 1579 478 1716 511; x_wconf 84' lang='lat' dir='ltr'>Domini</span> <span class='ocrx_word' id='word_1_491' title='bbox 1739 476 1893 508; x_wconf 86' lang='lat' dir='ltr'>vocibus.</span> <span class='ocrx_word' id='word_1_492' title='bbox 1921 477 1970 508; x_wconf 88' lang='lat' dir='ltr'>De</span> <span class='ocrx_word' id='word_1_493' title='bbox 2000 474 2263 517; x_wconf 86' lang='lat' dir='ltr'>proprietatibus</span> 
     </span>
     <span class='ocr_line' id='line_1_88' title="bbox 1376 523 1981 569; baseline -0.01 -10"><span class='ocrx_word' id='word_1_494' title='bbox 1376 537 1483 569; x_wconf 83' lang='lat' dir='ltr'>aquae.</span> <span class='ocrx_word' id='word_1_495' title='bbox 1506 528 1555 559; x_wconf 88' lang='lat' dir='ltr'>De</span> <span class='ocrx_word' id='word_1_496' title='bbox 1575 525 1814 558; x_wconf 83' lang='lat' dir='ltr'>benedictione</span> <span class='ocrx_word' id='word_1_497' title='bbox 1833 523 1867 554; x_wconf 89' lang='lat' dir='ltr'>in</span> <span class='ocrx_word' id='word_1_498' title='bbox 1886 531 1981 564; x_wconf 87' lang='lat' dir='ltr'>pace.</span> 
     </span>
    </p>

    <p class='ocr_par' dir='ltr' id='par_1_35' title="bbox 1335 570 2263 707">
     <span class='ocr_line' id='line_1_89' title="bbox 1335 570 2263 615; baseline -0.009 -7"><span class='ocrx_word' id='word_1_499' title='bbox 1335 575 1432 613; x_wconf 82' lang='lat' dir='ltr'>Quod</span> <span class='ocrx_word' id='word_1_500' title='bbox 1441 575 1584 615; x_wconf 84' lang='lat' dir='ltr'>apostoli</span> <span class='ocrx_word' id='word_1_501' title='bbox 1593 571 1877 606; x_wconf 87' lang='lat' dir='ltr'>dicunturarietes</span> <span class='ocrx_word' id='word_1_502' title='bbox 1886 570 2263 610; x_wconf 83' lang='lat' dir='ltr'>propterquatuor.Prae</span> 
     </span>
     <span class='ocr_line' id='line_1_90' title="bbox 1377 617 2263 663; baseline -0.008 -8"><span class='ocrx_word' id='word_1_503' title='bbox 1377 623 1456 663; x_wconf 91' lang='lat' dir='ltr'>quid</span> <span class='ocrx_word' id='word_1_504' title='bbox 1479 624 1574 654; x_wconf 91' lang='lat' dir='ltr'>notet</span> <span class='ocrx_word' id='word_1_505' title='bbox 1600 622 1654 663; x_wconf 85' lang='lat' dir='ltr'>(e).</span> <span class='ocrx_word' id='word_1_506' title='bbox 1675 619 1760 652; x_wconf 85' lang='lat' dir='ltr'>Atrii</span> <span class='ocrx_word' id='word_1_507' title='bbox 1778 618 1953 658; x_wconf 79' lang='lat' dir='ltr'>multiplex</span> <span class='ocrx_word' id='word_1_508' title='bbox 1977 617 2177 658; x_wconf 87' lang='lat' dir='ltr'>significatio</span> <span class='ocrx_word' id='word_1_509' title='bbox 2208 618 2263 657; x_wconf 86' lang='lat' dir='ltr'>(e).</span> 
     </span>
     <span class='ocr_line' id='line_1_91' title="bbox 1379 663 2235 707; baseline -0.008 -5"><span class='ocrx_word' id='word_1_510' title='bbox 1379 669 1588 707; x_wconf 90' lang='lat' dir='ltr'>Quotmodis</span> <span class='ocrx_word' id='word_1_511' title='bbox 1598 668 1730 700; x_wconf 87' lang='lat' dir='ltr'>dicatur</span> <span class='ocrx_word' id='word_1_512' title='bbox 1744 666 1880 698; x_wconf 76' lang='lat' dir='ltr'>vitulus.</span> <span class='ocrx_word' id='word_1_513' title='bbox 1896 666 1945 697; x_wconf 92' lang='lat' dir='ltr'>De</span> <span class='ocrx_word' id='word_1_514' title='bbox 1958 673 2143 705; x_wconf 84' lang='lat' dir='ltr'>progressu</span> <span class='ocrx_word' id='word_1_515' title='bbox 2161 663 2235 696; x_wconf 91' lang='lat' dir='ltr'>Dei.</span> 
     </span>
    </p>

    <p class='ocr_par' dir='ltr' id='par_1_36' title="bbox 1336 711 2269 986">
     <span class='ocr_line' id='line_1_92' title="bbox 1336 711 2266 756; baseline -0.008 -7"><span class='ocrx_word' id='word_1_516' title='bbox 1336 717 1504 750; x_wconf 73' lang='lat' dir='ltr'>Eaealtabo</span> <span class='ocrx_word' id='word_1_517' title='bbox 1526 719 1568 755; x_wconf 76' lang='lat' dir='ltr'>le,</span> <span class='ocrx_word' id='word_1_518' title='bbox 1593 716 1743 756; x_wconf 82' lang='lat' dir='ltr'>Domine,</span> <span class='ocrx_word' id='word_1_519' title='bbox 1763 714 1886 746; x_wconf 88' lang='lat' dir='ltr'>Psalm.</span> <span class='ocrx_word' id='word_1_520' title='bbox 1904 715 1956 745; x_wconf 82' lang='lat'>29.</span> <span class='ocrx_word' id='word_1_521' title='bbox 1979 712 2030 743; x_wconf 79' lang='lat' dir='ltr'>Ad</span> <span class='ocrx_word' id='word_1_522' title='bbox 2054 711 2192 743; x_wconf 90' lang='lat' dir='ltr'>domum</span> <span class='ocrx_word' id='word_1_523' title='bbox 2217 711 2266 743; x_wconf 83' lang='lat' dir='ltr'>fa-</span> 
     </span>
     <span class='ocr_line' id='line_1_93' title="bbox 1377 758 2268 804; baseline -0.007 -8"><span class='ocrx_word' id='word_1_524' title='bbox 1377 764 1530 796; x_wconf 86' lang='lat' dir='ltr'>ciendam</span> <span class='ocrx_word' id='word_1_525' title='bbox 1567 765 1711 804; x_wconf 90' lang='lat' dir='ltr'>quatuor</span> <span class='ocrx_word' id='word_1_526' title='bbox 1738 760 1941 792; x_wconf 86' lang='lat' dir='ltr'>necessaria.</span> <span class='ocrx_word' id='word_1_527' title='bbox 1980 760 2027 790; x_wconf 89' lang='lat' dir='ltr'>De</span> <span class='ocrx_word' id='word_1_528' title='bbox 2059 758 2268 798; x_wconf 87' lang='lat' dir='ltr'>plenitudine</span> 
     </span>
     <span class='ocr_line' id='line_1_94' title="bbox 1377 805 2265 847; baseline -0.008 -4"><span class='ocrx_word' id='word_1_529' title='bbox 1377 811 1547 843; x_wconf 90' lang='lat' dir='ltr'>donorum</span> <span class='ocrx_word' id='word_1_530' title='bbox 1567 810 1603 841; x_wconf 89' lang='lat' dir='ltr'>in</span> <span class='ocrx_word' id='word_1_531' title='bbox 1631 809 1764 841; x_wconf 86' lang='lat' dir='ltr'>Christo</span> <span class='ocrx_word' id='word_1_532' title='bbox 1787 807 1846 847; x_wconf 69' lang='lat' dir='ltr'>(lc).</span> <span class='ocrx_word' id='word_1_533' title='bbox 1871 809 1908 839; x_wconf 90' lang='lat' dir='ltr'>ln</span> <span class='ocrx_word' id='word_1_534' title='bbox 1927 805 2107 838; x_wconf 87' lang='lat' dir='ltr'>Dominica</span> <span class='ocrx_word' id='word_1_535' title='bbox 2133 806 2265 837; x_wconf 89' lang='lat' dir='ltr'>Palma-</span> 
     </span>
     <span class='ocr_line' id='line_1_95' title="bbox 1377 852 2268 893; baseline -0.007 -4"><span class='ocrx_word' id='word_1_536' title='bbox 1377 866 1454 889; x_wconf 91' lang='lat' dir='ltr'>rum</span> <span class='ocrx_word' id='word_1_537' title='bbox 1474 856 1609 889; x_wconf 84' lang='lat' dir='ltr'>tristitia</span> <span class='ocrx_word' id='word_1_538' title='bbox 1627 856 1791 888; x_wconf 87' lang='lat' dir='ltr'>miscetur</span> <span class='ocrx_word' id='word_1_539' title='bbox 1817 853 1943 885; x_wconf 81' lang='lat' dir='ltr'>laetitiae</span> <span class='ocrx_word' id='word_1_540' title='bbox 1970 854 2021 893; x_wconf 84' lang='lat' dir='ltr'>(e).</span> <span class='ocrx_word' id='word_1_541' title='bbox 2044 853 2134 890; x_wconf 88' lang='lat' dir='ltr'>Quot</span> <span class='ocrx_word' id='word_1_542' title='bbox 2157 852 2268 884; x_wconf 90' lang='lat' dir='ltr'>modis</span> 
     </span>
     <span class='ocr_line' id='line_1_96' title="bbox 1377 900 2269 946; baseline -0.007 -9"><span class='ocrx_word' id='word_1_543' title='bbox 1377 914 1432 937; x_wconf 89' lang='lat' dir='ltr'>res</span> <span class='ocrx_word' id='word_1_544' title='bbox 1445 904 1609 946; x_wconf 86' lang='lat' dir='ltr'>signetur.</span> <span class='ocrx_word' id='word_1_545' title='bbox 1632 905 1721 941; x_wconf 91' lang='lat' dir='ltr'>Quot</span> <span class='ocrx_word' id='word_1_546' title='bbox 1739 901 1851 934; x_wconf 89' lang='lat' dir='ltr'>modis</span> <span class='ocrx_word' id='word_1_547' title='bbox 1871 910 1995 942; x_wconf 83' lang='lat' dir='ltr'>vesper</span> <span class='ocrx_word' id='word_1_548' title='bbox 2014 900 2156 933; x_wconf 86' lang='lat' dir='ltr'>dicatur.</span> <span class='ocrx_word' id='word_1_549' title='bbox 2179 900 2269 938; x_wconf 88' lang='lat' dir='ltr'>Quot</span> 
     </span>
     <span class='ocr_line' id='line_1_97' title="bbox 1377 951 1784 986; baseline -0.012 -1"><span class='ocrx_word' id='word_1_550' title='bbox 1377 953 1488 986; x_wconf 91' lang='lat' dir='ltr'>modis</span> <span class='ocrx_word' id='word_1_551' title='bbox 1508 960 1611 983; x_wconf 89' lang='lat' dir='ltr'>mane</span> <span class='ocrx_word' id='word_1_552' title='bbox 1639 951 1784 982; x_wconf 87' lang='lat' dir='ltr'>dicatur.</span> 
     </span>
    </p>

    <p class='ocr_par' dir='ltr' id='par_1_37' title="bbox 1337 993 2267 1084">
     <span class='ocr_line' id='line_1_98' title="bbox 1337 993 2267 1039; baseline -0.009 -6"><span class='ocrx_word' id='word_1_553' title='bbox 1337 1001 1435 1039; x_wconf 90' lang='lat' dir='ltr'>Quod</span> <span class='ocrx_word' id='word_1_554' title='bbox 1455 1009 1533 1032; x_wconf 88' lang='lat' dir='ltr'>caro</span> <span class='ocrx_word' id='word_1_555' title='bbox 1555 998 1679 1031; x_wconf 86' lang='lat' dir='ltr'>Christi</span> <span class='ocrx_word' id='word_1_556' title='bbox 1699 997 1820 1029; x_wconf 92' lang='lat' dir='ltr'>dicitur</span> <span class='ocrx_word' id='word_1_557' title='bbox 1839 1004 1970 1028; x_wconf 88' lang='lat' dir='ltr'>saccus.</span> <span class='ocrx_word' id='word_1_558' title='bbox 1992 996 2137 1027; x_wconf 83' lang='lat' dir='ltr'>Ornatus</span> <span class='ocrx_word' id='word_1_559' title='bbox 2148 993 2267 1035; x_wconf 83' lang='lat' dir='ltr'>templi</span> 
     </span>
     <span class='ocr_line' id='line_1_99' title="bbox 1378 1042 2103 1084; baseline -0.01 -5"><span class='ocrx_word' id='word_1_560' title='bbox 1378 1048 1413 1079; x_wconf 88' lang='lat' dir='ltr'>in</span> <span class='ocrx_word' id='word_1_561' title='bbox 1435 1046 1543 1079; x_wconf 86' lang='lat' dir='ltr'>Natali</span> <span class='ocrx_word' id='word_1_562' title='bbox 1564 1044 1700 1078; x_wconf 90' lang='lat' dir='ltr'>Domini</span> <span class='ocrx_word' id='word_1_563' title='bbox 1722 1044 1775 1084; x_wconf 82' lang='lat' dir='ltr'>(e).</span> <span class='ocrx_word' id='word_1_564' title='bbox 1797 1045 1845 1076; x_wconf 90' lang='lat' dir='ltr'>De</span> <span class='ocrx_word' id='word_1_565' title='bbox 1864 1042 1987 1084; x_wconf 88' lang='lat' dir='ltr'>triplici</span> <span class='ocrx_word' id='word_1_566' title='bbox 2004 1042 2103 1073; x_wconf 87' lang='lat' dir='ltr'>stola.</span> 
     </span>
    </p>

    <p class='ocr_par' dir='ltr' id='par_1_38' title="bbox 1337 1088 2272 1323">
     <span class='ocr_line' id='line_1_100' title="bbox 1337 1088 2268 1133; baseline -0.006 -7"><span class='ocrx_word' id='word_1_567' title='bbox 1337 1095 1373 1127; x_wconf 85' lang='lat' dir='ltr'>In</span> <span class='ocrx_word' id='word_1_568' title='bbox 1392 1097 1434 1132; x_wconf 85' lang='lat' dir='ltr'>le,</span> <span class='ocrx_word' id='word_1_569' title='bbox 1459 1094 1606 1133; x_wconf 77' lang='lat' dir='ltr'>Domine,</span> <span class='ocrx_word' id='word_1_570' title='bbox 1625 1092 1766 1133; x_wconf 67' lang='lat' dir='ltr'>spes-avi,</span> <span class='ocrx_word' id='word_1_571' title='bbox 1782 1101 1844 1122; x_wconf 88' lang='lat' dir='ltr'>non</span> <span class='ocrx_word' id='word_1_572' title='bbox 1860 1089 2058 1130; x_wconf 79' lang='lat' dir='ltr'>confundar,</span> <span class='ocrx_word' id='word_1_573' title='bbox 2073 1088 2194 1120; x_wconf 87' lang='lat' dir='ltr'>Psalm.</span> <span class='ocrx_word' id='word_1_574' title='bbox 2217 1089 2268 1120; x_wconf 82' lang='lat'>30.</span> 
     </span>
     <span class='ocr_line' id='line_1_101' title="bbox 1380 1135 2269 1182; baseline -0.009 -9"><span class='ocrx_word' id='word_1_575' title='bbox 1380 1141 1477 1180; x_wconf 90' lang='lat' dir='ltr'>Quod</span> <span class='ocrx_word' id='word_1_576' title='bbox 1499 1144 1644 1182; x_wconf 87' lang='lat' dir='ltr'>quatuor</span> <span class='ocrx_word' id='word_1_577' title='bbox 1662 1139 1772 1171; x_wconf 89' lang='lat' dir='ltr'>modis</span> <span class='ocrx_word' id='word_1_578' title='bbox 1797 1147 1874 1178; x_wconf 87' lang='lat' dir='ltr'>spes</span> <span class='ocrx_word' id='word_1_579' title='bbox 1893 1137 2026 1169; x_wconf 88' lang='lat' dir='ltr'>dicitur.</span> <span class='ocrx_word' id='word_1_580' title='bbox 2048 1136 2137 1174; x_wconf 87' lang='lat' dir='ltr'>Quot</span> <span class='ocrx_word' id='word_1_581' title='bbox 2159 1135 2269 1167; x_wconf 83' lang='lat' dir='ltr'>modis</span> 
     </span>
     <span class='ocr_line' id='line_1_102' title="bbox 1379 1183 2270 1224; baseline -0.009 -3"><span class='ocrx_word' id='word_1_582' title='bbox 1379 1189 1495 1221; x_wconf 89' lang='lat' dir='ltr'>odium</span> <span class='ocrx_word' id='word_1_583' title='bbox 1522 1189 1664 1220; x_wconf 89' lang='lat' dir='ltr'>dicatur.</span> <span class='ocrx_word' id='word_1_584' title='bbox 1695 1186 1793 1224; x_wconf 89' lang='lat' dir='ltr'>Quod</span> <span class='ocrx_word' id='word_1_585' title='bbox 1821 1185 1958 1217; x_wconf 86' lang='lat' dir='ltr'>miseria</span> <span class='ocrx_word' id='word_1_586' title='bbox 1986 1184 2068 1216; x_wconf 83' lang='lat' dir='ltr'>Adae</span> <span class='ocrx_word' id='word_1_587' title='bbox 2098 1184 2135 1214; x_wconf 96' lang='grc'>111</span> <span class='ocrx_word' id='word_1_588' title='bbox 2162 1183 2270 1214; x_wconf 86' lang='lat' dir='ltr'>tribus</span> 
     </span>
     <span class='ocr_line' id='line_1_103' title="bbox 1380 1231 2272 1269; baseline -0.009 0"><span class='ocrx_word' id='word_1_589' title='bbox 1380 1236 1544 1269; x_wconf 88' lang='lat' dir='ltr'>consistit.</span> <span class='ocrx_word' id='word_1_590' title='bbox 1584 1235 1689 1267; x_wconf 84' lang='lat' dir='ltr'>Taedii</span> <span class='ocrx_word' id='word_1_591' title='bbox 1723 1236 1917 1266; x_wconf 85' lang='lat' dir='ltr'>sanctorum</span> <span class='ocrx_word' id='word_1_592' title='bbox 1954 1231 2135 1263; x_wconf 88' lang='lat' dir='ltr'>hominum</span> <span class='ocrx_word' id='word_1_593' title='bbox 2170 1239 2272 1262; x_wconf 87' lang='lat' dir='ltr'>causa</span> 
     </span>
     <span class='ocr_line' id='line_1_104' title="bbox 1379 1280 2014 1323; baseline -0.008 -8"><span class='ocrx_word' id='word_1_594' title='bbox 1379 1284 1556 1323; x_wconf 77' lang='lat' dir='ltr'>multiplex</span> <span class='ocrx_word' id='word_1_595' title='bbox 1581 1285 1632 1322; x_wconf 85' lang='lat' dir='ltr'>(e).</span> <span class='ocrx_word' id='word_1_596' title='bbox 1656 1284 1703 1314; x_wconf 89' lang='lat' dir='ltr'>De</span> <span class='ocrx_word' id='word_1_597' title='bbox 1722 1280 1903 1321; x_wconf 88' lang='lat' dir='ltr'>multiplici</span> <span class='ocrx_word' id='word_1_598' title='bbox 1921 1289 2014 1311; x_wconf 88' lang='lat' dir='ltr'>vase.</span> 
     </span>
    </p>

    <p class='ocr_par' dir='ltr' id='par_1_39' title="bbox 1339 1325 2270 1420">
     <span class='ocr_line' id='line_1_105' title="bbox 1339 1325 2270 1371; baseline -0.008 -8"><span class='ocrx_word' id='word_1_599' title='bbox 1339 1332 1387 1363; x_wconf 91' lang='lat' dir='ltr'>De</span> <span class='ocrx_word' id='word_1_600' title='bbox 1407 1331 1530 1371; x_wconf 86' lang='lat' dir='ltr'>triplici</span> <span class='ocrx_word' id='word_1_601' title='bbox 1551 1329 1767 1362; x_wconf 88' lang='lat' dir='ltr'>deductione.</span> <span class='ocrx_word' id='word_1_602' title='bbox 1790 1329 1837 1360; x_wconf 86' lang='lat' dir='ltr'>De</span> <span class='ocrx_word' id='word_1_603' title='bbox 1859 1326 2036 1368; x_wconf 87' lang='lat' dir='ltr'>multiplici</span> <span class='ocrx_word' id='word_1_604' title='bbox 2051 1325 2199 1357; x_wconf 86' lang='lat' dir='ltr'>civitate.</span> <span class='ocrx_word' id='word_1_605' title='bbox 2221 1325 2270 1357; x_wconf 91' lang='lat' dir='ltr'>De</span> 
     </span>
     <span class='ocr_line' id='line_1_106' title="bbox 1380 1377 1729 1420; baseline -0.006 -10"><span class='ocrx_word' id='word_1_606' title='bbox 1380 1378 1556 1420; x_wconf 88' lang='lat' dir='ltr'>multiplici</span> <span class='ocrx_word' id='word_1_607' title='bbox 1577 1377 1729 1409; x_wconf 87' lang='lat' dir='ltr'>inimico.</span> 
     </span>
    </p>

    <p class='ocr_par' dir='ltr' id='par_1_40' title="bbox 1339 1420 2272 1608">
     <span class='ocr_line' id='line_1_107' title="bbox 1339 1420 2270 1467; baseline -0.006 -10"><span class='ocrx_word' id='word_1_608' title='bbox 1339 1427 1436 1458; x_wconf 80' lang='lat' dir='ltr'>Beati</span> <span class='ocrx_word' id='word_1_609' title='bbox 1447 1435 1587 1467; x_wconf 72' lang='lat' dir='ltr'>quorum</span> <span class='ocrx_word' id='word_1_610' title='bbox 1603 1425 1762 1462; x_wconf 65' lang='lat' dir='ltr'>remissae,</span> <span class='ocrx_word' id='word_1_611' title='bbox 1779 1423 1900 1455; x_wconf 87' lang='lat' dir='ltr'>Psalm.</span> <span class='ocrx_word' id='word_1_612' title='bbox 1914 1424 1966 1454; x_wconf 84' lang='lat'>31.</span> <span class='ocrx_word' id='word_1_613' title='bbox 1982 1423 2030 1453; x_wconf 88' lang='lat' dir='ltr'>De</span> <span class='ocrx_word' id='word_1_614' title='bbox 2049 1421 2157 1453; x_wconf 91' lang='lat' dir='ltr'>tribus</span> <span class='ocrx_word' id='word_1_615' title='bbox 2168 1420 2270 1459; x_wconf 87' lang='lat' dir='ltr'>vitiis,</span> 
     </span>
     <span class='ocr_line' id='line_1_108' title="bbox 1381 1468 2267 1505; baseline -0.005 0"><span class='ocrx_word' id='word_1_616' title='bbox 1381 1476 1415 1505; x_wconf 89' lang='lat' dir='ltr'>et</span> <span class='ocrx_word' id='word_1_617' title='bbox 1435 1474 1476 1505; x_wconf 91' lang='lat' dir='ltr'>de</span> <span class='ocrx_word' id='word_1_618' title='bbox 1496 1474 1603 1505; x_wconf 88' lang='lat' dir='ltr'>tribus</span> <span class='ocrx_word' id='word_1_619' title='bbox 1621 1471 1778 1504; x_wconf 79' lang='lat' dir='ltr'>antidotis</span> <span class='ocrx_word' id='word_1_620' title='bbox 1799 1470 1931 1502; x_wconf 90' lang='lat' dir='ltr'>homini</span> <span class='ocrx_word' id='word_1_621' title='bbox 1957 1469 2043 1501; x_wconf 83' lang='lat' dir='ltr'>datis</span> <span class='ocrx_word' id='word_1_622' title='bbox 2064 1472 2183 1500; x_wconf 89' lang='lat' dir='ltr'>contra</span> <span class='ocrx_word' id='word_1_623' title='bbox 2199 1468 2267 1501; x_wconf 90' lang='lat' dir='ltr'>illa.</span> 
     </span>
     <span class='ocr_line' id='line_1_109' title="bbox 1382 1515 2272 1559; baseline -0.008 -6"><span class='ocrx_word' id='word_1_624' title='bbox 1382 1521 1481 1559; x_wconf 92' lang='lat' dir='ltr'>Quod</span> <span class='ocrx_word' id='word_1_625' title='bbox 1500 1520 1615 1552; x_wconf 73' lang='lat' dir='ltr'>vitatio</span> <span class='ocrx_word' id='word_1_626' title='bbox 1635 1519 1710 1550; x_wconf 77' lang='lat' dir='ltr'>vitii</span> <span class='ocrx_word' id='word_1_627' title='bbox 1732 1521 1783 1550; x_wconf 87' lang='lat' dir='ltr'>est</span> <span class='ocrx_word' id='word_1_628' title='bbox 1800 1518 1836 1549; x_wconf 91' lang='lat' dir='ltr'>in</span> <span class='ocrx_word' id='word_1_629' title='bbox 1862 1517 2006 1549; x_wconf 70' lang='lat' dir='ltr'>duobus</span> <span class='ocrx_word' id='word_1_630' title='bbox 2034 1516 2216 1547; x_wconf 88' lang='lat' dir='ltr'>Peccatum</span> <span class='ocrx_word' id='word_1_631' title='bbox 2237 1515 2272 1547; x_wconf 90' lang='lat' dir='ltr'>in</span> 
     </span>
     <span class='ocr_line' id='line_1_110' title="bbox 1380 1565 1949 1608; baseline -0.007 -8"><span class='ocrx_word' id='word_1_632' title='bbox 1380 1569 1533 1608; x_wconf 86' lang='lat' dir='ltr'>homine,</span> <span class='ocrx_word' id='word_1_633' title='bbox 1554 1568 1596 1599; x_wconf 91' lang='lat' dir='ltr'>ab</span> <span class='ocrx_word' id='word_1_634' title='bbox 1610 1567 1765 1608; x_wconf 82' lang='lat' dir='ltr'>homine,</span> <span class='ocrx_word' id='word_1_635' title='bbox 1786 1565 1949 1597; x_wconf 89' lang='lat' dir='ltr'>hominis.</span> 
     </span>
    </p>

    <p class='ocr_par' dir='ltr' id='par_1_41' title="bbox 1340 1612 2274 1754">
     <span class='ocr_line' id='line_1_111' title="bbox 1340 1612 2271 1656; baseline -0.006 -7"><span class='ocrx_word' id='word_1_636' title='bbox 1340 1618 1430 1656; x_wconf 90' lang='lat' dir='ltr'>Quot</span> <span class='ocrx_word' id='word_1_637' title='bbox 1452 1617 1564 1649; x_wconf 89' lang='lat' dir='ltr'>modis</span> <span class='ocrx_word' id='word_1_638' title='bbox 1582 1616 1698 1648; x_wconf 87' lang='lat' dir='ltr'>videre</span> <span class='ocrx_word' id='word_1_639' title='bbox 1720 1616 1810 1646; x_wconf 88' lang='lat' dir='ltr'>Deus</span> <span class='ocrx_word' id='word_1_640' title='bbox 1830 1614 1973 1645; x_wconf 87' lang='lat' dir='ltr'>dicatur.</span> <span class='ocrx_word' id='word_1_641' title='bbox 2002 1612 2089 1651; x_wconf 89' lang='lat' dir='ltr'>Quid</span> <span class='ocrx_word' id='word_1_642' title='bbox 2105 1621 2166 1653; x_wconf 91' lang='lat' dir='ltr'>per</span> <span class='ocrx_word' id='word_1_643' title='bbox 2184 1614 2271 1644; x_wconf 86' lang='lat' dir='ltr'>tem-</span> 
     </span>
     <span class='ocr_line' id='line_1_112' title="bbox 1381 1661 2274 1706; baseline -0.008 -8"><span class='ocrx_word' id='word_1_644' title='bbox 1381 1675 1444 1706; x_wconf 92' lang='lat' dir='ltr'>pus</span> <span class='ocrx_word' id='word_1_645' title='bbox 1465 1667 1697 1706; x_wconf 90' lang='lat' dir='ltr'>opportunum</span> <span class='ocrx_word' id='word_1_646' title='bbox 1728 1662 1934 1703; x_wconf 81' lang='lat' dir='ltr'>intelligatur</span> <span class='ocrx_word' id='word_1_647' title='bbox 1956 1662 2010 1702; x_wconf 86' lang='lat' dir='ltr'>(e).</span> <span class='ocrx_word' id='word_1_648' title='bbox 2030 1663 2127 1702; x_wconf 86' lang='lat' dir='ltr'>Aqua</span> <span class='ocrx_word' id='word_1_649' title='bbox 2151 1661 2274 1701; x_wconf 89' lang='lat' dir='ltr'>quotu-</span> 
     </span>
     <span class='ocr_line' id='line_1_113' title="bbox 1381 1710 2034 1754; baseline -0.006 -10"><span class='ocrx_word' id='word_1_650' title='bbox 1381 1713 1470 1754; x_wconf 82' lang='lat' dir='ltr'>plex.</span> <span class='ocrx_word' id='word_1_651' title='bbox 1495 1714 1540 1744; x_wconf 87' lang='lat' dir='ltr'>De</span> <span class='ocrx_word' id='word_1_652' title='bbox 1561 1721 1621 1744; x_wconf 74' lang='lat' dir='ltr'>sex</span> <span class='ocrx_word' id='word_1_653' title='bbox 1640 1711 1823 1752; x_wconf 85' lang='lat' dir='ltr'>generibus</span> <span class='ocrx_word' id='word_1_654' title='bbox 1838 1710 2034 1741; x_wconf 87' lang='lat' dir='ltr'>hominum.</span> 
     </span>
    </p>

    <p class='ocr_par' dir='ltr' id='par_1_42' title="bbox 1342 1754 2275 1892">
     <span class='ocr_line' id='line_1_114' title="bbox 1342 1754 2275 1800; baseline -0.006 -9"><span class='ocrx_word' id='word_1_655' title='bbox 1342 1759 1629 1800; x_wconf 69' lang='lat' dir='ltr'>Esczaltate‚justz·‚</span> <span class='ocrx_word' id='word_1_656' title='bbox 1650 1759 1684 1789; x_wconf 81' lang='lat' dir='ltr'>in</span> <span class='ocrx_word' id='word_1_657' title='bbox 1706 1759 1858 1794; x_wconf 77' lang='lat' dir='ltr'>Domino,</span> <span class='ocrx_word' id='word_1_658' title='bbox 1880 1758 2003 1789; x_wconf 85' lang='lat' dir='ltr'>Psalm.</span> <span class='ocrx_word' id='word_1_659' title='bbox 2026 1757 2076 1788; x_wconf 81' lang='lat'>32.</span> <span class='ocrx_word' id='word_1_660' title='bbox 2099 1756 2149 1787; x_wconf 90' lang='lat' dir='ltr'>De</span> <span class='ocrx_word' id='word_1_661' title='bbox 2163 1754 2275 1786; x_wconf 89' lang='lat' dir='ltr'>multi-</span> 
     </span>
     <span class='ocr_line' id='line_1_115' title="bbox 1381 1802 2274 1848; baseline -0.008 -9"><span class='ocrx_word' id='word_1_662' title='bbox 1381 1807 1461 1848; x_wconf 88' lang='lat' dir='ltr'>plici</span> <span class='ocrx_word' id='word_1_663' title='bbox 1473 1806 1700 1839; x_wconf 84' lang='lat' dir='ltr'>confcssione.</span> <span class='ocrx_word' id='word_1_664' title='bbox 1721 1806 1765 1836; x_wconf 90' lang='lat' dir='ltr'>De</span> <span class='ocrx_word' id='word_1_665' title='bbox 1781 1805 1932 1836; x_wconf 87' lang='lat' dir='ltr'>novitate</span> <span class='ocrx_word' id='word_1_666' title='bbox 1944 1802 2158 1845; x_wconf 87' lang='lat' dir='ltr'>quadruplici</span> <span class='ocrx_word' id='word_1_667' title='bbox 2172 1811 2274 1843; x_wconf 88' lang='lat' dir='ltr'>quam</span> 
     </span>
     <span class='ocr_line' id='line_1_116' title="bbox 1383 1850 2147 1892; baseline -0.008 -6"><span class='ocrx_word' id='word_1_668' title='bbox 1383 1854 1535 1887; x_wconf 81' lang='lat' dir='ltr'>Christus</span> <span class='ocrx_word' id='word_1_669' title='bbox 1558 1853 1670 1885; x_wconf 85' lang='lat' dir='ltr'>attulit</span> <span class='ocrx_word' id='word_1_670' title='bbox 1697 1853 1752 1892; x_wconf 86' lang='lat' dir='ltr'>(e).</span> <span class='ocrx_word' id='word_1_671' title='bbox 1777 1853 1826 1884; x_wconf 92' lang='lat' dir='ltr'>De</span> <span class='ocrx_word' id='word_1_672' title='bbox 1847 1850 2026 1892; x_wconf 84' lang='lat' dir='ltr'>multiplici</span> <span class='ocrx_word' id='word_1_673' title='bbox 2044 1852 2147 1881; x_wconf 86' lang='lat' dir='ltr'>terra.</span> 
     </span>
    </p>

    <p class='ocr_par' dir='ltr' id='par_1_43' title="bbox 1341 1896 2218 1942">
     <span class='ocr_line' id='line_1_117' title="bbox 1341 1896 2218 1942; baseline -0.006 -8"><span class='ocrx_word' id='word_1_674' title='bbox 1341 1903 1390 1934; x_wconf 90' lang='lat' dir='ltr'>De</span> <span class='ocrx_word' id='word_1_675' title='bbox 1410 1901 1589 1942; x_wconf 87' lang='lat' dir='ltr'>multiplici</span> <span class='ocrx_word' id='word_1_676' title='bbox 1609 1909 1669 1932; x_wconf 90' lang='lat' dir='ltr'>ore</span> <span class='ocrx_word' id='word_1_677' title='bbox 1691 1900 1753 1931; x_wconf 89' lang='lat' dir='ltr'>Dei</span> <span class='ocrx_word' id='word_1_678' title='bbox 1778 1900 1833 1940; x_wconf 82' lang='lat' dir='ltr'>(e).</span> <span class='ocrx_word' id='word_1_679' title='bbox 1855 1901 1904 1931; x_wconf 90' lang='lat' dir='ltr'>De</span> <span class='ocrx_word' id='word_1_680' title='bbox 1922 1897 2102 1938; x_wconf 88' lang='lat' dir='ltr'>multiplici</span> <span class='ocrx_word' id='word_1_681' title='bbox 2117 1896 2218 1929; x_wconf 86' lang='lat' dir='ltr'>fame.</span> 
     </span>
    </p>

    <p class='ocr_par' dir='ltr' id='par_1_44' title="bbox 1342 1944 2278 2180">
     <span class='ocr_line' id='line_1_118' title="bbox 1342 1944 2274 1985; baseline -0.006 -4"><span class='ocrx_word' id='word_1_682' title='bbox 1342 1949 1536 1981; x_wconf 76' lang='lat' dir='ltr'>Benedt&#39;canz</span> <span class='ocrx_word' id='word_1_683' title='bbox 1558 1949 1737 1980; x_wconf 77' lang='lat' dir='ltr'>Dominum</span> <span class='ocrx_word' id='word_1_684' title='bbox 1757 1947 1792 1978; x_wconf 84' lang='lat' dir='ltr'>in</span> <span class='ocrx_word' id='word_1_685' title='bbox 1811 1947 1902 1977; x_wconf 82' lang='lat' dir='ltr'>omni</span> <span class='ocrx_word' id='word_1_686' title='bbox 1916 1948 2070 1985; x_wconf 76' lang='lat' dir='ltr'>tempore.</span> <span class='ocrx_word' id='word_1_687' title='bbox 2087 1944 2208 1976; x_wconf 88' lang='lat' dir='ltr'>Psalm.</span> <span class='ocrx_word' id='word_1_688' title='bbox 2221 1945 2274 1976; x_wconf 86' lang='lat'>33.</span> 
     </span>
     <span class='ocr_line' id='line_1_119' title="bbox 1384 1991 2276 2034; baseline -0.007 -6"><span class='ocrx_word' id='word_1_689' title='bbox 1384 1996 1480 2034; x_wconf 89' lang='lat' dir='ltr'>Quod</span> <span class='ocrx_word' id='word_1_690' title='bbox 1503 1996 1574 2027; x_wconf 89' lang='lat' dir='ltr'>laus</span> <span class='ocrx_word' id='word_1_691' title='bbox 1600 1994 1662 2026; x_wconf 90' lang='lat' dir='ltr'>Dei</span> <span class='ocrx_word' id='word_1_692' title='bbox 1689 1994 1841 2026; x_wconf 86' lang='lat' dir='ltr'>consistit</span> <span class='ocrx_word' id='word_1_693' title='bbox 1869 1993 1906 2025; x_wconf 89' lang='lat' dir='ltr'>in</span> <span class='ocrx_word' id='word_1_694' title='bbox 1934 1992 2043 2024; x_wconf 89' lang='lat' dir='ltr'>tribus</span> <span class='ocrx_word' id='word_1_695' title='bbox 2059 2018 2067 2031; x_wconf 94' lang='lat'><em>,</em></span> <span class='ocrx_word' id='word_1_696' title='bbox 2098 1991 2224 2023; x_wconf 88' lang='lat' dir='ltr'>scilicet</span> <span class='ocrx_word' id='word_1_697' title='bbox 2240 1991 2276 2022; x_wconf 90' lang='lat' dir='ltr'>in</span> 
     </span>
     <span class='ocr_line' id='line_1_120' title="bbox 1383 2039 2278 2082; baseline -0.008 -7"><span class='ocrx_word' id='word_1_698' title='bbox 1383 2043 1638 2082; x_wconf 86' lang='lat' dir='ltr'>benedictione,</span> <span class='ocrx_word' id='word_1_699' title='bbox 1659 2041 1695 2073; x_wconf 88' lang='lat' dir='ltr'>in</span> <span class='ocrx_word' id='word_1_700' title='bbox 1715 2040 1967 2082; x_wconf 83' lang='lat' dir='ltr'>magnificentia</span> <span class='ocrx_word' id='word_1_701' title='bbox 1994 2042 2028 2071; x_wconf 91' lang='lat' dir='ltr'>et</span> <span class='ocrx_word' id='word_1_702' title='bbox 2045 2039 2082 2070; x_wconf 91' lang='lat' dir='ltr'>in</span> <span class='ocrx_word' id='word_1_703' title='bbox 2105 2039 2278 2070; x_wconf 88' lang='lat' dir='ltr'>bonorum</span> 
     </span>
     <span class='ocr_line' id='line_1_121' title="bbox 1383 2085 2277 2132; baseline -0.007 -9"><span class='ocrx_word' id='word_1_704' title='bbox 1383 2090 1635 2132; x_wconf 87' lang='lat' dir='ltr'>prosecutione.</span> <span class='ocrx_word' id='word_1_705' title='bbox 1650 2090 1698 2121; x_wconf 91' lang='lat' dir='ltr'>De</span> <span class='ocrx_word' id='word_1_706' title='bbox 1708 2088 1885 2129; x_wconf 89' lang='lat' dir='ltr'>multiplici</span> <span class='ocrx_word' id='word_1_707' title='bbox 1898 2087 2101 2128; x_wconf 82' lang='lat' dir='ltr'>pulsatione.</span> <span class='ocrx_word' id='word_1_708' title='bbox 2117 2087 2166 2118; x_wconf 87' lang='lat' dir='ltr'>De</span> <span class='ocrx_word' id='word_1_709' title='bbox 2180 2085 2277 2127; x_wconf 90' lang='lat' dir='ltr'>quin-</span> 
     </span>
     <span class='ocr_line' id='line_1_122' title="bbox 1385 2135 1904 2180; baseline -0.008 -10"><span class='ocrx_word' id='word_1_710' title='bbox 1385 2148 1451 2180; x_wconf 91' lang='lat' dir='ltr'>que</span> <span class='ocrx_word' id='word_1_711' title='bbox 1472 2138 1655 2179; x_wconf 85' lang='lat' dir='ltr'>generihus</span> <span class='ocrx_word' id='word_1_712' title='bbox 1682 2135 1904 2177; x_wconf 87' lang='lat' dir='ltr'>paupertatis.</span> 
     </span>
    </p>

    <p class='ocr_par' dir='ltr' id='par_1_45' title="bbox 1344 2179 2277 2368">
     <span class='ocr_line' id='line_1_123' title="bbox 1344 2179 2272 2225; baseline -0.009 -7"><span class='ocrx_word' id='word_1_713' title='bbox 1344 2187 1392 2218; x_wconf 90' lang='lat' dir='ltr'>De</span> <span class='ocrx_word' id='word_1_714' title='bbox 1402 2186 1478 2217; x_wconf 87' lang='lat' dir='ltr'>cibo</span> <span class='ocrx_word' id='word_1_715' title='bbox 1487 2184 1654 2225; x_wconf 90' lang='lat' dir='ltr'>corporali</span> <span class='ocrx_word' id='word_1_716' title='bbox 1664 2187 1697 2215; x_wconf 88' lang='lat' dir='ltr'>et</span> <span class='ocrx_word' id='word_1_717' title='bbox 1708 2182 1886 2224; x_wconf 86' lang='lat' dir='ltr'>spirituali,</span> <span class='ocrx_word' id='word_1_718' title='bbox 1895 2183 2058 2213; x_wconf 91' lang='lat' dir='ltr'>eteorum</span> <span class='ocrx_word' id='word_1_719' title='bbox 2068 2179 2272 2212; x_wconf 87' lang='lat' dir='ltr'>discrimine.</span> 
     </span>
     <span class='ocr_line' id='line_1_124' title="bbox 1385 2227 2277 2273; baseline -0.009 -8"><span class='ocrx_word' id='word_1_720' title='bbox 1385 2235 1434 2265; x_wconf 88' lang='lat' dir='ltr'>De</span> <span class='ocrx_word' id='word_1_721' title='bbox 1454 2231 1633 2273; x_wconf 88' lang='lat' dir='ltr'>multiplici</span> <span class='ocrx_word' id='word_1_722' title='bbox 1652 2231 1771 2272; x_wconf 85' lang='lat' dir='ltr'>gratia.</span> <span class='ocrx_word' id='word_1_723' title='bbox 1802 2230 1899 2268; x_wconf 89' lang='lat' dir='ltr'>Quod</span> <span class='ocrx_word' id='word_1_724' title='bbox 1917 2229 2118 2269; x_wconf 84' lang='lat' dir='ltr'>martyrium</span> <span class='ocrx_word' id='word_1_725' title='bbox 2137 2227 2200 2259; x_wconf 91' lang='lat' dir='ltr'>tria</span> <span class='ocrx_word' id='word_1_726' title='bbox 2219 2227 2277 2257; x_wconf 87' lang='lat' dir='ltr'>de-</span> 
     </span>
     <span class='ocr_line' id='line_1_125' title="bbox 1384 2274 2274 2319; baseline -0.008 -7"><span class='ocrx_word' id='word_1_727' title='bbox 1384 2281 1444 2312; x_wconf 91' lang='lat' dir='ltr'>bet</span> <span class='ocrx_word' id='word_1_728' title='bbox 1463 2280 1604 2312; x_wconf 88' lang='lat' dir='ltr'>habere.</span> <span class='ocrx_word' id='word_1_729' title='bbox 1636 2280 1684 2310; x_wconf 88' lang='lat' dir='ltr'>De</span> <span class='ocrx_word' id='word_1_730' title='bbox 1708 2277 1833 2319; x_wconf 89' lang='lat' dir='ltr'>triplici</span> <span class='ocrx_word' id='word_1_731' title='bbox 1861 2277 1968 2318; x_wconf 80' lang='lat' dir='ltr'>gradu</span> <span class='ocrx_word' id='word_1_732' title='bbox 1999 2274 2210 2307; x_wconf 87' lang='lat' dir='ltr'>liberationis</span> <span class='ocrx_word' id='word_1_733' title='bbox 2237 2274 2274 2314; x_wconf 89' lang='lat' dir='ltr'>(l)</span> 
     </span>
     <span class='ocr_line' id='line_1_126' title="bbox 1385 2327 1781 2368; baseline -0.005 -9"><span class='ocrx_word' id='word_1_734' title='bbox 1385 2327 1606 2368; x_wconf 85' lang='lat' dir='ltr'>antiquorum</span> <span class='ocrx_word' id='word_1_735' title='bbox 1633 2328 1781 2367; x_wconf 89' lang='lat' dir='ltr'>patrum.</span> 
     </span>
    </p>

    <p class='ocr_par' dir='ltr' id='par_1_46' title="bbox 1343 2368 2279 2508">
     <span class='ocr_line' id='line_1_127' title="bbox 1343 2368 2279 2415; baseline -0.007 -8"><span class='ocrx_word' id='word_1_736' title='bbox 1343 2375 1472 2414; x_wconf 72' lang='lat' dir='ltr'>Jmlsca,</span> <span class='ocrx_word' id='word_1_737' title='bbox 1507 2375 1656 2415; x_wconf 78' lang='lat' dir='ltr'>Domine,</span> <span class='ocrx_word' id='word_1_738' title='bbox 1681 2375 1829 2405; x_wconf 76' lang='lat' dir='ltr'>nocentes</span> <span class='ocrx_word' id='word_1_739' title='bbox 1848 2382 1912 2412; x_wconf 87' lang='lat' dir='ltr'>me,</span> <span class='ocrx_word' id='word_1_740' title='bbox 1932 2371 2055 2404; x_wconf 90' lang='lat' dir='ltr'>Psalm.</span> <span class='ocrx_word' id='word_1_741' title='bbox 2076 2372 2128 2402; x_wconf 84' lang='lat'>34.</span> <span class='ocrx_word' id='word_1_742' title='bbox 2150 2371 2199 2401; x_wconf 87' lang='lat' dir='ltr'>De</span> <span class='ocrx_word' id='word_1_743' title='bbox 2220 2368 2279 2401; x_wconf 88' lang='lat' dir='ltr'>tri-</span> 
     </span>
     <span class='ocr_line' id='line_1_128' title="bbox 1386 2417 2276 2463; baseline -0.007 -9"><span class='ocrx_word' id='word_1_744' title='bbox 1386 2422 1464 2463; x_wconf 88' lang='lat' dir='ltr'>plici</span> <span class='ocrx_word' id='word_1_745' title='bbox 1480 2421 1623 2463; x_wconf 87' lang='lat' dir='ltr'>judicio,</span> <span class='ocrx_word' id='word_1_746' title='bbox 1653 2423 1724 2452; x_wconf 92' lang='lat' dir='ltr'>tum</span> <span class='ocrx_word' id='word_1_747' title='bbox 1747 2420 1783 2451; x_wconf 92' lang='lat' dir='ltr'>in</span> <span class='ocrx_word' id='word_1_748' title='bbox 1802 2419 1982 2460; x_wconf 83' lang='lat' dir='ltr'>praesenti‚</span> <span class='ocrx_word' id='word_1_749' title='bbox 2007 2421 2079 2450; x_wconf 91' lang='lat' dir='ltr'>tum</span> <span class='ocrx_word' id='word_1_750' title='bbox 2097 2418 2134 2449; x_wconf 89' lang='lat' dir='ltr'>in</span> <span class='ocrx_word' id='word_1_751' title='bbox 2149 2417 2276 2449; x_wconf 78' lang='lat' dir='ltr'>futuro.</span> 
     </span>
     <span class='ocr_line' id='line_1_129' title="bbox 1388 2467 2071 2508; baseline -0.004 -7"><span class='ocrx_word' id='word_1_752' title='bbox 1388 2470 1516 2508; x_wconf 88' lang='lat' dir='ltr'>Quibus</span> <span class='ocrx_word' id='word_1_753' title='bbox 1536 2479 1576 2501; x_wconf 87' lang='lat' dir='ltr'>ex</span> <span class='ocrx_word' id='word_1_754' title='bbox 1598 2469 1708 2500; x_wconf 86' lang='lat' dir='ltr'>causis</span> <span class='ocrx_word' id='word_1_755' title='bbox 1733 2469 1831 2500; x_wconf 73' lang='lat' dir='ltr'>navis</span> <span class='ocrx_word' id='word_1_756' title='bbox 1850 2467 2071 2508; x_wconf 89' lang='lat' dir='ltr'>periclitetur.</span> 
     </span>
    </p>

    <p class='ocr_par' dir='ltr' id='par_1_47' title="bbox 1348 2511 2278 2695">
     <span class='ocr_line' id='line_1_130' title="bbox 1348 2511 2277 2557; baseline -0.006 -8"><span class='ocrx_word' id='word_1_757' title='bbox 1348 2518 1460 2550; x_wconf 82' lang='lat' dir='ltr'>Armis</span> <span class='ocrx_word' id='word_1_758' title='bbox 1480 2520 1513 2549; x_wconf 86' lang='lat' dir='ltr'>et</span> <span class='ocrx_word' id='word_1_759' title='bbox 1532 2519 1628 2548; x_wconf 89' lang='lat' dir='ltr'>scuto</span> <span class='ocrx_word' id='word_1_760' title='bbox 1653 2515 1877 2557; x_wconf 83' lang='lat' dir='ltr'>pugnandum</span> <span class='ocrx_word' id='word_1_761' title='bbox 1905 2515 2067 2546; x_wconf 87' lang='lat' dir='ltr'>adversus</span> <span class='ocrx_word' id='word_1_762' title='bbox 2097 2511 2277 2544; x_wconf 89' lang='lat' dir='ltr'>mundum.</span> 
     </span>
     <span class='ocr_line' id='line_1_131' title="bbox 1390 2559 2278 2606; baseline -0.008 -9"><span class='ocrx_word' id='word_1_763' title='bbox 1390 2564 1515 2606; x_wconf 80' lang='lat' dir='ltr'>lnopiae</span> <span class='ocrx_word' id='word_1_764' title='bbox 1550 2567 1583 2596; x_wconf 89' lang='lat' dir='ltr'>et</span> <span class='ocrx_word' id='word_1_765' title='bbox 1611 2563 1820 2604; x_wconf 88' lang='lat' dir='ltr'>paupertatis</span> <span class='ocrx_word' id='word_1_766' title='bbox 1850 2562 2045 2594; x_wconf 88' lang='lat' dir='ltr'>discrimen.</span> <span class='ocrx_word' id='word_1_767' title='bbox 2078 2561 2126 2592; x_wconf 88' lang='lat' dir='ltr'>De</span> <span class='ocrx_word' id='word_1_768' title='bbox 2155 2559 2278 2600; x_wconf 87' lang='lat' dir='ltr'>triplici</span> 
     </span>
     <span class='ocr_line' id='line_1_132' title="bbox 1387 2608 2276 2652; baseline -0.008 -7"><span class='ocrx_word' id='word_1_769' title='bbox 1387 2613 1574 2645; x_wconf 87' lang='lat' dir='ltr'>sterilitate.</span> <span class='ocrx_word' id='word_1_770' title='bbox 1593 2613 1640 2643; x_wconf 90' lang='lat' dir='ltr'>De</span> <span class='ocrx_word' id='word_1_771' title='bbox 1651 2611 1783 2652; x_wconf 83' lang='lat' dir='ltr'>jejunio</span> <span class='ocrx_word' id='word_1_772' title='bbox 1801 2610 1935 2643; x_wconf 86' lang='lat' dir='ltr'>Christi.</span> <span class='ocrx_word' id='word_1_773' title='bbox 1957 2611 2005 2641; x_wconf 91' lang='lat' dir='ltr'>De</span> <span class='ocrx_word' id='word_1_774' title='bbox 2023 2608 2148 2649; x_wconf 88' lang='lat' dir='ltr'>triptici</span> <span class='ocrx_word' id='word_1_775' title='bbox 2166 2610 2276 2640; x_wconf 82' lang='lat' dir='ltr'>tenta·</span> 
     </span>
     <span class='ocr_line' id='line_1_133' title="bbox 1386 2655 2255 2695; baseline -0.007 -3"><span class='ocrx_word' id='word_1_776' title='bbox 1386 2661 1479 2693; x_wconf 88' lang='lat' dir='ltr'>tione</span> <span class='ocrx_word' id='word_1_777' title='bbox 1498 2659 1648 2691; x_wconf 89' lang='lat' dir='ltr'>hominis</span> <span class='ocrx_word' id='word_1_778' title='bbox 1666 2659 1709 2690; x_wconf 90' lang='lat' dir='ltr'>ad</span> <span class='ocrx_word' id='word_1_779' title='bbox 1731 2660 1852 2695; x_wconf 83' lang='lat' dir='ltr'>Deum,</span> <span class='ocrx_word' id='word_1_780' title='bbox 1873 2662 1907 2689; x_wconf 89' lang='lat' dir='ltr'>et</span> <span class='ocrx_word' id='word_1_781' title='bbox 1927 2657 1988 2689; x_wconf 89' lang='lat' dir='ltr'>Dei</span> <span class='ocrx_word' id='word_1_782' title='bbox 2010 2657 2051 2688; x_wconf 90' lang='lat' dir='ltr'>ad</span> <span class='ocrx_word' id='word_1_783' title='bbox 2068 2655 2255 2687; x_wconf 87' lang='lat' dir='ltr'>hominem.</span> 
     </span>
    </p>

    <p class='ocr_par' dir='ltr' id='par_1_48' title="bbox 1346 2703 2279 2842">
     <span class='ocr_line' id='line_1_134' title="bbox 1346 2703 2279 2748; baseline -0.008 -8"><span class='ocrx_word' id='word_1_784' title='bbox 1346 2707 1524 2748; x_wconf 84' lang='lat' dir='ltr'>Multiplex</span> <span class='ocrx_word' id='word_1_785' title='bbox 1544 2705 1704 2738; x_wconf 81' lang='lat' dir='ltr'>Ecclesiae</span> <span class='ocrx_word' id='word_1_786' title='bbox 1723 2705 1920 2746; x_wconf 78' lang='lat' dir='ltr'>magnitudo</span> <span class='ocrx_word' id='word_1_787' title='bbox 1944 2705 1993 2745; x_wconf 88' lang='lat' dir='ltr'>(e).</span> <span class='ocrx_word' id='word_1_788' title='bbox 2015 2703 2189 2744; x_wconf 81' lang='lat' dir='ltr'>Multiplex</span> <span class='ocrx_word' id='word_1_789' title='bbox 2206 2711 2279 2743; x_wconf 84' lang='lat' dir='ltr'>gra-</span> 
     </span>
     <span class='ocr_line' id='line_1_135' title="bbox 1387 2751 2278 2795; baseline -0.004 -10"><span class='ocrx_word' id='word_1_790' title='bbox 1387 2754 1498 2787; x_wconf 84' lang='lat' dir='ltr'>vitatis</span> <span class='ocrx_word' id='word_1_791' title='bbox 1517 2763 1636 2795; x_wconf 85' lang='lat' dir='ltr'>genus.</span> <span class='ocrx_word' id='word_1_792' title='bbox 1660 2753 1759 2791; x_wconf 90' lang='lat' dir='ltr'>Quod</span> <span class='ocrx_word' id='word_1_793' title='bbox 1778 2751 2010 2793; x_wconf 77' lang='lat' dir='ltr'>multIpliciter</span> <span class='ocrx_word' id='word_1_794' title='bbox 2040 2751 2162 2783; x_wconf 89' lang='lat' dir='ltr'>dicitur</span> <span class='ocrx_word' id='word_1_795' title='bbox 2190 2751 2278 2782; x_wconf 85' lang='lat' dir='ltr'>Deus</span> 
     </span>
     <span class='ocr_line' id='line_1_136' title="bbox 1389 2810 1570 2842; baseline -0.011 -8"><span class='ocrx_word' id='word_1_796' title='bbox 1389 2810 1570 2842; x_wconf 77' lang='lat' dir='ltr'>exurgere.</span> 
     </span>
    </p>

    <p class='ocr_par' dir='ltr' id='par_1_49' title="bbox 1348 2847 2279 3037">
     <span class='ocr_line' id='line_1_137' title="bbox 1348 2847 2279 2891; baseline -0.002 -10"><span class='ocrx_word' id='word_1_797' title='bbox 1348 2851 1445 2882; x_wconf 62' lang='lat' dir='ltr'>Dixit</span> <span class='ocrx_word' id='word_1_798' title='bbox 1462 2850 1616 2890; x_wconf 75' lang='lat' dir='ltr'>injustus,</span> <span class='ocrx_word' id='word_1_799' title='bbox 1639 2851 1676 2881; x_wconf 80' lang='lat' dir='ltr'>ut</span> <span class='ocrx_word' id='word_1_800' title='bbox 1694 2848 1881 2891; x_wconf 77' lang='lat' dir='ltr'>delinquat,</span> <span class='ocrx_word' id='word_1_801' title='bbox 1901 2848 2025 2881; x_wconf 90' lang='lat' dir='ltr'>Psalm.</span> <span class='ocrx_word' id='word_1_802' title='bbox 2044 2849 2095 2880; x_wconf 82' lang='lat'>35.</span> <span class='ocrx_word' id='word_1_803' title='bbox 2114 2847 2210 2880; x_wconf 88' lang='lat' dir='ltr'>Unde</span> <span class='ocrx_word' id='word_1_804' title='bbox 2229 2847 2279 2880; x_wconf 88' lang='lat' dir='ltr'>di·</span> 
     </span>
     <span class='ocr_line' id='line_1_138' title="bbox 1389 2900 2216 2941; baseline -0.006 -7"><span class='ocrx_word' id='word_1_805' title='bbox 1389 2904 1484 2934; x_wconf 89' lang='lat' dir='ltr'>catur</span> <span class='ocrx_word' id='word_1_806' title='bbox 1503 2909 1635 2932; x_wconf 89' lang='lat' dir='ltr'>servus.</span> <span class='ocrx_word' id='word_1_807' title='bbox 1661 2900 1836 2941; x_wconf 81' lang='lat' dir='ltr'>Multiplex</span> <span class='ocrx_word' id='word_1_808' title='bbox 1857 2901 2077 2941; x_wconf 86' lang='lat' dir='ltr'>pcccatorum</span> <span class='ocrx_word' id='word_1_809' title='bbox 2096 2907 2216 2940; x_wconf 83' lang='lat' dir='ltr'>genus.</span> 
     </span>
     <span class='ocr_line' id='line_1_139' title="bbox 1348 2947 2279 2989; baseline -0.004 -8"><span class='ocrx_word' id='word_1_810' title='bbox 1348 2949 1415 2981; x_wconf 86' lang='lat' dir='ltr'>Cur</span> <span class='ocrx_word' id='word_1_811' title='bbox 1428 2949 1463 2980; x_wconf 91' lang='lat' dir='ltr'>in</span> <span class='ocrx_word' id='word_1_812' title='bbox 1482 2947 1646 2980; x_wconf 87' lang='lat' dir='ltr'>sacrificio</span> <span class='ocrx_word' id='word_1_813' title='bbox 1667 2948 1839 2980; x_wconf 84' lang='lat' dir='ltr'>Abraham</span> <span class='ocrx_word' id='word_1_814' title='bbox 1857 2947 2040 2989; x_wconf 89' lang='lat' dir='ltr'>abjiciebat</span> <span class='ocrx_word' id='word_1_815' title='bbox 2063 2955 2143 2978; x_wconf 82' lang='lat' dir='ltr'>aves</span> <span class='ocrx_word' id='word_1_816' title='bbox 2155 2947 2172 2976; x_wconf 76' lang='lat'>‘1</span> <span class='ocrx_word' id='word_1_817' title='bbox 2197 2947 2279 2977; x_wconf 82' lang='lat' dir='ltr'>Duae</span> 
     </span>
     <span class='ocr_line' id='line_1_140' title="bbox 1391 2994 2279 3037; baseline -0.006 -9"><span class='ocrx_word' id='word_1_818' title='bbox 1391 2997 1452 3028; x_wconf 84' lang='lat' dir='ltr'>alae</span> <span class='ocrx_word' id='word_1_819' title='bbox 1472 2995 1553 3037; x_wconf 88' lang='lat' dir='ltr'>Dei,</span> <span class='ocrx_word' id='word_1_820' title='bbox 1582 2998 1616 3027; x_wconf 89' lang='lat' dir='ltr'>et</span> <span class='ocrx_word' id='word_1_821' title='bbox 1635 3005 1694 3027; x_wconf 80' lang='lat' dir='ltr'>sex</span> <span class='ocrx_word' id='word_1_822' title='bbox 1711 2995 1875 3028; x_wconf 81' lang='lat' dir='ltr'>hominis,</span> <span class='ocrx_word' id='word_1_823' title='bbox 1901 2994 2000 3033; x_wconf 87' lang='lat' dir='ltr'>Quod</span> <span class='ocrx_word' id='word_1_824' title='bbox 2026 3003 2125 3026; x_wconf 89' lang='lat' dir='ltr'>mons</span> <span class='ocrx_word' id='word_1_825' title='bbox 2153 3001 2279 3024; x_wconf 80' lang='lat' dir='ltr'>novem</span> 
     </span>
    </p>

    <p class='ocr_par' dir='ltr' id='par_1_50' title="bbox 1391 3043 1659 3075">
     <span class='ocr_line' id='line_1_141' title="bbox 1391 3043 1659 3075; baseline -0.004 0"><span class='ocrx_word' id='word_1_826' title='bbox 1391 3043 1501 3075; x_wconf 84' lang='lat' dir='ltr'>modis</span> <span class='ocrx_word' id='word_1_827' title='bbox 1525 3043 1659 3075; x_wconf 88' lang='lat' dir='ltr'>dicitur.</span> 
     </span>
    </p>

    <p class='ocr_par' dir='ltr' id='par_1_51' title="bbox 1349 3085 2281 3170">
     <span class='ocr_line' id='line_1_142' title="bbox 1349 3085 2281 3132; baseline -0.005 -9"><span class='ocrx_word' id='word_1_828' title='bbox 1349 3092 1398 3123; x_wconf 89' lang='lat' dir='ltr'>De</span> <span class='ocrx_word' id='word_1_829' title='bbox 1414 3090 1576 3123; x_wconf 88' lang='lat' dir='ltr'>ebrietate</span> <span class='ocrx_word' id='word_1_830' title='bbox 1597 3089 1774 3132; x_wconf 87' lang='lat' dir='ltr'>spirituali,</span> <span class='ocrx_word' id='word_1_831' title='bbox 1790 3093 1823 3123; x_wconf 93' lang='lat' dir='ltr'>et</span> <span class='ocrx_word' id='word_1_832' title='bbox 1843 3087 2023 3130; x_wconf 81' lang='lat' dir='ltr'>corporali.</span> <span class='ocrx_word' id='word_1_833' title='bbox 2038 3089 2086 3120; x_wconf 92' lang='lat' dir='ltr'>De</span> <span class='ocrx_word' id='word_1_834' title='bbox 2102 3085 2281 3128; x_wconf 88' lang='lat' dir='ltr'>multiplici</span> 
     </span>
     <span class='ocr_line' id='line_1_143' title="bbox 1391 3138 1507 3170; baseline 0 0"><span class='ocrx_word' id='word_1_835' title='bbox 1391 3138 1507 3170; x_wconf 89' lang='lat' dir='ltr'>domo.</span> 
     </span>
    </p>

    <p class='ocr_par' dir='ltr' id='par_1_52' title="bbox 1349 3181 2280 3321">
     <span class='ocr_line' id='line_1_144' title="bbox 1349 3181 2280 3226; baseline -0.005 -8"><span class='ocrx_word' id='word_1_836' title='bbox 1349 3185 1430 3219; x_wconf 89' lang='lat' dir='ltr'>Noli</span> <span class='ocrx_word' id='word_1_837' title='bbox 1447 3184 1604 3217; x_wconf 81' lang='lat' dir='ltr'>oemulari</span> <span class='ocrx_word' id='word_1_838' title='bbox 1623 3185 1658 3216; x_wconf 84' lang='lat' dir='ltr'>in</span> <span class='ocrx_word' id='word_1_839' title='bbox 1686 3183 1964 3226; x_wconf 75' lang='lat' dir='ltr'>maliynantibus,</span> <span class='ocrx_word' id='word_1_840' title='bbox 1995 3182 2120 3215; x_wconf 90' lang='lat' dir='ltr'>Psalm.</span> <span class='ocrx_word' id='word_1_841' title='bbox 2148 3183 2200 3214; x_wconf 86' lang='grc'>36.</span> <span class='ocrx_word' id='word_1_842' title='bbox 2231 3181 2280 3213; x_wconf 85' lang='lat' dir='ltr'>De</span> 
     </span>
     <span class='ocr_line' id='line_1_145' title="bbox 1390 3229 2280 3273; baseline -0.004 -8"><span class='ocrx_word' id='word_1_843' title='bbox 1390 3232 1567 3273; x_wconf 87' lang='lat' dir='ltr'>multiplici</span> <span class='ocrx_word' id='word_1_844' title='bbox 1586 3232 1821 3264; x_wconf 62' lang='lat' dir='ltr'>aemulatione.</span> <span class='ocrx_word' id='word_1_845' title='bbox 1837 3233 1886 3264; x_wconf 88' lang='lat' dir='ltr'>De</span> <span class='ocrx_word' id='word_1_846' title='bbox 1901 3230 2080 3273; x_wconf 85' lang='lat' dir='ltr'>multiplici</span> <span class='ocrx_word' id='word_1_847' title='bbox 2093 3229 2212 3262; x_wconf 87' lang='lat' dir='ltr'>herba.</span> <span class='ocrx_word' id='word_1_848' title='bbox 2232 3229 2280 3261; x_wconf 92' lang='lat' dir='ltr'>De</span> 
     </span>
     <span class='ocr_line' id='line_1_146' title="bbox 1392 3279 1695 3321; baseline -0.003 -8"><span class='ocrx_word' id='word_1_849' title='bbox 1392 3279 1569 3321; x_wconf 88' lang='lat' dir='ltr'>multiplici</span> <span class='ocrx_word' id='word_1_850' title='bbox 1589 3279 1695 3312; x_wconf 86' lang='lat' dir='ltr'>olere.</span> 
     </span>
    </p>

    <p class='ocr_par' dir='ltr' id='par_1_53' title="bbox 1350 3323 2283 3464">
     <span class='ocr_line' id='line_1_147' title="bbox 1350 3323 2283 3369; baseline -0.006 -7"><span class='ocrx_word' id='word_1_851' title='bbox 1350 3330 1400 3362; x_wconf 87' lang='lat' dir='ltr'>De</span> <span class='ocrx_word' id='word_1_852' title='bbox 1421 3326 1596 3368; x_wconf 88' lang='lat' dir='ltr'>multiplici</span> <span class='ocrx_word' id='word_1_853' title='bbox 1614 3335 1707 3360; x_wconf 83' lang='lat' dir='ltr'>arcu.</span> <span class='ocrx_word' id='word_1_854' title='bbox 1731 3327 1780 3360; x_wconf 87' lang='lat' dir='ltr'>De</span> <span class='ocrx_word' id='word_1_855' title='bbox 1801 3325 2014 3369; x_wconf 84' lang='lat' dir='ltr'>quadruplici</span> <span class='ocrx_word' id='word_1_856' title='bbox 2034 3325 2102 3358; x_wconf 82' lang='lat' dir='ltr'>via.</span> <span class='ocrx_word' id='word_1_857' title='bbox 2123 3325 2172 3358; x_wconf 92' lang='lat' dir='ltr'>De</span> <span class='ocrx_word' id='word_1_858' title='bbox 2196 3323 2283 3356; x_wconf 88' lang='lat' dir='ltr'>mul-</span> 
     </span>
     <span class='ocr_line' id='line_1_148' title="bbox 1390 3372 2281 3416; baseline -0.006 -8"><span class='ocrx_word' id='word_1_859' title='bbox 1390 3375 1498 3416; x_wconf 88' lang='lat' dir='ltr'>tiplici</span> <span class='ocrx_word' id='word_1_860' title='bbox 1518 3383 1598 3406; x_wconf 91' lang='lat' dir='ltr'>casu</span> <span class='ocrx_word' id='word_1_861' title='bbox 1619 3375 1671 3416; x_wconf 90' lang='lat' dir='ltr'>(e).</span> <span class='ocrx_word' id='word_1_862' title='bbox 1695 3376 1743 3406; x_wconf 91' lang='lat' dir='ltr'>De</span> <span class='ocrx_word' id='word_1_863' title='bbox 1763 3377 1909 3416; x_wconf 86' lang='lat' dir='ltr'>quatuor</span> <span class='ocrx_word' id='word_1_864' title='bbox 1931 3373 2114 3416; x_wconf 86' lang='lat' dir='ltr'>generibus</span> <span class='ocrx_word' id='word_1_865' title='bbox 2133 3372 2281 3405; x_wconf 90' lang='lat' dir='ltr'>eleemo-</span> 
     </span>
     <span class='ocr_line' id='line_1_149' title="bbox 1393 3421 2074 3464; baseline -0.003 -10"><span class='ocrx_word' id='word_1_866' title='bbox 1393 3431 1501 3464; x_wconf 81' lang='lat' dir='ltr'>synae.</span> <span class='ocrx_word' id='word_1_867' title='bbox 1519 3421 1696 3463; x_wconf 81' lang='lat' dir='ltr'>multiplex</span> <span class='ocrx_word' id='word_1_868' title='bbox 1714 3421 1932 3454; x_wconf 77' lang='lat' dir='ltr'>exultationis</span> <span class='ocrx_word' id='word_1_869' title='bbox 1955 3430 2074 3463; x_wconf 82' lang='lat' dir='ltr'>genus.</span> 
     </span>
    </p>
   </div>
   <div class='ocr_carea' id='block_1_18' title="bbox 2285 245 2360 285">
    <p class='ocr_par' dir='ltr' id='par_1_54' title="bbox 2285 245 2360 285">
     <span class='ocr_line' id='line_1_150' title="bbox 2285 245 2360 285; baseline 0 -1"><span class='ocrx_word' id='word_1_870' title='bbox 2285 245 2360 285; x_wconf 82' lang='lat'>687</span> 
     </span>
    </p>
   </div>
   <div class='ocr_carea' id='block_1_19' title="bbox 2307 429 2361 460">
    <p class='ocr_par' dir='ltr' id='par_1_55' title="bbox 2307 429 2361 460">
     <span class='ocr_line' id='line_1_151' title="bbox 2307 429 2361 460; baseline -0.019 0"><span class='ocrx_word' id='word_1_871' title='bbox 2307 429 2361 460; x_wconf 88' lang='grc'>191</span> 
     </span>
    </p>
   </div>
   <div class='ocr_carea' id='block_1_20' title="bbox 2308 521 2366 553">
    <p class='ocr_par' dir='ltr' id='par_1_56' title="bbox 2308 521 2366 553">
     <span class='ocr_line' id='line_1_152' title="bbox 2308 521 2366 553; baseline -0.017 0"><span class='ocrx_word' id='word_1_872' title='bbox 2308 521 2366 553; x_wconf 83' lang='lat'>192</span> 
     </span>
    </p>
   </div>
   <div class='ocr_carea' id='block_1_21' title="bbox 2309 664 2368 696">
    <p class='ocr_par' dir='ltr' id='par_1_57' title="bbox 2309 664 2368 696">
     <span class='ocr_line' id='line_1_153' title="bbox 2309 664 2368 696; baseline -0.017 0"><span class='ocrx_word' id='word_1_873' title='bbox 2309 664 2368 696; x_wconf 78' lang='lat'>¹93</span> 
     </span>
    </p>
   </div>
   <div class='ocr_carea' id='block_1_22' title="bbox 2311 946 2370 977">
    <p class='ocr_par' dir='ltr' id='par_1_58' title="bbox 2311 946 2370 977">
     <span class='ocr_line' id='line_1_154' title="bbox 2311 946 2370 977; baseline 0 0"><span class='ocrx_word' id='word_1_874' title='bbox 2311 946 2370 977; x_wconf 75' lang='lat'>194</span> 
     </span>
    </p>
   </div>
   <div class='ocr_carea' id='block_1_23' title="bbox 2316 1278 2372 1309">
    <p class='ocr_par' dir='ltr' id='par_1_59' title="bbox 2316 1278 2372 1309">
     <span class='ocr_line' id='line_1_155' title="bbox 2316 1278 2372 1309; baseline -0.018 0"><span class='ocrx_word' id='word_1_875' title='bbox 2316 1278 2372 1309; x_wconf 77' lang='lat'>195</span> 
     </span>
    </p>
   </div>
   <div class='ocr_carea' id='block_1_24' title="bbox 2318 1563 2374 1594">
    <p class='ocr_par' dir='ltr' id='par_1_60' title="bbox 2318 1563 2374 1594">
     <span class='ocr_line' id='line_1_156' title="bbox 2318 1563 2374 1594; baseline -0.018 0"><span class='ocrx_word' id='word_1_876' title='bbox 2318 1563 2374 1594; x_wconf 82' lang='grc'>196</span> 
     </span>
    </p>
   </div>
   <div class='ocr_carea' id='block_1_25' title="bbox 2320 1848 2376 1880">
    <p class='ocr_par' dir='ltr' id='par_1_61' title="bbox 2320 1848 2376 1880">
     <span class='ocr_line' id='line_1_157' title="bbox 2320 1848 2376 1880; baseline -0.054 0"><span class='ocrx_word' id='word_1_877' title='bbox 2320 1848 2376 1880; x_wconf 82' lang='lat'><strong>197</strong></span> 
     </span>
    </p>
   </div>
   <div class='ocr_carea' id='block_1_26' title="bbox 2319 2133 2378 2164">
    <p class='ocr_par' dir='ltr' id='par_1_62' title="bbox 2319 2133 2378 2164">
     <span class='ocr_line' id='line_1_158' title="bbox 2319 2133 2378 2164; baseline -0.017 0"><span class='ocrx_word' id='word_1_878' title='bbox 2319 2133 2378 2164; x_wconf 82' lang='lat'>198</span> 
     </span>
    </p>
   </div>
   <div class='ocr_carea' id='block_1_27' title="bbox 2324 2465 2380 2496">
    <p class='ocr_par' dir='ltr' id='par_1_63' title="bbox 2324 2465 2380 2496">
     <span class='ocr_line' id='line_1_159' title="bbox 2324 2465 2380 2496; baseline 0 0"><span class='ocrx_word' id='word_1_879' title='bbox 2324 2465 2380 2496; x_wconf 84' lang='grc'>199</span> 
     </span>
    </p>
   </div>
   <div class='ocr_carea' id='block_1_28' title="bbox 2320 2654 2379 2685">
    <p class='ocr_par' dir='ltr' id='par_1_64' title="bbox 2320 2654 2379 2685">
     <span class='ocr_line' id='line_1_160' title="bbox 2320 2654 2379 2685; baseline 0 0"><span class='ocrx_word' id='word_1_880' title='bbox 2320 2654 2379 2685; x_wconf 80' lang='lat'>200</span> 
     </span>
    </p>
   </div>
   <div class='ocr_carea' id='block_1_29' title="bbox 1350 3487 2386 3571">
    <p class='ocr_par' dir='ltr' id='par_1_65' title="bbox 1350 3487 2386 3571">
     <span class='ocr_line' id='line_1_161' title="bbox 1351 3487 2386 3528; baseline -0.006 -7"><span class='ocrx_word' id='word_1_881' title='bbox 1351 3497 1442 3522; x_wconf 85' lang='lat' dir='ltr'>Deus.</span> <span class='ocrx_word' id='word_1_882' title='bbox 1456 3507 1490 3514; x_wconf 88' lang='lat'>-—</span> <span class='ocrx_word' id='word_1_883' title='bbox 1507 3492 1543 3528; x_wconf 73' lang='lat' dir='ltr'>(q)</span> <span class='ocrx_word' id='word_1_884' title='bbox 1565 3491 1616 3520; x_wconf 78' lang='lat' dir='ltr'>Al.</span> <span class='ocrx_word' id='word_1_885' title='bbox 1638 3492 1756 3520; x_wconf 83' lang='lat' dir='ltr'>Christi.</span> <span class='ocrx_word' id='word_1_886' title='bbox 1778 3508 1811 3513; x_wconf 99' lang='lat'><strong>—</strong></span> <span class='ocrx_word' id='word_1_887' title='bbox 1827 3493 1864 3528; x_wconf 77' lang='grc'>(11)</span> <span class='ocrx_word' id='word_1_888' title='bbox 1884 3491 1936 3520; x_wconf 80' lang='grc' dir='ltr'>Αἱ.</span> <span class='ocrx_word' id='word_1_889' title='bbox 1951 3490 2085 3528; x_wconf 84' lang='lat' dir='ltr'>pedihus.</span> <span class='ocrx_word' id='word_1_890' title='bbox 2100 3505 2134 3512; x_wconf 93' lang='lat'><em>—</em></span> <span class='ocrx_word' id='word_1_891' title='bbox 2148 3488 2176 3526; x_wconf 76' lang='grc' dir='ltr'>(ι’)</span> <span class='ocrx_word' id='word_1_892' title='bbox 2190 3488 2242 3517; x_wconf 80' lang='grc' dir='ltr'>Αἰ.</span> <span class='ocrx_word' id='word_1_893' title='bbox 2256 3487 2386 3516; x_wconf 75' lang='lat' dir='ltr'>subtice-</span> 
     </span>
     <span class='ocr_line' id='line_1_162' title="bbox 1350 3529 2384 3571; baseline -0.006 -8"><span class='ocrx_word' id='word_1_894' title='bbox 1350 3538 1408 3564; x_wconf 86' lang='lat' dir='ltr'>tur.</span> <span class='ocrx_word' id='word_1_895' title='bbox 1423 3550 1456 3556; x_wconf 96' lang='lat'>-—</span> <span class='ocrx_word' id='word_1_896' title='bbox 1478 3535 1514 3571; x_wconf 78' lang='lat' dir='ltr'>(j)</span> <span class='ocrx_word' id='word_1_897' title='bbox 1530 3533 1581 3561; x_wconf 75' lang='lat' dir='ltr'>Al.</span> <span class='ocrx_word' id='word_1_898' title='bbox 1595 3534 1747 3567; x_wconf 85' lang='lat' dir='ltr'>Quomodo</span> <span class='ocrx_word' id='word_1_899' title='bbox 1761 3534 1903 3570; x_wconf 83' lang='lat' dir='ltr'>templum</span> <span class='ocrx_word' id='word_1_900' title='bbox 1915 3533 2052 3563; x_wconf 84' lang='lat' dir='ltr'>sumitur.</span> <span class='ocrx_word' id='word_1_901' title='bbox 2065 3547 2099 3555; x_wconf 95' lang='lat'>—</span> <span class='ocrx_word' id='word_1_902' title='bbox 2113 3531 2212 3568; x_wconf 74' lang='lat' dir='ltr'>(k)Al.</span> <span class='ocrx_word' id='word_1_903' title='bbox 2228 3529 2384 3559; x_wconf 76' lang='lat' dir='ltr'>christi.—</span> 
     </span>
    </p>
   </div>
   <div class='ocr_carea' id='block_1_30' title="bbox 1352 3574 1944 3613">
    <p class='ocr_par' dir='ltr' id='par_1_66' title="bbox 1352 3574 1944 3613">
     <span class='ocr_line' id='line_1_163' title="bbox 1352 3574 1944 3613; baseline -0.003 -7"><span class='ocrx_word' id='word_1_904' title='bbox 1352 3577 1383 3613; x_wconf 84' lang='grc'>(1)</span> <span class='ocrx_word' id='word_1_905' title='bbox 1406 3577 1479 3606; x_wconf 76' lang='lat' dir='ltr'>Coet.</span> <span class='ocrx_word' id='word_1_906' title='bbox 1494 3574 1565 3604; x_wconf 78' lang='lat' dir='ltr'>edit.</span> <span class='ocrx_word' id='word_1_907' title='bbox 1581 3576 1625 3604; x_wconf 81' lang='lat' dir='ltr'>De</span> <span class='ocrx_word' id='word_1_908' title='bbox 1638 3575 1746 3611; x_wconf 79' lang='lat' dir='ltr'>triplici</span> <span class='ocrx_word' id='word_1_909' title='bbox 1761 3575 1944 3605; x_wconf 77' lang='lat' dir='ltr'>liberatione.</span> 
     </span>
    </p>
   </div>
  </div>
 </body>
</html>
