2633 3878
325 241 375 278 46
381 241 402 278 -l

323 324 561 362 rationaliter
580 322 838 359 defectionem
868 322 1167 369 animadvertit;
1192 323 1260 359 iste
1288 333 1348 358 se-

322 398 446 434 quens
466 386 675 422 subnotare
692 384 856 420 intendit
873 385 1040 432 qualiter
1057 385 1141 432 ipsa
1158 396 1237 421 uon
1254 385 1349 421 irra-

324 447 560 486 tionabiliter
590 446 870 494 perfectionem
900 447 1078 483 advertit.
1107 447 1204 491 Quia
1233 457 1349 491 vero,

321 511 419 547 sicut
448 509 628 547 scribitur
648 521 671 546 a
691 509 875 556 Dionysio
893 509 901 530 ¹
920 538 931 554 ,
958 524 975 542 (ι
999 509 1096 545 nihil
1123 512 1178 544 cst
1209 519 1278 555 per
1308 519 1348 545 se

320 572 535 620 perfectum
554 582 634 608 non
653 570 833 621 indigens
854 571 1121 607 universaliter
1143 570 1348 618 perfectio-

321 634 398 679 nis,
420 634 492 671 nisi
521 645 613 670 vere
645 633 996 681 perfectissimum,
1018 636 1054 669 et
1085 635 1173 669 ante
1199 632 1349 680 persec-

321 699 426 742 tum;
449 710 466 729 n
491 696 543 733 ob
566 696 666 732 hanc
687 706 771 731 rem
799 695 903 731 illius
929 694 1093 732 advertit
1113 694 1245 731 anima
1263 705 1350 742 per-

320 759 549 802 fectionem,
569 769 639 804 per
665 757 785 804 ipsius
811 757 1112 805 quadruplicem
1132 757 1347 802 actionem,

320 820 500 856 videlicet
537 829 606 866 per
635 818 955 855 commissionem
977 848 987 865 ,
1023 819 1348 863 admisssionem,

319 882 641 928 promissionem,
662 881 985 928 praemissionem.
1007 881 1219 919 committit
1241 889 1350 916 nam-

319 954 396 990 que
419 946 572 990 tempus
591 943 707 989 vitae5
727 943 893 979 admittit
914 942 1060 979 fructus
1079 942 1315 989 poenitentiae
1335 952 1347 987 3

318 1006 506 1052 promittit
524 1005 684 1053 pondus
706 1005 864 1052 gloriae;
883 1005 1081 1053 praemittit
1100 1005 1243 1051 pignus
1263 1013 1350 1051 gra-

319 1068 380 1104 tise
405 1080 413 1104 :
436 1079 523 1115 quae
550 1067 706 1104 videtur
735 1068 917 1104 continue
938 1077 1072 1104 versus
1101 1067 1208 1103 istius
1229 1066 1350 1103 conti-

320 1130 451 1166 nentia
471 1130 678 1167 continere.

657 1236 840 1272 Articulus
863 1238 1016 1282 primus.

369 1319 539 1355 Primum
553 1318 822 1366 praesignat-ur,
838 1329 927 1355 curn
947 1318 1128 1355 scribitur
1147 1331 1154 1354 :
1174 1319 1348 1364 Adjutor.

322 1381 434 1418 Plane
460 1380 783 1428 perfectissimus,
814 1384 851 1417 et
879 1380 1141 1428 perfectorum
1172 1380 1350 1417 omnium

320 1443 551 1491 perfectivus
579 1443 702 1479 factus
731 1447 787 1479 est
816 1443 932 1479 nobis
965 1443 1123 1490 adjutor
1156 1452 1349 1490 magnus,

319 1505 566 1552 potissimum
586 1505 809 1553 praestando
839 1505 1039 1553 przesentis
1064 1505 1152 1541 vitre
1182 1505 1350 1552 spatium

321 1568 372 1604 ad
392 1567 614 1604 faciendum
646 1567 813 1614 dignum
840 1567 1077 1615 poenitentiae
1104 1566 1286 1604 fructum.
1309 1569 1351 1604 Et

319 1633 430 1677 nota,
454 1631 563 1678 quod
592 1631 780 1667 Dominus
806 1630 949 1677 legitur
977 1630 1135 1677 adjutor
1154 1630 1349 1678 praecipue

318 1694 357 1728 in
377 1694 629 1739 aegrotatione
642 1722 653 1739 ,
676 1693 715 1730 in
734 1693 946 1730 tentatione
961 1721 971 1738 ‚
1003 1692 1043 1729 in
1073 1692 1348 1739 defunctione3

318 1755 540 1803 praestando
572 1755 694 1792 vitam
721 1758 890 1799 naturae,
911 1755 1031 1791 vitam
1052 1755 1184 1801 gratiae
1197 1782 1210 1799 ,
1230 1755 1351 1791 vitam

318 1819 464 1865 gloriae.
489 1821 536 1855 De
552 1819 680 1867 primo
700 1831 772 1868 per
792 1818 1143 1867 Psalmographum
1162 1818 1322 1855 dicitur²
1340 1832 1350 1854 .·

322 1897 337 1914 ιι
361 1884 442 1930 lpse
474 1884 573 1918 Deus
604 1893 739 1928 meus,
773 1884 809 1918 et
830 1882 1008 1919 Salvator
1033 1892 1169 1927 meus,
1194 1881 1352 1928 adjutor

319 1955 449 1989 meus,
478 1954 559 1980 non
591 1944 810 1990 emigrabo.
836 1957 852 1978 »
875 1943 1050 1981 Salvator
1078 1943 1218 1979 dicitur
1249 1943 1354 1980 aufe·

318 2006 443 2042 rendo
475 2005 765 2052 infirmitatem3
798 2005 867 2042 sed
899 2005 1078 2053 adjutor,
1110 2005 1350 2042 conserendo

318 2068 521 2105 sanitatem
537 2081 544 2104 :
561 2079 650 2105 ecce
662 2068 819 2114 adjutor
828 2070 1009 2116 respectu
1022 2068 1109 2105 vitae
1125 2071 1286 2104 naturae.
1300 2070 1351 2105 De

319 2131 492 2168 seeundo
508 2142 578 2179 per
592 2131 828 2178 prophetam
842 2130 1022 2178 psallitur
1035 2131 1048 2152 ³
1072 2142 1080 2167 :
1105 2145 1122 2163 «
1143 2132 1241 2166 Deus
1262 2140 1352 2166 nos-

319 2197 375 2230 ter
393 2193 587 2240 refugium
614 2197 650 2230 et
675 2193 821 2238 virtus,
842 2193 1000 2239 adjutor
1023 2192 1063 2228 in
1092 2192 1352 2229 tribulationi-

320 2256 393 2292 bus
415 2268 422 2291 :
446 2266 462 2289 τ)
488 2255 686 2302 refugium
706 2255 848 2291 (licitur
876 2254 1144 2302 pugnantibus
1163 2253 1351 2300 fugiendo

320 2318 358 2353 in
380 2328 514 2365 pugna
535 2317 806 2363 continentiae3
829 2317 950 2353 virtus
974 2316 1242 2364 pugnantibus
1263 2327 1353 2353 con-

321 2379 493 2416 sistendo
525 2379 565 2415 in
593 2390 728 2427 pugna
750 2379 1007 2425 sustinentiae3
1031 2378 1188 2425 adJ’utor
1216 2379 1255 2415 in
1284 2378 1351 2415 tri-

321 2442 542 2489 liulatssone,
564 2442 803 2489 adaugendo
824 2443 945 2479 vitam
975 2442 1108 2489 gratiae
1137 2454 1144 2477 :
1175 2452 1262 2478 ecee
1284 2441 1352 2477 ad-

317 2505 424 2551 jutor
437 2508 615 2553 respectu
628 2505 664 2541 vi
672 2509 716 2541 tae
730 2504 874 2552 gratiae.
892 2506 942 2541 De
958 2504 1069 2541 tertio
1083 2515 1153 2551 per
1167 2502 1352 2540 eumdem

321 2567 503 2604 scribitur
518 2569 531 2589 ὅ
553 2579 561 2603 :
587 2581 605 2602 α
624 2569 759 2604 Beatus
782 2567 893 2614 cujus
923 2569 1020 2604 Deus
1048 2566 1168 2603 Jacob
1196 2565 1353 2613 adjutor

322 2630 425 2676 ejus,
448 2644 464 2661 υ
489 2629 632 2666 scilicet
652 2629 694 2665 in
715 2628 964 2666 defunctione
983 2629 1030 2676 (a)
1056 2640 1064 2665 :
1087 2639 1175 2665 ecce
1197 2628 1353 2675 adjutor

320 2695 498 2739 respectu
516 2692 603 2728 vitae
623 2692 770 2739 gloriae.

640 2798 825 2833 Articulus
850 2797 1037 2833 secundus.

371 2879 593 2917 Secundum
625 2880 865 2927 designatur,
893 2891 983 2917 cum
1015 2878 1156 2916 dicitur
1177 2891 1185 2915 :
1207 2880 1252 2915 Et
1276 2889 1352 2915 sus-

325 2946 442 2988 ceptor
460 2952 556 2977 meus
582 2952 615 2978 es
649 2946 702 2977 tu.
737 2942 840 2978 Sicut
867 2942 972 2978 enim
991 2943 1172 2989 peccator
1202 2944 1257 2977 est
1289 2941 1352 2977 Dei

326 3003 496 3048 debitor,
517 3003 570 3039 sic
594 3005 693 3039 Deus
713 3007 770 3039 est
799 3003 940 3040 debitae
968 3003 1239 3040 satisfactionis
1271 3014 1354 3039 sus—

327 3069 473 3113 ceptor.
497 3067 539 3101 Et
564 3068 680 3110 nota,
703 3065 813 3112 quod
841 3065 1026 3101 Dominus
1051 3065 1210 3112 suscipit
1234 3075 1355 3112 opera

326 3128 600 3173 satisfactoria,
623 3127 672 3163 de
697 3129 847 3172 mente,
871 3126 918 3162 de
941 3137 1056 3163 carne
1071 3155 1083 3172 ‚
1104 3127 1152 3163 de
1174 3128 1353 3165 substan-

327 3191 400 3226 tia:
422 3189 671 3238 suscipiendo
686 3189 733 3226 de
746 3192 874 3225 mente
884 3188 1079 3225 orationes=
1097 3189 1354 3236 lacrymosas,-

328 3254 376 3290 de
397 3264 532 3300 carne,
555 3252 802 3299 disciplinas3
837 3252 886 3289 de
907 3252 1126 3289 substantia
1140 3281 1152 3298 ,
1184 3254 1353 3291 eleemo-

328 3326 458 3363 synas.
491 3318 542 3352 De
561 3315 688 3363 primo
724 3314 883 3362 psalmit
917 3315 1109 3363 Propheta
1128 3316 1140 3336 ⁵
1159 3327 1166 3351 :
1187 3327 1204 3349 α
1225 3317 1353 3354 Oratio

372 3416 378 3432 ¹
400 3414 514 3455 Dion.,
534 3413 576 3445 de
597 3413 676 3446 Coel.
704 3414 811 3454 Hier„
841 3422 870 3445 c.
898 3421 932 3445 x.
954 3431 994 3437 —
1009 3414 1023 3435 ²
1043 3413 1132 3445 Peal.
1162 3421 1218 3446 Lx1
1233 3439 1240 3453 ‚
1259 3415 1290 3445 7.
1316 3431 1355 3438 —

329 3459 343 3481 ²
362 3459 448 3491 Psal.
467 3467 543 3499 XLV,
567 3461 598 3491 2.
619 3477 660 3483 —
678 3461 691 3482 ⁸
710 3459 797 3492 Psal.
822 3467 922 3501 cxm,
946 3462 976 3490 ὅ.
1004 3477 1042 3483 -
1070 3461 1079 3478 ‘²
1096 3460 1185 3492 Psal.
1212 3468 1282 3501 xm,
1305 3464 1353 3492 10.

329 3524 369 3530 —
394 3507 405 3525 ⁶
430 3507 521 3538 Psul.
549 3515 652 3548 mn,
675 3509 724 3540 17.
753 3524 793 3531 —
825 3509 833 3523 '¹
858 3507 948 3539 Psal.
981 3515 1059 3546 va,
1094 3510 1139 3539 Η.
1168 3526 1203 3531 -
1229 3508 1242 3529 ⁸
1262 3508 1353 3540 Psal.

1019 232 1288 274 Ext‘uSlTlo
1318 232 1367 273 ΙΝ
1402 232 1752 275 PSALTERtUM.

1427 325 1502 360 Deo
1531 324 1617 360 vita}
1649 335 1771 361 meae:
1795 323 1923 361 dicam
1956 324 2033 359 Deo
2065 333 2073 358 z
2105 323 2308 372 susceptor
2339 335 2449 362 meus

1426 396 1466 422 es
1495 398 1502 421 :
1528 398 1545 418 n
1579 396 1668 422 ecce
1699 389 1898 434 susceptor
1929 384 2166 422 orationum.
2197 386 2248 421 De
2275 386 2449 423 seeundo

1426 446 1519 483 dicit
1553 447 1880 495 Psalmograpbus
1898 448 1912 470 ὅ
1931 459 1944 484 .·
1975 460 1991 482 «
2014 448 2150 484 Factus
2181 457 2221 484 es
2251 451 2451 495 susceptor

1426 521 1555 557 meuS‚
1577 514 1614 548 ct
1633 511 1829 558 refugium
1860 522 1994 548 mcum
2025 510 2063 546 in
2097 510 2160 546 die
2188 509 2451 547 tribulationis

1426 583 1522 609 meae
1537 602 1548 617 ,
1565 587 1581 606 »
1606 573 1647 609 id
1668 577 1744 619 est,
1768 573 1983 620 disciplinae
2003 571 2270 618 rationabilis,
2299 572 2348 608 de
2374 582 2453 620 qua

1425 632 1600 681 loquitur
1619 635 1657 670 in
1680 635 1757 671 alio
1778 635 1866 671 loco
1887 637 1899 657 ⁷
1919 647 1927 670 :
1955 649 1970 668 α
1991 634 2152 671 Posuisti
2183 633 2453 671 tribulationes

1426 695 1465 731 in
1485 695 1602 732 dorso
1616 698 1750 733 nostro
1765 708 1773 733 ;
1790 710 1807 731 »
1825 706 1912 733 ecce
1930 699 2129 744 susceptor
2142 695 2448 744 disciplinarum.

1428 761 1476 794 De
1495 758 1606 795 tertio
1625 760 1637 781 Β
1654 772 1661 795 ;
1683 759 1794 796 «Tibi
1816 759 2003 807 psallam,
2025 759 2117 807 quia
2135 761 2233 796 Deus
2252 760 2453 807 susceptor

1426 831 1538 857 meus
1559 832 1599 857 es
1617 834 1625 858 :
1646 823 1742 858 Deus
1757 821 2026 858 misericordia
2046 832 2146 868 mea,
2157 834 2174 855 u
2196 821 2237 857 id
2254 823 2453 867 est,causa

1427 882 1704 920 misericordiae
1728 883 1767 920 in
1798 884 2026 930 erogatione
2050 884 2310 931 eleemosynae
2332 894 2339 919 :
2363 892 2452 920 ecce

1427 947 1627 992 susceptor
1647 945 2001 994 eleemosynarum.

1758 1051 1945 1086 Articulus
1972 1052 2113 1086 tertius.

1473 1132 1641 1169 Tertium
1662 1132 1894 1179 assignatur,
1926 1143 2016 1169 cum
2048 1132 2189 1169 dicitur
2210 1144 2218 1169 :
2241 1134 2286 1169 Et
2313 1134 2353 1168 in
2378 1142 2455 1169 ver-

1428 1195 1508 1230 bum
1528 1198 1642 1231 tuum.
1670 1194 1790 1238 Quale
1812 1194 2007 1232 verbum?
2036 1197 2120 1232 Non
2145 1194 2454 1242 praeceptivum,

1426 1267 1507 1293 non
1540 1255 1824 1304 prohibitivum
1844 1284 1856 1302 ‚
1887 1267 1967 1293 non
2002 1256 2350 1304 comminativum3
2384 1256 2454 1293 sed

1425 1319 1723 1366 promissivum,
1746 1322 1782 1355 et
1807 1318 1898 1355 ideo
1917 1319 2085 1356 verbum
2105 1319 2259 1355 bonum
2284 1318 2336 1356 ad
2355 1329 2454 1367 pen-

1426 1381 1620 1427 sandum,
1658 1381 1710 1418 ad
1737 1381 1975 1428 gustandum
1991 1409 2002 1427 ,
2030 1381 2081 1418 ad
2106 1380 2414 1429 praestolandum
2443 1392 2452 1417 :

1427 1444 1520 1490 quia
1540 1443 1788 1491 pensantinm
1808 1443 2051 1481 attractivum
2062 1456 2073 1490 3
2100 1443 2338 1490 gustantium
2358 1452 2453 1491 pro-

1428 1506 1633 1542 tractivum
1652 1519 1661 1552 ;
1714 1506 2022 1553 praestolantium
2067 1505 2358 1553 pertractivum.
2405 1506 2454 1541 De

1426 1568 1556 1616 primo
1575 1568 1755 1605 scribitur
1772 1569 1812 1605 ⁹:
1838 1582 1856 1602 «-
1877 1568 2070 1606 Eructavit
2105 1578 2174 1604 cor
2204 1577 2338 1604 meum
2373 1576 2454 1604 ver-

1425 1632 1523 1667 bum
1544 1631 1696 1668 bonum
1715 1643 1723 1667 :
1743 1644 1760 1665 »
1785 1641 1874 1667 ecce
1902 1630 2011 1667 verbi
2041 1629 2192 1678 pensati
2218 1629 2374 1666 bonitas
2399 1630 2455 1666 at-

1427 1693 1600 1729 tractiva.
1627 1695 1677 1729 De
1695 1692 1870 1729 secundo
1885 1692 1911 1714 ¹⁰
1931 1705 1939 1728 :
1957 1694 2241 1729 «Gustaverunt
2258 1690 2456 1728 nihilomi-

1426 1766 1499 1791 nus
1519 1755 1667 1791 bonum
1690 1755 1755 1791 Dei
1790 1754 1957 1791 verbum
1979 1766 1987 1790 ε
2008 1768 2024 1788 »
2051 1764 2140 1791 ecce
2168 1753 2280 1790 verbi
2315 1752 2456 1800 gustati

1426 1816 1582 1853 bonitas
1605 1817 1855 1865 protractiva.
1893 1819 1944 1854 De
1975 1816 2086 1853 tertio
2120 1818 2176 1852 ¹¹:
2216 1814 2454 1852 «Suscitabo

1426 1890 1543 1927 super
1563 1890 1633 1916 vos
1662 1880 1826 1916 verbum
1848 1889 1981 1915 meum
2010 1879 2184 1924 bonum,
2206 1879 2249 1914 ut
2267 1876 2456 1914 reducam

1426 1953 1497 1978 vos
1517 1942 1569 1978 ad
1589 1942 1722 1979 locum
1742 1942 1857 1978 istum
1873 1970 1885 1987 ‚
1906 1955 1924 1977 ι)
1947 1941 2167 1978 secundum
2190 1939 2456 1987 anagogicum

1426 2005 1665 2043 intellectum
1688 2017 1696 2041 x
1719 2015 1807 2042 ecce
1828 2005 1939 2042 verbi
1965 2003 2174 2053 praestolati
2194 2002 2350 2041 bonitas
2367 2012 2456 2050 per·

1427 2068 1599 2105 tractiva.

1758 2116 1943 2152 Articuzus
1961 2116 2123 2162 quartus.

1474 2193 1662 2236 Quartum
1684 2192 1950 2239 consignatur,
1971 2203 2062 2228 cum
2089 2189 2343 2228 incontinenti
2365 2200 2457 2227 con-

1426 2255 1590 2291 nectitur
1613 2267 1620 2291 :
1644 2256 1915 2302 Supcrsperavi.
1951 2254 2244 2303 Supersperatio
2273 2253 2346 2290 ista
2375 2262 2456 2289 non

1427 2320 1483 2353 est
1507 2319 1684 2363 mortua,
1718 2317 1787 2353 sed
1811 2317 1921 2364 viva3
1952 2327 2025 2353 nec
2055 2315 2260 2362 informis,
2281 2314 2351 2351 sed
2377 2314 2456 2351 for-

1427 2383 1531 2418 mata
1544 2409 1555 2426 ,
1577 2380 1671 2428 quia
1690 2380 1869 2427 procedit
1886 2390 1932 2416 ex
1950 2378 2073 2425 gratia
2090 2377 2309 2426 praemissa.
2326 2379 2370 2414 Et
2387 2386 2458 2413 no·

1426 2444 1490 2487 ta,
1516 2442 1624 2490 quod
1652 2442 1701 2479 de
1731 2442 1856 2478 tribus
1882 2441 2078 2489 praecipue
2109 2439 2300 2487 contingit
2324 2449 2459 2487 snper-

1426 2515 1605 2552 sperare,
1634 2504 1818 2541 videlicet
1844 2504 1894 2540 de
1923 2503 2104 2550 veritate,
2133 2502 2182 2539 de
2208 2502 2375 2548 virtute,
2409 2500 2458 2537 de

1427 2567 1549 2603 salute
1557 2579 1568 2613 3
1594 2566 1662 2604 sed
1682 2566 1801 2603 satius
1830 2569 1886 2603 est
1914 2575 2190 2613 supersperare
2210 2562 2458 2602 rationabili-

1428 2631 1483 2666 ter
1509 2630 1558 2666 de
1578 2629 1761 2675 veritate,
1782 2628 1943 2665 viriliter
1964 2627 2013 2664 de
2033 2627 2176 2664 virtute
2189 2655 2201 2674 ,
2230 2636 2352 2675 quam
2371 2625 2458 2662 ina-

1426 2692 1526 2728 niter
1547 2691 1596 2728 de
1617 2691 1754 2728 salute.
1777 2692 1906 2727 Prima
1925 2688 2213 2738 supersperatio
2233 2689 2390 2726 notatur
2409 2687 2457 2724 ¹²:

1431 2767 1448 2788 «
1467 2754 1540 2798 Qui
1568 2754 1704 2791 timent
1721 2756 1779 2799 te,
1799 2767 1818 2789 »
1849 2755 1919 2790 etc.
1939 2752 2118 2790 Secunda
2145 2751 2378 2788 subnotatur
2397 2751 2427 2773 ¹³
2448 2761 2458 2785 :

1431 2830 1449 2850 ει
1469 2816 1639 2853 Praeveni
1659 2816 1700 2852 in
1719 2816 1960 2860 maturitate,
1983 2816 2053 2851 etc.
2072 2827 2089 2847 n
2112 2812 2236 2850 Tertia
2254 2811 2461 2849 denotatur

1427 2878 1584 2926 supra¹'⁴
1607 2891 1614 2914 :
1641 2878 1811 2915 «Defecit
1830 2878 1870 2914 in
1890 2877 2059 2915 salutare
2079 2878 2204 2923 tuum,
2224 2887 2243 2911 »
2266 2877 2336 2912 etc.

1861 2984 2030 3026 Epilogus.

1476 3068 1610 3116 Liquet
1629 3067 1761 3115 itaque
1785 3077 1863 3103 vox
1884 3066 2096 3103 psalmistae
2116 3074 2233 3112 super
2251 3062 2459 3112 perfectio-

1428 3131 1487 3166 nis
1507 3129 1738 3167 adversione
1762 3141 1769 3165 :
1793 3129 1845 3166 ait
1866 3128 1971 3165 enim
1991 3127 2272 3175 perfectissimo
2287 3154 2298 3173 ,
2321 3128 2358 3162 et
2377 3135 2460 3163 om-

1429 3193 1488 3228 nis
1522 3191 1771 3240 perfectionis
1798 3191 1992 3240 principio
2021 3203 2029 3226 ε
2060 3191 2235 3237 ΑᾰᾸῑιτον,
2267 3190 2459 3237 quantum

1431 3255 1482 3292 ad
1510 3258 1664 3302 tempus
1690 3254 1778 3291 vitae
1806 3253 2053 3299 transitoriae,
2084 3251 2195 3300 quod
2230 3248 2435 3288 committit
2445 3260 2456 3295 3

1429 3319 1476 3354 Et
1505 3321 1687 3364 susceptor
1717 3327 1814 3353 meus
1845 3327 1879 3353 es
1913 3319 1951 3352 tu
1971 3343 1984 3362 ,
2014 3316 2208 3364 quantum
2235 3311 2287 3349 ad
2312 3310 2460 3347 fructus

1430 3423 1535 3456 Lvm,
1564 3416 1614 3447 18.
1641 3431 1683 3438 —
1709 3416 1721 3434 ⁹
1745 3415 1836 3447 Psal.
1865 3420 1966 3454 xmv,
1989 3415 2022 3445 2.
2046 3429 2088 3436 —
2112 3412 2138 3433 ¹⁰
2154 3409 2267 3451 Helm,
2295 3417 2346 3451 vi,
2367 3411 2399 3441 5.
2420 3426 2456 3433 —-

1433 3463 1453 3483 ¹¹
1475 3463 1609 3502 λεν-εφη,
1638 3470 1741 3503 xxix,
1765 3464 1814 3494 10.
1837 3479 1877 3486 —
1905 3460 1927 3479 ¹²
1946 3459 2038 3492 Psal.
2064 3459 2148 3500 hoc,
2174 3459 2227 3490 74.
2245 3475 2286 3481 —
2314 3456 2458 3498 ¹³1bid.,

1434 3511 1501 3541 147.
1523 3527 1561 3533 —
1589 3510 1612 3532 ¹¹·
1631 3510 1730 3551 ibid„
1753 3511 1804 3541 81.
1821 3525 1861 3532 -
1876 3509 1920 3549 (a)
1936 3507 2031 3542 Edit.
2046 3507 2122 3539 Ven-
2136 3505 2337 3540 defectione.
