2633 3878
124 882 221 909 Beati-

82 922 152 949 tudo
160 931 222 957 per-

101 964 204 991 sectiva

101 1004 204 1040 tripar-

102 1045 165 1074 tita.

1099 159 1338 201 PSALMUS
1368 161 1541 203 CXVIII.

243 251 354 289 ribus
374 251 614 298 dogmatizat
639 248 971 296 psalmographus
996 258 1068 295 per
1087 248 1171 285 haec
1194 257 1282 285 ver-

243 313 323 351 ba:
353 314 471 351 Beati.
496 313 563 349 Hic
582 314 764 356 notatur,
784 321 864 359 quo
884 309 1070 356 tendant,
1096 311 1139 347 ut
1164 309 1282 357 perfi-

244 374 410 412 ciantur.
438 376 671 412 Immaculati
696 376 736 410 in
765 376 840 410 via.
873 372 940 409 Hic
965 373 1143 417 notatur,
1177 381 1280 418 quo-

243 437 367 474 modo
401 437 576 482 tendant,
616 446 666 473 ne
698 434 936 472 inficiantur.
968 435 1040 478 Qui
1083 434 1278 470 ambulant.

242 499 309 536 Hic
337 501 508 544 notatur,
538 498 570 534 si
598 497 772 542 tendant,
800 498 843 532 ut
873 495 1112 532 reficiantur.
1140 497 1184 532 In
1209 497 1282 541 leqe

243 563 403 598 Domini.
432 561 497 598 Hic
524 562 706 605 notatur,
728 569 809 606 qua
834 558 1024 604 tendant,
1050 568 1100 595 ne
1131 557 1279 595 interfi-

249 623 414 661 ciantur.

577 669 766 705 Articulus
794 670 945 715 prae'mus.

291 750 440 784 Docens
460 756 554 793 ergo
575 745 765 791 viatores,
789 756 870 793 quo
891 746 1075 791 tendant,
1096 746 1138 781 ut
1161 744 1279 792 perfi-

242 811 414 855 ciantur,
438 809 531 846 dicit
557 821 566 846 ;
588 810 704 845 Beati.
726 808 786 845 Ad
804 808 881 845 hoc
901 807 1006 844 enim
1028 807 1174 844 debent
1197 810 1280 844 ten-

242 872 356 918 dere,
378 874 421 908 ut
440 871 515 908 sint
532 870 650 908 beati.
674 872 736 907 Est
757 871 889 907 autem
906 869 1111 907 beatitudo
1132 869 1280 917 perfec-

241 934 339 981 tiva,
363 934 445 970 sive
467 943 623 970 summa
649 932 836 980 perfecti0
862 931 1047 969 beatifica
1074 931 1281 978 tripartita,

240 996 424 1034 videlicet
442 996 558 1041 visio,
578 995 712 1040 tentio,
728 994 859 1031 fruitio
872 993 1066 1030 Trinitatis
1085 993 1277 1031 increatae.

240 1058 332 1103 Quae
357 1060 448 1095 sunt
478 1057 700 1105 perfectivae
724 1056 905 1093 trinitatis
933 1059 1071 1093 creatae
1087 1085 1099 1103 ,
1120 1059 1162 1093 ut
1185 1058 1281 1104 puta

240 1120 456 1165 memoriae,
478 1119 758 1167 intelligentiae,
782 1120 819 1156 et
841 1118 1056 1156 voluntatis
1078 1130 1086 1154 :
1110 1128 1280 1166 quarum

239 1182 369 1230 prima
399 1184 454 1219 est
486 1192 637 1219 merces
666 1181 786 1227 fidei,
821 1180 996 1218 secunda
1027 1180 1136 1228 spei,
1168 1180 1280 1218 tertia

240 1243 449 1281 charitatis.
472 1246 522 1280 De
540 1243 671 1292 prima
687 1243 928 1280 beatitudine
944 1242 1169 1290 perfectiva,
1191 1253 1280 1290 quae

240 1305 383 1343 dicitur
401 1305 501 1342 visio
515 1334 525 1352 ,
546 1305 762 1352 figuraliter
783 1305 925 1343 dicitur
944 1304 956 1327 ¹
980 1317 988 1342 :
1016 1318 1033 1339 α
1051 1304 1157 1342 Beati
1175 1304 1279 1342 servi

239 1368 310 1414 tui,
328 1368 421 1406 ethi
438 1368 506 1415 qui
527 1367 708 1405 assistunt
725 1378 860 1405 coram
873 1369 910 1404 te
931 1366 1039 1404 omni
1053 1368 1275 1414 tempore.»

240 1432 290 1468 De
313 1430 501 1476 secunda,
524 1441 611 1477 quae
632 1430 773 1467 dicitur
791 1429 927 1475 tentio,
947 1429 1090 1476 legitur
1104 1429 1117 1450 2
1137 1441 1145 1466 ε
1169 1441 1187 1464 «
1206 1429 1279 1474 Qui

239 1492 406 1530 tenuerit
426 1503 537 1536 eam,
569 1505 587 1525 ›>
617 1492 762 1528 scilicet
787 1491 1021 1539 sapientiam
1048 1491 1276 1538 increatam,

243 1568 261 1588 «
276 1554 427 1590 beatus.
440 1567 458 1585 ³>
473 1555 523 1589 De
542 1553 669 1598 tertia,
686 1564 774 1600 quae
788 1553 1082 1599 diciturfruitio,
1097 1554 1161 1591 vel
1170 1565 1279 1591 ama·

236 1615 328 1652 bilis
347 1615 536 1660 adhaesio,
553 1615 736 1651 scribitur
752 1615 792 1651 in
815 1616 937 1661 Tobz'a,
953 1615 1024 1652 ubi
1038 1615 1214 1662 loquitur
1229 1615 1277 1652 de

237 1676 382 1714 coelesti
413 1677 591 1723 civitate,
623 1677 705 1713 sive
738 1676 946 1723 felicitate,
977 1677 1073 1724 quia
1110 1677 1278 1714 coelestis

237 1739 371 1776 civitas
390 1739 489 1775 nihil
507 1739 616 1776 aliud
636 1742 714 1786 est,
736 1750 858 1786 quam
877 1738 1042 1776 felicitas
1062 1740 1076 1761 3
1098 1751 1106 1775 ;
1134 1751 1152 1772 «
1173 1739 1277 1776 Beati

238 1811 377 1838 omnes
409 1801 479 1848 qui
508 1800 677 1847 diligunt
701 1803 756 1847 te,
786 1804 822 1838 et
857 1800 926 1848 qui
952 1800 1125 1847 gaudent
1159 1812 1278 1849 super

234 1874 332 1911 pace
351 1866 429 1900 tua.
451 1876 469 1898 >³
488 1863 646 1900 Dilect10
667 1863 834 1910 pertinet
848 1863 900 1900 ad
919 1862 1174 1909 fruitionem5
1196 1875 1275 1912 pax

236 1929 368 1964 autem
388 1926 440 1964 ad
454 1927 649 1975 appetitus
669 1926 1067 1964 consummationem.

551 2032 741 2068 Articulus
760 2031 947 2067 secundus.

283 2114 463 2152 Secundo
485 2113 633 2152 docens
651 2113 823 2150 viatores
847 2124 926 2160 quo
948 2113 1071 2150 modo
1093 2113 1274 2160 tendant,

233 2187 283 2214 ne
316 2176 568 2222 inficiantur,
601 2175 735 2212 subdit
762 2187 770 2212 :
798 2177 1043 2212 Immaculatz'.
1075 2175 1135 2212 Sic
1167 2176 1274 2213 enim

236 2239 354 2277 debet
372 2240 499 2277 viator
518 2238 693 2284 tendere,
714 2240 757 2275 ut
777 2238 825 2275 sit
841 2238 1117 2276 immaculatus
1138 2239 1271 2286 cordo,

234 2312 323 2348 ore,
344 2304 381 2339 et
401 2312 534 2349 opere.
558 2303 609 2337 De
634 2311 807 2349 quorum
833 2300 964 2348 primo
986 2300 1128 2338 dicitur
1148 2301 1272 2347 infra,

165 2380 171 2384 ·
233 2374 319 2411 cap.
343 2366 362 2400 6
385 2375 394 2400 :
422 2365 506 2400 Fiat
529 2374 587 2400 cor
610 2374 724 2399 meum
748 2365 1024 2399 immaculatum
1041 2365 1100 2409 in,
1124 2367 1194 2400 etc.
1220 2366 1273 2402 De

232 2425 408 2462 secundo
422 2426 435 2447 ¹·
454 2437 462 2462 :
487 2439 504 2460 «
524 2425 648 2472 Elegit
667 2436 740 2461 nos
760 2427 849 2461 ante
868 2425 1008 2462 mundi
1029 2426 1274 2464 constitutio-

232 2497 344 2534 nem,
368 2490 411 2524 ut
430 2498 603 2524 essemus
634 2487 755 2525 sancti
775 2489 812 2524 et
831 2487 1073 2525 immaculati
1093 2488 1145 2536 in·
1159 2499 1271 2525 cons-

233 2553 347 2599 pectu
374 2550 472 2597 ejus.
500 2564 518 2585 ³)
545 2552 704 2588 Sanctos
731 2550 824 2588 dicit
854 2554 1046 2599 quantum
1078 2553 1131 2589 ad
1157 2553 1271 2590 affec-

233 2616 336 2658 tum;
354 2613 643 2661 immaculatos,
666 2616 859 2661 quantum
879 2614 931 2651 ad
950 2614 1112 2652 affatum
1134 2615 1198 2663 (a).
1221 2617 1271 2652 Dc

234 2676 345 2713 tertio
366 2677 379 2697 ⁵
405 2687 414 2711 ε
452 2689 470 2710 α
498 2675 664 2723 Satagitc
686 2675 951 2723 immaculati,
977 2678 1014 2712 et
1038 2676 1218 2714 inviolati
1237 2678 1272 2714 ei

233 2738 427 2775 inveniri:
448 2752 466 2774 »
487 2739 600 2786 quasi
620 2738 746 2774 dicat:
770 2738 1014 2775 immaculati
1033 2740 1216 2786 exterius,
1236 2743 1273 2778 et

233 2801 411 2838 inviolati
431 2800 607 2838 interius.
630 2800 736 2837 Unde
759 2800 870 2848 quod
889 2800 1070 2838 subditur
1090 2815 1101 2838 ε
1122 2804 1167 2838 ln
1188 2805 1271 2848 υία,

233 2862 462 2909 intelligitur
480 2865 561 2899 tam
577 2862 626 2899 de
646 2862 712 2899 via
729 2862 924 2909 exteriori,
942 2874 1065 2910 quam
1077 2863 1253 2902 interiori
1259 2878 1270 2913 3

234 2936 404 2973 quarum
437 2925 547 2973 prior
574 2925 741 2973 pertinet
772 2925 824 2962 ad
864 2925 1070 2963 hominem
1101 2928 1270 2965 exterio-

232 2998 317 3024 rem
331 3014 344 3032 ,
364 2988 558 3034 posterior
592 2988 644 3024 ad
673 2987 897 3024 interiorem
918 2999 926 3024 z
957 2987 1005 3025 de
1027 2989 1172 3036 quibus
1197 2991 1270 3028 viis

234 3049 334 3086 illud
366 3049 642 3097 propheticum
667 3052 795 3098 potest
831 3050 998 3098 intelligi
1033 3051 1046 3073 Β
1079 3063 1088 3088 :
1128 3064 1147 3087 «
1182 3053 1270 3092 Vias

233 3113 339 3158 tuas,
361 3112 548 3158 Domine,
569 3112 798 3152 demonstra
816 3112 927 3149 mihi.
949 3125 967 3147 ιο

578 3220 761 3256 Articulus
790 3220 929 3255 tertias.

278 3300 428 3348 Tertio,
449 3300 597 3341 doeens
616 3301 815 3340 attendere
843 3301 875 3338 si
902 3301 1085 3349 tendant,
1116 3305 1159 3341 ut
1176 3305 1267 3342 refi-

276 3387 284 3404 ¹
305 3387 333 3419 ΙΙ
353 3386 522 3428 Ραναίίρ.,
549 3394 604 3426 lx,
628 3387 658 3419 7.
679 3403 721 3410 —
746 3386 761 3407 ²
780 3386 895 3424 Prov„
921 3393 974 3426 111,
1003 3388 1052 3420 18.
1078 3403 1120 3412 ·-—
1145 3388 1156 3407 ³
1178 3388 1268 3429 Tob.,

233 3435 391 3475 x111,18.
413 3451 452 3459 —
477 3434 492 3456 ¹·
513 3433 649 3475 Ephes„
670 3441 700 3473 1,
726 3434 755 3466 4.
777 3450 817 3456 —
845 3433 858 3455 ⁵
886 3433 909 3464 11
940 3433 1044 3475 1¹e!›·.‚
1072 3441 1129 3475 111,
1157 3438 1205 3468 Μ.
1231 3454 1264 3460 -

2313 178 2390 215 319

1358 250 1532 298 ciantur,
1561 250 1674 288 addit
1695 262 1703 287 :
1739 253 1809 296 Qui
1839 255 2053 293 ambulant:
2077 268 2160 297 non
2184 270 2305 308 supra
2329 274 2390 311 se,

1356 311 1455 348 sicut
1473 311 1692 359 ambitiosi3
1715 323 1797 350 non
1822 315 1923 352 circa
1942 328 2003 363 se,
2023 318 2123 357 sicut
2140 321 2391 372 voluptuosi3

1354 383 1437 409 non
1457 373 1560 410 infra
1579 384 1640 418 se,
1661 374 1759 412 sicut
1779 377 1919 414 curiosi
1930 391 1940 424 ς
1963 379 2031 416 sed
2052 391 2185 420 coram
2205 395 2245 421 se
2258 413 2268 430 ,
2294 385 2393 424 sicut

1354 434 1533 472 virtuosi.
1554 436 1670 473 PrImi
1694 438 1859 474 tendunt
1878 443 1967 486 post
1987 443 2211 490 vanitatem,
2234 446 2284 484 de
2305 448 2390 495 qui—

1354 497 1430 534 bus
1449 499 1463 520 ⁷
1486 510 1494 534 :
1522 511 1540 533 «
1559 498 1872 537 Ambulaverunt
1891 506 1980 549 post
1996 505 2224 554 vanitatem,
2246 512 2281 546 et
2300 512 2390 548 vani

1353 558 1444 595 facti
1465 564 1555 597 sunt
1574 573 1582 597 ε
1598 575 1615 595 »
1643 572 1815 608 quorum
1835 563 2009 610 primum
2030 567 2194 612 pertinet
2209 571 2260 606 ad
2279 572 2392 609 affcc-

1354 623 1460 667 tum,
1483 623 1703 660 secundum
1725 624 1777 660 ad
1805 624 2000 663 effectum.
2033 629 2201 666 Secundi
2227 634 2393 672 tendunt

1353 685 1443 730 post
1470 683 1716 732 voluptatem
1732 714 1744 731 ,
1766 685 1810 723 de
1839 687 1985 734 quibus
2011 689 2052 726 ⁸:
2078 704 2096 725 «
2121 694 2209 729 Post
2234 705 2393 733 carnem

1354 745 1396 782 in
1416 747 1736 794 concupiscentia
1757 747 2017 788 immunditiae
2037 753 2257 802 ambulant,
2281 756 2392 794 dam-

1355 809 1637 857 nationemque
1673 813 1956 851 contemnunt:
1977 828 1996 849 »
2029 827 2199 863 quorum
2219 819 2392 866 primum

1352 869 1518 908 refertur
1545 871 1598 909 ad
1618 876 1752 910 actum
1780 876 2139 924 praevaricationis,
2172 881 2391 918 secundum

1352 933 1405 970 ad
1442 935 1713 982 contemptum
1757 938 2027 985 correptionis.
2070 941 2183 977 Tertii
2225 943 2392 980 tendunt

1352 997 1442 1042 post
1460 996 1715 1043 vacuitatem,
1737 1008 1807 1035 seu
1834 1001 2110 1047 temporalium
2139 1005 2391 1050 supervacui-

1353 1059 1496 1104 tatem,
1518 1059 1568 1095 de
1596 1059 1742 1106 quibus
1756 1061 1769 1082 ⁹
1789 1072 1798 1097 ε
1824 1074 1842 1095 «
1863 1062 2187 1101 Ambulabuntin
2206 1077 2390 1112 vacuum,

1353 1122 1391 1157 et
1423 1121 1633 1168 peribunt:
1669 1136 1686 1157 »
1729 1134 1903 1171 quorum
1934 1125 2109 1172 primum
2140 1128 2306 1174 pertinet
2339 1130 2391 1166 ad

1354 1182 1534 1230 eulpam,
1570 1185 1791 1222 seeundum
1824 1186 1877 1224 ad
1907 1198 2083 1234 poenam.
2119 1189 2293 1238 Ideoque
2323 1192 2391 1239 qui

1353 1245 1561 1283 ambulant
1575 1257 1696 1294 supra
1715 1258 1773 1293 se,
1792 1258 1862 1285 seu
1880 1249 2087 1288 ambitiose
2097 1264 2109 1299 3
2127 1252 2192 1290 vel
2211 1253 2315 1291 circa
2334 1265 2388 1301 se,

1352 1307 1429 1346 hoc
1449 1312 1505 1347 est
1522 1310 1779 1359 voluptuose3
1801 1311 1866 1349 vel
1885 1312 1986 1351 infra
1999 1325 2056 1360 se,
2071 1314 2113 1352 id
2134 1318 2202 1362 est,
2223 1316 2388 1364 curiose,

1352 1380 1434 1408 non
1463 1372 1713 1419 reficiuntur,
1744 1374 1838 1421 quia
1868 1385 1950 1412 non
1976 1376 2189 1423 proficiunt
2219 1379 2280 1425 (b).
2313 1379 2390 1417 Sed

1353 1433 1423 1480 qui
1451 1434 1657 1473 ambulant
1683 1446 1819 1473 coram
1844 1447 1885 1473 se
1899 1465 1911 1483 ,
1931 1437 2005 1474 soli
2025 1439 2275 1486 reficiuntur,
2297 1441 2391 1488 quia

1353 1495 1426 1532 soli
1445 1496 1622 1541 ulterius,
1640 1497 1704 1534 vel
1725 1498 1896 1535 anterius
1916 1500 2234 1547 progrediuntur.
2257 1502 2300 1539 Hi
2321 1503 2389 1539 de-

1352 1560 1539 1595 notantur
1570 1559 1610 1595 in
1635 1559 1712 1595 illis
1739 1560 2003 1609 animalibus,
2037 1562 2086 1600 de
2115 1564 2260 1611 quibus
2290 1564 2388 1611 legi-

1352 1629 1441 1656 mus
1472 1621 1498 1641 ¹⁰
1529 1632 1537 1657 :
1564 1622 1922 1671 «Unumquodque
1954 1634 2094 1662 eorum
2127 1636 2262 1664 coram
2292 1626 2389 1664 facie

1354 1692 1427 1719 sua
1444 1682 1691 1721 ambulabat.
1714 1697 1732 1719 υ

1687 1789 1876 1826 Articulus
1896 1795 2060 1838 quartus.

1401 1870 1562 1917 Quarto,
1580 1870 1728 1909 docens
1746 1884 1826 1920 qua
1841 1874 2014 1922 tendant,
2029 1886 2078 1912 ne
2091 1875 2387 1927 interficiantur,

1351 1932 1616 1978 superaddit:
1646 1936 1689 1971 In
1720 1936 1794 1982 que
1829 1939 2000 1984 Domini,
2032 1939 2127 1986 quia
2158 1950 2296 1978 revera
2323 1941 2388 1978 lex

1351 1992 1553 2033 dominica
1574 1997 1629 2032 est
1656 1996 1721 2033 via
1746 2007 1828 2034 non
1850 1999 2065 2044 guerrifera
2075 2027 2088 2046 ,
2109 2002 2179 2038 sed
2198 2003 2384 2050 pacifica3

1350 2055 1458 2093 unde
1497 2057 1694 2105 Propheta
1714 2059 1741 2082 ¹²
1776 2072 1785 2096 ε
1821 2072 1839 2094 «
1857 2063 1936 2098 Pax
1969 2062 2094 2100 multa
2132 2064 2387 2112 diligentibus

1350 2116 1481 2164 legem
1501 2121 1608 2156 tuam
1626 2133 1637 2167 3
1659 2134 1677 2155 »
1700 2131 1782 2158 non
1801 2123 2008 2170 mortifica,
2029 2125 2099 2162 sed
2117 2126 2293 2174 vivifica,
2316 2139 2388 2165 un-

1350 2178 1399 2216 de
1421 2178 1449 2200 ¹²
1473 2193 1480 2215 :
1508 2194 1526 2215 «
1546 2183 1621 2218 Lex
1642 2183 1841 2230 sapientis,
1861 2184 1949 2222 fons
1970 2186 2071 2234 vitae3
2094 2202 2110 2220 »
2134 2198 2217 2225 non
2236 2189 2389 2226 damni-

1348 2240 1446 2286 fica,
1481 2243 1552 2280 sed
1585 2244 1790 2292 beatifica,
1823 2247 1930 2284 unde
1948 2249 1975 2277 1⁵³
2015 2261 2023 2286 :
2067 2261 2085 2284 «
2111 2251 2183 2294 Qui
2221 2252 2389 2289 custodit

1348 2303 1502 2354 legem,
1522 2306 1661 2345 beatus
1684 2311 1739 2346 est
1751 2337 1763 2355 ,
1786 2323 1803 2345 »
1820 2310 1862 2348 in
1880 2322 1965 2359 spe,
1983 2323 2065 2350 non
2083 2313 2125 2351 in
2143 2324 2198 2351 re.

1781 2418 1956 2460 Epilogus.

1395 2494 1502 2530 Beati
1525 2505 1620 2542 ergo
1643 2499 1746 2542 sunt,
1775 2499 2015 2537 attendendo
2037 2511 2116 2548 quo
2141 2501 2318 2548 tendunt,
2344 2506 2386 2540 ut

1347 2554 1601 2601 perficiantur
1634 2569 1643 2594 ε
1678 2560 1909 2597 Immaculata·
1942 2565 1982 2598 in
2015 2565 2106 2605 via,-
2143 2564 2384 2602 attendendo

1348 2627 1428 2664 quo
1449 2618 1572 2655 modo
1598 2620 1790 2667 tendunt,
1819 2633 1868 2659 nc
1893 2623 2144 2662 inficiantur:
2174 2627 2246 2670 Qui
2265 2629 2384 2663 ambu-

1348 2681 1445 2725 lant3
1466 2682 1706 2721 attendendo
1733 2684 1764 2720 si
1796 2685 1958 2724 tendant
1979 2687 2023 2735 (c)
2039 2715 2051 2734 ,
2071 2691 2114 2725 ut
2133 2689 2382 2728 reficiantur:

1347 2743 1389 2778 In
1420 2745 1493 2790 leffe
1518 2747 1688 2792 Domini5
1713 2748 1976 2796 attendendo,
2008 2762 2088 2799 qua
2116 2752 2301 2800 tendunt,
2335 2765 2383 2791 ne

1347 2805 1643 2847 interficiantur.

1727 2921 1950 2950 VERSICULUS
1976 2924 2016 2951 11.

1394 2999 1515 3045 Beati,
1539 3002 1603 3046 qui
1622 3005 1832 3040 scrutantur
1847 3007 2054 3043 testimonia
2070 3008 2157 3055 ejus,
2175 3011 2245 3046 etc.
2265 3010 2381 3058 Supe-

1347 3059 1428 3096 rius
1459 3062 1629 3099 ostendit
1658 3065 1870 3114 Propheta,
1902 3069 2013 3116 quod
2039 3069 2291 3108 beatitudinis
2316 3073 2381 3110 via

1346 3122 1393 3159 sit
1410 3124 1649 3173 spectabilis,
1665 3128 1760 3175 quia
1773 3140 1974 3178 congrua3
1991 3132 2054 3169 hic
2073 3134 2254 3180 ostendit,
2270 3135 2379 3182 quod

1346 3234 1358 3252 ⁰
1379 3234 1468 3268 Psal.
1492 3245 1587 3278 XXIV,
1603 3239 1638 3270 4.
1656 3257 1695 3262 —-
1717 3239 1728 3258 ⁷
1748 3240 1882 3282 Jerem.,
1906 3250 1946 3282 Η,
1965 3244 1995 3274 ὓ.
2011 3261 2050 3266 -
2067 3243 2080 3265 ⁸
2103 3245 2125 3275 II
2144 3245 2246 3285 Petu,
2269 3254 2304 3287 Η,
2331 3249 2377 3281 10.

1344 3299 1384 3305 -
1401 3283 1497 3324 '³J0b,
1521 3293 1566 3325 u,
1587 3287 1634 3318 18.
1649 3303 1691 3310 -
1713 3287 1925 3329 ¹⁰Ezecl1.,1,
1950 3292 2081 3322 13.—¹¹
2100 3291 2286 3330 Psc1l.hoc,
2307 3297 2376 3326 105.

1346 3347 1381 3352 —
1407 3330 1431 3350 ¹²
1448 3333 1562 3373 Pron„
1583 3341 1663 3374 xlll,
1686 3335 1736 3366 14.
1754 3351 1795 3360 —-
1819 3335 1841 3356 ¹³
1860 3336 1972 3376 Pron,
1992 3345 2088 3378 xxix,
2111 3340 2160 3370 18.

1386 3391 1433 3430 (α)
1456 3391 1531 3433 Leq.
1550 3392 1722 3426 effectum.
1737 3411 1773 3417 —
1793 3394 1836 3435 (b)
1859 3394 1928 3428 Caet
1947 3395 2028 3429 edit.
2048 3397 2318 3438 proficiscuntur.
2338 3419 2379 3425 —

1347 3436 1386 3478 (c)
1406 3438 1489 3471 Item
1510 3440 1661 3472 tendunt.
