<?xml version="1.0" encoding="UTF-8"?>
<!DOCTYPE html PUBLIC "-//W3C//DTD XHTML 1.0 Transitional//EN"
    "http://www.w3.org/TR/xhtml1/DTD/xhtml1-transitional.dtd">
<html xmlns="http://www.w3.org/1999/xhtml" xml:lang="en" lang="en">
 <head>
  <title>
</title>
<meta http-equiv="Content-Type" content="text/html;charset=utf-8" />
  <meta name='ocr-system' content='tesseract 3.04.00' />
  <meta name='ocr-capabilities' content='ocr_page ocr_carea ocr_par ocr_line ocrx_word'/>
</head>
<body>
  <div class='ocr_page' id='page_1' title='image "./operaomniasixtiv09bonauoft/operaomniasixtiv09bonauoft_0377.png"; bbox 0 0 2633 3878; ppageno 0'>
   <div class='ocr_carea' id='block_1_1' title="bbox 66 469 200 504">
    <p class='ocr_par' dir='ltr' id='par_1_1' title="bbox 66 469 200 504">
     <span class='ocr_line' id='line_1_1' title="bbox 66 469 200 504; baseline 0.007 -8"><span class='ocrx_word' id='word_1_1' title='bbox 66 469 200 504; x_wconf 82' lang='lat' dir='ltr'>Superbi.</span> 
     </span>
    </p>
   </div>
   <div class='ocr_carea' id='block_1_2' title="bbox 1073 244 1522 291">
    <p class='ocr_par' dir='ltr' id='par_1_2' title="bbox 1073 244 1522 291">
     <span class='ocr_line' id='line_1_2' title="bbox 1073 244 1522 291; baseline 0.009 -5"><span class='ocrx_word' id='word_1_2' title='bbox 1073 244 1317 289; x_wconf 90' lang='lat' dir='ltr'>PSALMUS</span> <span class='ocrx_word' id='word_1_3' title='bbox 1348 248 1522 291; x_wconf 87' lang='lat' dir='ltr'><strong>CXVIII.</strong></span> 
     </span>
    </p>
   </div>
   <div class='ocr_carea' id='block_1_3' title="bbox 210 336 1260 1562">
    <p class='ocr_par' dir='ltr' id='par_1_3' title="bbox 210 336 1260 1562">
     <span class='ocr_line' id='line_1_3' title="bbox 225 336 1260 383; baseline 0.003 -13"><span class='ocrx_word' id='word_1_4' title='bbox 225 343 365 371; x_wconf 90' lang='lat' dir='ltr'>eorum</span> <span class='ocrx_word' id='word_1_5' title='bbox 383 336 536 371; x_wconf 92' lang='lat' dir='ltr'>tumore</span> <span class='ocrx_word' id='word_1_6' title='bbox 566 337 718 382; x_wconf 89' lang='lat' dir='ltr'>crepat,</span> <span class='ocrx_word' id='word_1_7' title='bbox 739 337 782 372; x_wconf 91' lang='lat' dir='ltr'>ut</span> <span class='ocrx_word' id='word_1_8' title='bbox 812 336 1007 372; x_wconf 89' lang='lat' dir='ltr'>tumorem</span> <span class='ocrx_word' id='word_1_9' title='bbox 1035 338 1260 383; x_wconf 80' lang='lat' dir='ltr'>crepantem</span> 
     </span>
     <span class='ocr_line' id='line_1_4' title="bbox 224 396 1256 446; baseline 0.003 -14"><span class='ocrx_word' id='word_1_10' title='bbox 224 398 448 443; x_wconf 82' lang='lat' dir='ltr'>praeponat,</span> <span class='ocrx_word' id='word_1_11' title='bbox 469 398 507 433; x_wconf 87' lang='lat' dir='ltr'>et</span> <span class='ocrx_word' id='word_1_12' title='bbox 526 396 708 433; x_wconf 87' lang='lat' dir='ltr'>timorem</span> <span class='ocrx_word' id='word_1_13' title='bbox 735 396 1004 444; x_wconf 80' lang='lat' dir='ltr'>increpantem</span> <span class='ocrx_word' id='word_1_14' title='bbox 1031 399 1256 446; x_wconf 83' lang='lat' dir='ltr'>postponat.</span> 
     </span>
     <span class='ocr_line' id='line_1_5' title="bbox 224 458 1259 506; baseline 0.003 -11"><span class='ocrx_word' id='word_1_15' title='bbox 224 458 397 506; x_wconf 82' lang='lat' dir='ltr'>Ideoque</span> <span class='ocrx_word' id='word_1_16' title='bbox 424 458 584 506; x_wconf 85' lang='lat' dir='ltr'>superbi</span> <span class='ocrx_word' id='word_1_17' title='bbox 616 461 705 495; x_wconf 85' lang='lat' dir='ltr'>sunt</span> <span class='ocrx_word' id='word_1_18' title='bbox 736 458 876 495; x_wconf 91' lang='lat' dir='ltr'>merito</span> <span class='ocrx_word' id='word_1_19' title='bbox 907 458 1152 506; x_wconf 89' lang='lat' dir='ltr'>increpandi.</span> <span class='ocrx_word' id='word_1_20' title='bbox 1182 460 1259 498; x_wconf 88' lang='lat' dir='ltr'>Sed</span> 
     </span>
     <span class='ocr_line' id='line_1_6' title="bbox 225 519 1257 570; baseline 0.002 -14"><span class='ocrx_word' id='word_1_21' title='bbox 225 523 338 567; x_wconf 88' lang='lat' dir='ltr'>nota,</span> <span class='ocrx_word' id='word_1_22' title='bbox 359 520 469 568; x_wconf 90' lang='lat' dir='ltr'>quod</span> <span class='ocrx_word' id='word_1_23' title='bbox 500 522 590 557; x_wconf 86' lang='lat' dir='ltr'>sunt</span> <span class='ocrx_word' id='word_1_24' title='bbox 619 519 779 568; x_wconf 82' lang='lat' dir='ltr'>superbi</span> <span class='ocrx_word' id='word_1_25' title='bbox 801 520 918 566; x_wconf 86' lang='lat' dir='ltr'>mali,</span> <span class='ocrx_word' id='word_1_26' title='bbox 938 521 1114 568; x_wconf 84' lang='lat' dir='ltr'>pej0res,</span> <span class='ocrx_word' id='word_1_27' title='bbox 1133 522 1257 570; x_wconf 88' lang='lat' dir='ltr'>pessi-</span> 
     </span>
     <span class='ocr_line' id='line_1_7' title="bbox 224 581 1256 631; baseline 0.002 -13"><span class='ocrx_word' id='word_1_28' title='bbox 224 583 292 618; x_wconf 80' lang='lat' dir='ltr'>mi.</span> <span class='ocrx_word' id='word_1_29' title='bbox 322 582 420 620; x_wconf 83' lang='lat' dir='ltr'>Mala</span> <span class='ocrx_word' id='word_1_30' title='bbox 448 584 504 618; x_wconf 91' lang='lat' dir='ltr'>est</span> <span class='ocrx_word' id='word_1_31' title='bbox 531 581 717 629; x_wconf 87' lang='lat' dir='ltr'>superbia</span> <span class='ocrx_word' id='word_1_32' title='bbox 746 581 890 628; x_wconf 82' lang='lat' dir='ltr'>cordis,</span> <span class='ocrx_word' id='word_1_33' title='bbox 913 583 1026 630; x_wconf 89' lang='lat' dir='ltr'>pejor</span> <span class='ocrx_word' id='word_1_34' title='bbox 1047 583 1145 628; x_wconf 88' lang='lat' dir='ltr'>oris,</span> <span class='ocrx_word' id='word_1_35' title='bbox 1166 594 1256 631; x_wconf 83' lang='lat' dir='ltr'>pes-</span> 
     </span>
     <span class='ocr_line' id='line_1_8' title="bbox 223 644 1256 693; baseline 0.002 -13"><span class='ocrx_word' id='word_1_36' title='bbox 223 645 323 682; x_wconf 78' lang='lat' dir='ltr'>sima</span> <span class='ocrx_word' id='word_1_37' title='bbox 343 645 487 693; x_wconf 89' lang='lat' dir='ltr'>operis.</span> <span class='ocrx_word' id='word_1_38' title='bbox 511 646 561 681; x_wconf 91' lang='lat' dir='ltr'>De</span> <span class='ocrx_word' id='word_1_39' title='bbox 580 644 718 692; x_wconf 88' lang='lat' dir='ltr'>primis</span> <span class='ocrx_word' id='word_1_40' title='bbox 740 644 749 666; x_wconf 91' lang='lat'><strong>¹</strong></span> <span class='ocrx_word' id='word_1_41' title='bbox 770 656 778 680; x_wconf 91' lang='lat'>:</span> <span class='ocrx_word' id='word_1_42' title='bbox 806 658 823 678; x_wconf 78' lang='grc' dir='ltr'><strong>α</strong></span> <span class='ocrx_word' id='word_1_43' title='bbox 843 644 946 682; x_wconf 86' lang='lat' dir='ltr'>Sicut</span> <span class='ocrx_word' id='word_1_44' title='bbox 973 644 1115 692; x_wconf 79' lang='lat' dir='ltr'>perdix</span> <span class='ocrx_word' id='word_1_45' title='bbox 1143 645 1256 682; x_wconf 89' lang='lat' dir='ltr'>indu-</span> 
     </span>
     <span class='ocr_line' id='line_1_9' title="bbox 226 706 1255 754; baseline 0.001 -11"><span class='ocrx_word' id='word_1_46' title='bbox 226 706 324 744; x_wconf 85' lang='lat' dir='ltr'>citur</span> <span class='ocrx_word' id='word_1_47' title='bbox 345 706 385 743; x_wconf 92' lang='lat' dir='ltr'>in</span> <span class='ocrx_word' id='word_1_48' title='bbox 406 717 581 752; x_wconf 86' lang='lat' dir='ltr'>caveam,</span> <span class='ocrx_word' id='word_1_49' title='bbox 604 709 640 743; x_wconf 90' lang='lat' dir='ltr'>et</span> <span class='ocrx_word' id='word_1_50' title='bbox 671 709 713 743; x_wconf 88' lang='lat' dir='ltr'>ut</span> <span class='ocrx_word' id='word_1_51' title='bbox 742 717 861 753; x_wconf 90' lang='lat' dir='ltr'>capra</span> <span class='ocrx_word' id='word_1_52' title='bbox 879 706 920 743; x_wconf 92' lang='lat' dir='ltr'>in</span> <span class='ocrx_word' id='word_1_53' title='bbox 949 706 1138 754; x_wconf 87' lang='lat' dir='ltr'>laqueum</span> <span class='ocrx_word' id='word_1_54' title='bbox 1160 720 1171 754; x_wconf 90' lang='lat'>;</span> <span class='ocrx_word' id='word_1_55' title='bbox 1200 707 1255 745; x_wconf 84' lang='lat' dir='ltr'>sic</span> 
     </span>
     <span class='ocr_line' id='line_1_10' title="bbox 222 769 1255 817; baseline 0.002 -12"><span class='ocrx_word' id='word_1_56' title='bbox 222 772 259 805; x_wconf 86' lang='lat' dir='ltr'>et</span> <span class='ocrx_word' id='word_1_57' title='bbox 278 780 346 807; x_wconf 90' lang='lat' dir='ltr'>cor</span> <span class='ocrx_word' id='word_1_58' title='bbox 363 769 627 817; x_wconf 76' lang='lat' dir='ltr'>superborum</span> <span class='ocrx_word' id='word_1_59' title='bbox 647 781 688 805; x_wconf 79' lang='lat' dir='ltr'>z»</span> <span class='ocrx_word' id='word_1_60' title='bbox 708 779 753 806; x_wconf 89' lang='lat' dir='ltr'>ac</span> <span class='ocrx_word' id='word_1_61' title='bbox 767 769 797 804; x_wconf 87' lang='lat' dir='ltr'>si</span> <span class='ocrx_word' id='word_1_62' title='bbox 818 771 949 816; x_wconf 87' lang='lat' dir='ltr'>aperte</span> <span class='ocrx_word' id='word_1_63' title='bbox 967 769 1134 806; x_wconf 89' lang='lat' dir='ltr'>diceret:</span> <span class='ocrx_word' id='word_1_64' title='bbox 1150 770 1255 807; x_wconf 88' lang='lat' dir='ltr'>Sicut</span> 
     </span>
     <span class='ocr_line' id='line_1_11' title="bbox 220 830 1254 879; baseline 0.002 -11"><span class='ocrx_word' id='word_1_65' title='bbox 220 832 407 869; x_wconf 87' lang='lat' dir='ltr'>animalia</span> <span class='ocrx_word' id='word_1_66' title='bbox 440 834 519 868; x_wconf 87' lang='lat' dir='ltr'>tam</span> <span class='ocrx_word' id='word_1_67' title='bbox 548 830 741 877; x_wconf 80' lang='lat' dir='ltr'>volatilia,</span> <span class='ocrx_word' id='word_1_68' title='bbox 771 841 893 878; x_wconf 86' lang='lat' dir='ltr'>quam</span> <span class='ocrx_word' id='word_1_69' title='bbox 930 832 1164 879; x_wconf 79' lang='lat' dir='ltr'>gressibilia,</span> <span class='ocrx_word' id='word_1_70' title='bbox 1192 843 1254 870; x_wconf 86' lang='lat' dir='ltr'>ca-</span> 
     </span>
     <span class='ocr_line' id='line_1_12' title="bbox 218 892 1253 941; baseline 0.002 -11"><span class='ocrx_word' id='word_1_71' title='bbox 218 894 395 940; x_wconf 87' lang='lat' dir='ltr'>piuntur,</span> <span class='ocrx_word' id='word_1_72' title='bbox 436 896 473 930; x_wconf 90' lang='lat' dir='ltr'>et</span> <span class='ocrx_word' id='word_1_73' title='bbox 509 893 776 941; x_wconf 81' lang='lat' dir='ltr'>illaqueantur</span> <span class='ocrx_word' id='word_1_74' title='bbox 809 892 860 930; x_wconf 88' lang='lat' dir='ltr'>ab</span> <span class='ocrx_word' id='word_1_75' title='bbox 897 893 1127 931; x_wconf 86' lang='lat' dir='ltr'>hominibus</span> <span class='ocrx_word' id='word_1_76' title='bbox 1148 922 1159 941; x_wconf 85' lang='lat'>,</span> <span class='ocrx_word' id='word_1_77' title='bbox 1199 895 1253 932; x_wconf 88' lang='lat' dir='ltr'>sic</span> 
     </span>
     <span class='ocr_line' id='line_1_13' title="bbox 219 955 1249 1005; baseline 0.005 -15"><span class='ocrx_word' id='word_1_78' title='bbox 219 955 341 992; x_wconf 87' lang='lat' dir='ltr'>eorda</span> <span class='ocrx_word' id='word_1_79' title='bbox 391 956 655 1003; x_wconf 87' lang='lat' dir='ltr'>superborum</span> <span class='ocrx_word' id='word_1_80' title='bbox 698 958 778 992; x_wconf 89' lang='lat' dir='ltr'>tam</span> <span class='ocrx_word' id='word_1_81' title='bbox 824 957 1249 1005; x_wconf 88' lang='lat' dir='ltr'>contemplativorum,</span> 
     </span>
     <span class='ocr_line' id='line_1_14' title="bbox 218 1017 1248 1065; baseline 0.005 -12"><span class='ocrx_word' id='word_1_82' title='bbox 218 1028 340 1065; x_wconf 88' lang='lat' dir='ltr'>quam</span> <span class='ocrx_word' id='word_1_83' title='bbox 365 1018 597 1063; x_wconf 78' lang='lat' dir='ltr'>activorum,</span> <span class='ocrx_word' id='word_1_84' title='bbox 619 1029 642 1054; x_wconf 90' lang='lat' dir='ltr'>a</span> <span class='ocrx_word' id='word_1_85' title='bbox 675 1017 935 1055; x_wconf 65' lang='lat' dir='ltr'>daemonibus.</span> <span class='ocrx_word' id='word_1_86' title='bbox 963 1021 1012 1055; x_wconf 92' lang='lat' dir='ltr'>De</span> <span class='ocrx_word' id='word_1_87' title='bbox 1044 1019 1185 1056; x_wconf 88' lang='lat' dir='ltr'>mediis</span> <span class='ocrx_word' id='word_1_88' title='bbox 1205 1021 1218 1041; x_wconf 72' lang='lat'>‘²</span> <span class='ocrx_word' id='word_1_89' title='bbox 1239 1033 1248 1058; x_wconf 92' lang='lat'>:</span> 
     </span>
     <span class='ocr_line' id='line_1_15' title="bbox 221 1079 1250 1127; baseline 0.006 -14"><span class='ocrx_word' id='word_1_90' title='bbox 221 1091 238 1112; x_wconf 77' lang='grc' dir='ltr'>α</span> <span class='ocrx_word' id='word_1_91' title='bbox 265 1079 367 1116; x_wconf 87' lang='lat' dir='ltr'>Inter</span> <span class='ocrx_word' id='word_1_92' title='bbox 392 1079 586 1127; x_wconf 86' lang='lat' dir='ltr'>superbos</span> <span class='ocrx_word' id='word_1_93' title='bbox 618 1089 774 1127; x_wconf 87' lang='lat' dir='ltr'>semper</span> <span class='ocrx_word' id='word_1_94' title='bbox 797 1080 928 1127; x_wconf 78' lang='lat' dir='ltr'>Jurgia</span> <span class='ocrx_word' id='word_1_95' title='bbox 953 1083 1066 1127; x_wconf 82' lang='lat' dir='ltr'>sunt3</span> <span class='ocrx_word' id='word_1_96' title='bbox 1094 1095 1111 1116; x_wconf 71' lang='lat' dir='ltr'>n</span> <span class='ocrx_word' id='word_1_97' title='bbox 1144 1082 1250 1119; x_wconf 90' lang='lat' dir='ltr'>unde</span> 
     </span>
     <span class='ocr_line' id='line_1_16' title="bbox 216 1141 1249 1190; baseline 0.002 -12"><span class='ocrx_word' id='word_1_98' title='bbox 216 1141 357 1178; x_wconf 77' lang='lat' dir='ltr'>vesicae</span> <span class='ocrx_word' id='word_1_99' title='bbox 377 1141 538 1178; x_wconf 59' lang='lat' dir='ltr'>tumidae</span> <span class='ocrx_word' id='word_1_100' title='bbox 557 1141 704 1179; x_wconf 82' lang='lat' dir='ltr'>similes</span> <span class='ocrx_word' id='word_1_101' title='bbox 721 1144 828 1185; x_wconf 87' lang='lat' dir='ltr'>sunt,</span> <span class='ocrx_word' id='word_1_102' title='bbox 850 1152 937 1189; x_wconf 79' lang='lat' dir='ltr'>quae</span> <span class='ocrx_word' id='word_1_103' title='bbox 956 1145 1158 1190; x_wconf 87' lang='lat' dir='ltr'>creparet,</span> <span class='ocrx_word' id='word_1_104' title='bbox 1175 1144 1249 1181; x_wconf 89' lang='lat' dir='ltr'>nisi</span> 
     </span>
     <span class='ocr_line' id='line_1_17' title="bbox 216 1203 1248 1252; baseline 0.004 -13"><span class='ocrx_word' id='word_1_105' title='bbox 216 1206 377 1240; x_wconf 74' lang='lat' dir='ltr'>ventum</span> <span class='ocrx_word' id='word_1_106' title='bbox 405 1203 659 1241; x_wconf 88' lang='lat' dir='ltr'>intrinsecum</span> <span class='ocrx_word' id='word_1_107' title='bbox 678 1215 750 1252; x_wconf 87' lang='lat' dir='ltr'>per</span> <span class='ocrx_word' id='word_1_108' title='bbox 766 1205 943 1251; x_wconf 84' lang='lat' dir='ltr'>jurgium</span> <span class='ocrx_word' id='word_1_109' title='bbox 970 1208 1173 1243; x_wconf 83' lang='lat' dir='ltr'>eructaret.</span> <span class='ocrx_word' id='word_1_110' title='bbox 1199 1209 1248 1243; x_wconf 87' lang='lat' dir='ltr'>De</span> 
     </span>
     <span class='ocr_line' id='line_1_18' title="bbox 215 1264 1249 1314; baseline 0.005 -13"><span class='ocrx_word' id='word_1_111' title='bbox 215 1264 360 1302; x_wconf 83' lang='lat' dir='ltr'>ultimis</span> <span class='ocrx_word' id='word_1_112' title='bbox 380 1266 423 1302; x_wconf 80' lang='lat'>³:</span> <span class='ocrx_word' id='word_1_113' title='bbox 452 1266 687 1314; x_wconf 84' lang='lat' dir='ltr'>«Superbus</span> <span class='ocrx_word' id='word_1_114' title='bbox 716 1269 753 1304; x_wconf 90' lang='lat' dir='ltr'>et</span> <span class='ocrx_word' id='word_1_115' title='bbox 782 1277 973 1314; x_wconf 84' lang='lat' dir='ltr'>arrogans</span> <span class='ocrx_word' id='word_1_116' title='bbox 1000 1269 1163 1305; x_wconf 84' lang='lat' dir='ltr'>vocatur</span> <span class='ocrx_word' id='word_1_117' title='bbox 1191 1268 1249 1306; x_wconf 89' lang='lat' dir='ltr'>in-</span> 
     </span>
     <span class='ocr_line' id='line_1_19' title="bbox 215 1326 1247 1379; baseline 0.006 -16"><span class='ocrx_word' id='word_1_118' title='bbox 215 1326 366 1373; x_wconf 69' lang='lat' dir='ltr'>doctus,</span> <span class='ocrx_word' id='word_1_119' title='bbox 387 1327 456 1376; x_wconf 85' lang='lat' dir='ltr'>qui</span> <span class='ocrx_word' id='word_1_120' title='bbox 475 1328 516 1365; x_wconf 91' lang='lat' dir='ltr'>in</span> <span class='ocrx_word' id='word_1_121' title='bbox 535 1328 593 1365; x_wconf 87' lang='lat' dir='ltr'>ira</span> <span class='ocrx_word' id='word_1_122' title='bbox 613 1331 797 1377; x_wconf 83' lang='lat' dir='ltr'>operatur</span> <span class='ocrx_word' id='word_1_123' title='bbox 816 1329 1043 1377; x_wconf 81' lang='lat' dir='ltr'>superbiam</span> <span class='ocrx_word' id='word_1_124' title='bbox 1065 1342 1073 1366; x_wconf 93' lang='lat'>:</span> <span class='ocrx_word' id='word_1_125' title='bbox 1093 1344 1111 1366; x_wconf 82' lang='lat'>»</span> <span class='ocrx_word' id='word_1_126' title='bbox 1134 1331 1247 1379; x_wconf 86' lang='lat' dir='ltr'>quasi</span> 
     </span>
     <span class='ocr_line' id='line_1_20' title="bbox 214 1378 1245 1442; baseline 0.005 -16"><span class='ocrx_word' id='word_1_127' title='bbox 214 1378 360 1427; x_wconf 88' lang='lat' dir='ltr'>diceret</span> <span class='ocrx_word' id='word_1_128' title='bbox 387 1402 396 1427; x_wconf 93' lang='lat'>:</span> <span class='ocrx_word' id='word_1_129' title='bbox 427 1390 650 1438; x_wconf 86' lang='lat' dir='ltr'>Superbus,</span> <span class='ocrx_word' id='word_1_130' title='bbox 681 1391 751 1439; x_wconf 87' lang='lat' dir='ltr'>qui</span> <span class='ocrx_word' id='word_1_131' title='bbox 783 1401 823 1428; x_wconf 89' lang='lat' dir='ltr'>se</span> <span class='ocrx_word' id='word_1_132' title='bbox 855 1392 1016 1429; x_wconf 86' lang='lat' dir='ltr'>doctum</span> <span class='ocrx_word' id='word_1_133' title='bbox 1042 1393 1245 1442; x_wconf 88' lang='lat' dir='ltr'>opinatur,</span> 
     </span>
     <span class='ocr_line' id='line_1_21' title="bbox 212 1451 1247 1504; baseline 0.008 -18"><span class='ocrx_word' id='word_1_134' title='bbox 212 1453 304 1488; x_wconf 88' lang='lat' dir='ltr'>tunc</span> <span class='ocrx_word' id='word_1_135' title='bbox 323 1451 506 1491; x_wconf 91' lang='lat' dir='ltr'>indoctus</span> <span class='ocrx_word' id='word_1_136' title='bbox 526 1464 610 1490; x_wconf 84' lang='lat' dir='ltr'>esse</span> <span class='ocrx_word' id='word_1_137' title='bbox 628 1453 836 1501; x_wconf 88' lang='lat' dir='ltr'>probatur,</span> <span class='ocrx_word' id='word_1_138' title='bbox 865 1464 956 1492; x_wconf 89' lang='lat' dir='ltr'>cum</span> <span class='ocrx_word' id='word_1_139' title='bbox 973 1454 1094 1493; x_wconf 82' lang='lat' dir='ltr'>iratus</span> <span class='ocrx_word' id='word_1_140' title='bbox 1113 1466 1247 1504; x_wconf 86' lang='lat' dir='ltr'>super-</span> 
     </span>
     <span class='ocr_line' id='line_1_22' title="bbox 210 1512 535 1562; baseline 0.006 -13"><span class='ocrx_word' id='word_1_141' title='bbox 210 1512 318 1550; x_wconf 89' lang='lat' dir='ltr'>biam</span> <span class='ocrx_word' id='word_1_142' title='bbox 339 1517 535 1562; x_wconf 87' lang='lat' dir='ltr'>operatur.</span> 
     </span>
    </p>
   </div>
   <div class='ocr_carea' id='block_1_4' title="bbox 542 1619 902 1656">
    <p class='ocr_par' dir='ltr' id='par_1_4' title="bbox 542 1619 902 1656">
     <span class='ocr_line' id='line_1_23' title="bbox 542 1619 902 1656; baseline 0.003 -2"><span class='ocrx_word' id='word_1_143' title='bbox 542 1619 630 1655; x_wconf 75' lang='lat' dir='ltr'>Arci</span> <span class='ocrx_word' id='word_1_144' title='bbox 633 1620 731 1656; x_wconf 83' lang='lat' dir='ltr'>culus</span> <span class='ocrx_word' id='word_1_145' title='bbox 760 1621 902 1656; x_wconf 77' lang='lat' dir='ltr'>tertius.</span> 
     </span>
    </p>
   </div>
   <div class='ocr_carea' id='block_1_5' title="bbox 191 1706 1242 2880">
    <p class='ocr_par' dir='ltr' id='par_1_5' title="bbox 191 1706 1242 2880">
     <span class='ocr_line' id='line_1_24' title="bbox 254 1706 1242 1755; baseline 0.002 -13"><span class='ocrx_word' id='word_1_146' title='bbox 254 1706 457 1743; x_wconf 64' lang='lat' dir='ltr'>Maledicte.</span> <span class='ocrx_word' id='word_1_147' title='bbox 479 1708 573 1743; x_wconf 80' lang='lat' dir='ltr'>Ecce</span> <span class='ocrx_word' id='word_1_148' title='bbox 594 1706 705 1743; x_wconf 88' lang='lat' dir='ltr'>tertia</span> <span class='ocrx_word' id='word_1_149' title='bbox 730 1716 826 1753; x_wconf 70' lang='grc' dir='ltr'>νοΧ,</span> <span class='ocrx_word' id='word_1_150' title='bbox 848 1716 937 1754; x_wconf 83' lang='lat' dir='ltr'>quae</span> <span class='ocrx_word' id='word_1_151' title='bbox 958 1706 1128 1743; x_wconf 83' lang='lat' dir='ltr'>ostendit</span> <span class='ocrx_word' id='word_1_152' title='bbox 1145 1707 1242 1755; x_wconf 89' lang='lat' dir='ltr'>quid</span> 
     </span>
     <span class='ocr_line' id='line_1_25' title="bbox 206 1768 1240 1817; baseline 0.001 -11"><span class='ocrx_word' id='word_1_153' title='bbox 206 1768 361 1816; x_wconf 89' lang='lat' dir='ltr'>tepidus</span> <span class='ocrx_word' id='word_1_154' title='bbox 379 1768 652 1817; x_wconf 86' lang='lat' dir='ltr'>parvipendit,</span> <span class='ocrx_word' id='word_1_155' title='bbox 675 1768 768 1817; x_wconf 68' lang='lat' dir='ltr'>quia</span> <span class='ocrx_word' id='word_1_156' title='bbox 789 1769 985 1807; x_wconf 85' lang='lat' dir='ltr'>charitatis</span> <span class='ocrx_word' id='word_1_157' title='bbox 1017 1769 1213 1807; x_wconf 84' lang='lat' dir='ltr'>fervorem</span> <span class='ocrx_word' id='word_1_158' title='bbox 1228 1800 1240 1814; x_wconf 85' lang='lat'>,</span> 
     </span>
     <span class='ocr_line' id='line_1_26' title="bbox 205 1831 1240 1881; baseline 0.002 -12"><span class='ocrx_word' id='word_1_159' title='bbox 205 1831 475 1870; x_wconf 89' lang='lat' dir='ltr'>maledicentis</span> <span class='ocrx_word' id='word_1_160' title='bbox 518 1836 712 1880; x_wconf 88' lang='lat' dir='ltr'>teporem.</span> <span class='ocrx_word' id='word_1_161' title='bbox 753 1834 816 1871; x_wconf 87' lang='lat' dir='ltr'>Vis</span> <span class='ocrx_word' id='word_1_162' title='bbox 861 1833 998 1871; x_wconf 83' lang='lat' dir='ltr'>audire</span> <span class='ocrx_word' id='word_1_163' title='bbox 1037 1836 1240 1881; x_wconf 72' lang='lat' dir='ltr'>quorum?</span> 
     </span>
     <span class='ocr_line' id='line_1_27' title="bbox 205 1894 1240 1941; baseline 0.002 -10"><span class='ocrx_word' id='word_1_164' title='bbox 205 1894 496 1941; x_wconf 88' lang='lat' dir='ltr'>Erudientium,</span> <span class='ocrx_word' id='word_1_165' title='bbox 518 1895 784 1941; x_wconf 89' lang='lat' dir='ltr'>audientium,</span> <span class='ocrx_word' id='word_1_166' title='bbox 812 1895 1132 1932; x_wconf 77' lang='lat' dir='ltr'>custodientium.</span> <span class='ocrx_word' id='word_1_167' title='bbox 1163 1897 1240 1933; x_wconf 83' lang='lat' dir='ltr'>Pri-</span> 
     </span>
     <span class='ocr_line' id='line_1_28' title="bbox 203 1957 1239 2006; baseline 0.002 -12"><span class='ocrx_word' id='word_1_168' title='bbox 203 1968 314 1994; x_wconf 87' lang='lat' dir='ltr'>mum</span> <span class='ocrx_word' id='word_1_169' title='bbox 333 1957 501 2005; x_wconf 86' lang='lat' dir='ltr'>pertinet</span> <span class='ocrx_word' id='word_1_170' title='bbox 525 1957 577 1995; x_wconf 88' lang='lat' dir='ltr'>ad</span> <span class='ocrx_word' id='word_1_171' title='bbox 603 1957 784 2006; x_wconf 80' lang='lat' dir='ltr'>praelatos</span> <span class='ocrx_word' id='word_1_172' title='bbox 797 1971 808 2005; x_wconf 86' lang='lat'>3</span> <span class='ocrx_word' id='word_1_173' title='bbox 831 1959 1051 1995; x_wconf 84' lang='lat' dir='ltr'>secundum</span> <span class='ocrx_word' id='word_1_174' title='bbox 1079 1959 1132 1996; x_wconf 88' lang='lat' dir='ltr'>ad</span> <span class='ocrx_word' id='word_1_175' title='bbox 1149 1959 1239 1996; x_wconf 84' lang='lat' dir='ltr'>sub-</span> 
     </span>
     <span class='ocr_line' id='line_1_29' title="bbox 204 2020 1237 2068; baseline 0.003 -12"><span class='ocrx_word' id='word_1_176' title='bbox 204 2020 306 2057; x_wconf 90' lang='lat' dir='ltr'>ditos</span> <span class='ocrx_word' id='word_1_177' title='bbox 326 2032 334 2056; x_wconf 92' lang='lat'><strong>:</strong></span> <span class='ocrx_word' id='word_1_178' title='bbox 355 2020 509 2057; x_wconf 89' lang='lat' dir='ltr'>tertium</span> <span class='ocrx_word' id='word_1_179' title='bbox 529 2020 581 2058; x_wconf 90' lang='lat' dir='ltr'>ad</span> <span class='ocrx_word' id='word_1_180' title='bbox 603 2020 822 2058; x_wconf 63' lang='lat' dir='ltr'>universos</span> <span class='ocrx_word' id='word_1_181' title='bbox 842 2022 893 2058; x_wconf 88' lang='lat' dir='ltr'>De</span> <span class='ocrx_word' id='word_1_182' title='bbox 913 2021 1044 2068; x_wconf 74' lang='lat' dir='ltr'>priino</span> <span class='ocrx_word' id='word_1_183' title='bbox 1061 2021 1074 2042; x_wconf 64' lang='lat'>⁵</span> <span class='ocrx_word' id='word_1_184' title='bbox 1091 2032 1099 2057; x_wconf 89' lang='lat'>:</span> <span class='ocrx_word' id='word_1_185' title='bbox 1125 2034 1143 2056; x_wconf 75' lang='grc' dir='ltr'>(ι</span> <span class='ocrx_word' id='word_1_186' title='bbox 1164 2023 1237 2059; x_wconf 86' lang='lat' dir='ltr'>Ma-</span> 
     </span>
     <span class='ocr_line' id='line_1_30' title="bbox 201 2081 1235 2131; baseline 0.001 -11"><span class='ocrx_word' id='word_1_187' title='bbox 201 2081 366 2120; x_wconf 86' lang='lat' dir='ltr'>ledictus</span> <span class='ocrx_word' id='word_1_188' title='bbox 378 2110 390 2129; x_wconf 94' lang='lat'>,</span> <span class='ocrx_word' id='word_1_189' title='bbox 409 2083 477 2130; x_wconf 90' lang='lat' dir='ltr'>qui</span> <span class='ocrx_word' id='word_1_190' title='bbox 493 2082 678 2130; x_wconf 87' lang='lat' dir='ltr'>prohibet</span> <span class='ocrx_word' id='word_1_191' title='bbox 698 2082 876 2129; x_wconf 81' lang='lat' dir='ltr'>gladium</span> <span class='ocrx_word' id='word_1_192' title='bbox 895 2094 1013 2120; x_wconf 86' lang='lat' dir='ltr'>suum</span> <span class='ocrx_word' id='word_1_193' title='bbox 1034 2095 1057 2121; x_wconf 92' lang='lat' dir='ltr'>a</span> <span class='ocrx_word' id='word_1_194' title='bbox 1076 2084 1235 2131; x_wconf 87' lang='lat' dir='ltr'>sangui-</span> 
     </span>
     <span class='ocr_line' id='line_1_31' title="bbox 201 2144 1235 2193; baseline 0.001 -11"><span class='ocrx_word' id='word_1_195' title='bbox 201 2155 263 2182; x_wconf 89' lang='lat' dir='ltr'>ne.</span> <span class='ocrx_word' id='word_1_196' title='bbox 285 2158 304 2180; x_wconf 70' lang='lat' dir='ltr'>n</span> <span class='ocrx_word' id='word_1_197' title='bbox 328 2144 487 2182; x_wconf 86' lang='lat' dir='ltr'>Gladius</span> <span class='ocrx_word' id='word_1_198' title='bbox 518 2148 574 2182; x_wconf 90' lang='lat' dir='ltr'>est</span> <span class='ocrx_word' id='word_1_199' title='bbox 599 2145 769 2182; x_wconf 79' lang='lat' dir='ltr'>verbum</span> <span class='ocrx_word' id='word_1_200' title='bbox 800 2145 1092 2193; x_wconf 67' lang='lat' dir='ltr'>praedicationis</span> <span class='ocrx_word' id='word_1_201' title='bbox 1106 2159 1117 2193; x_wconf 82' lang='lat'><em>3</em></span> <span class='ocrx_word' id='word_1_202' title='bbox 1146 2157 1235 2184; x_wconf 86' lang='lat' dir='ltr'>san-</span> 
     </span>
     <span class='ocr_line' id='line_1_32' title="bbox 199 2207 1232 2256; baseline 0.002 -12"><span class='ocrx_word' id='word_1_203' title='bbox 199 2207 309 2255; x_wconf 86' lang='lat' dir='ltr'>guis,</span> <span class='ocrx_word' id='word_1_204' title='bbox 329 2207 558 2255; x_wconf 82' lang='lat' dir='ltr'>contagium</span> <span class='ocrx_word' id='word_1_205' title='bbox 587 2207 933 2256; x_wconf 64' lang='lat' dir='ltr'>praevaricationis.</span> <span class='ocrx_word' id='word_1_206' title='bbox 954 2207 1113 2245; x_wconf 85' lang='lat' dir='ltr'>Gladius</span> <span class='ocrx_word' id='word_1_207' title='bbox 1143 2219 1232 2246; x_wconf 82' lang='lat' dir='ltr'>san-</span> 
     </span>
     <span class='ocr_line' id='line_1_33' title="bbox 197 2269 1233 2317; baseline 0.002 -11"><span class='ocrx_word' id='word_1_208' title='bbox 197 2269 358 2317; x_wconf 85' lang='lat' dir='ltr'>guinem</span> <span class='ocrx_word' id='word_1_209' title='bbox 392 2269 583 2313; x_wconf 80' lang='lat' dir='ltr'>effundit,</span> <span class='ocrx_word' id='word_1_210' title='bbox 621 2281 710 2307; x_wconf 91' lang='lat' dir='ltr'>cum</span> <span class='ocrx_word' id='word_1_211' title='bbox 742 2269 911 2307; x_wconf 90' lang='lat' dir='ltr'>verbum</span> <span class='ocrx_word' id='word_1_212' title='bbox 944 2270 1233 2317; x_wconf 75' lang='lat' dir='ltr'>praedicationis</span> 
     </span>
     <span class='ocr_line' id='line_1_34' title="bbox 199 2332 1231 2380; baseline 0.002 -11"><span class='ocrx_word' id='word_1_213' title='bbox 199 2332 427 2380; x_wconf 85' lang='lat' dir='ltr'>contagium</span> <span class='ocrx_word' id='word_1_214' title='bbox 467 2332 802 2380; x_wconf 65' lang='lat' dir='ltr'>praevaricationis</span> <span class='ocrx_word' id='word_1_215' title='bbox 838 2332 1057 2370; x_wconf 82' lang='lat' dir='ltr'>confundit.</span> <span class='ocrx_word' id='word_1_216' title='bbox 1089 2335 1141 2371; x_wconf 89' lang='lat' dir='ltr'>De</span> <span class='ocrx_word' id='word_1_217' title='bbox 1172 2345 1231 2371; x_wconf 85' lang='lat' dir='ltr'>se-</span> 
     </span>
     <span class='ocr_line' id='line_1_35' title="bbox 198 2394 1232 2444; baseline 0.003 -13"><span class='ocrx_word' id='word_1_218' title='bbox 198 2394 330 2432; x_wconf 90' lang='lat' dir='ltr'>cundo</span> <span class='ocrx_word' id='word_1_219' title='bbox 348 2395 361 2417; x_wconf 78' lang='lat'>⁵</span> <span class='ocrx_word' id='word_1_220' title='bbox 392 2408 400 2432; x_wconf 92' lang='lat'>:</span> <span class='ocrx_word' id='word_1_221' title='bbox 431 2408 449 2429; x_wconf 91' lang='lat'>«</span> <span class='ocrx_word' id='word_1_222' title='bbox 481 2395 705 2432; x_wconf 87' lang='lat' dir='ltr'>Maledictus</span> <span class='ocrx_word' id='word_1_223' title='bbox 734 2395 821 2441; x_wconf 87' lang='lat' dir='ltr'>vir,</span> <span class='ocrx_word' id='word_1_224' title='bbox 853 2395 923 2444; x_wconf 88' lang='lat' dir='ltr'>qui</span> <span class='ocrx_word' id='word_1_225' title='bbox 949 2406 1031 2434; x_wconf 92' lang='lat' dir='ltr'>non</span> <span class='ocrx_word' id='word_1_226' title='bbox 1064 2396 1232 2434; x_wconf 86' lang='lat' dir='ltr'>audierit</span> 
     </span>
     <span class='ocr_line' id='line_1_36' title="bbox 197 2457 1228 2506; baseline 0.002 -13"><span class='ocrx_word' id='word_1_227' title='bbox 197 2457 319 2494; x_wconf 84' lang='lat' dir='ltr'>verba</span> <span class='ocrx_word' id='word_1_228' title='bbox 337 2457 441 2505; x_wconf 85' lang='lat' dir='ltr'>pacti</span> <span class='ocrx_word' id='word_1_229' title='bbox 466 2457 602 2503; x_wconf 85' lang='lat' dir='ltr'>hujus,</span> <span class='ocrx_word' id='word_1_230' title='bbox 619 2457 732 2505; x_wconf 86' lang='lat' dir='ltr'>quod</span> <span class='ocrx_word' id='word_1_231' title='bbox 756 2458 924 2505; x_wconf 82' lang='lat' dir='ltr'>praecepi</span> <span class='ocrx_word' id='word_1_232' title='bbox 943 2458 1122 2506; x_wconf 89' lang='lat' dir='ltr'>patribus</span> <span class='ocrx_word' id='word_1_233' title='bbox 1142 2469 1228 2495; x_wconf 86' lang='lat' dir='ltr'>ves·</span> 
     </span>
     <span class='ocr_line' id='line_1_37' title="bbox 196 2518 1228 2568; baseline 0.002 -13"><span class='ocrx_word' id='word_1_234' title='bbox 196 2518 275 2555; x_wconf 85' lang='lat' dir='ltr'>tris.</span> <span class='ocrx_word' id='word_1_235' title='bbox 298 2532 314 2553; x_wconf 88' lang='lat'>»</span> <span class='ocrx_word' id='word_1_236' title='bbox 338 2519 445 2556; x_wconf 79' lang='lat' dir='ltr'>Istud</span> <span class='ocrx_word' id='word_1_237' title='bbox 464 2522 623 2566; x_wconf 77' lang='lat' dir='ltr'>paetum</span> <span class='ocrx_word' id='word_1_238' title='bbox 640 2530 722 2556; x_wconf 90' lang='lat' dir='ltr'>non</span> <span class='ocrx_word' id='word_1_239' title='bbox 739 2519 920 2566; x_wconf 81' lang='lat' dir='ltr'>audiunt,</span> <span class='ocrx_word' id='word_1_240' title='bbox 939 2520 1009 2568; x_wconf 88' lang='lat' dir='ltr'>qui</span> <span class='ocrx_word' id='word_1_241' title='bbox 1025 2531 1048 2557; x_wconf 88' lang='lat' dir='ltr'>a</span> <span class='ocrx_word' id='word_1_242' title='bbox 1067 2520 1228 2558; x_wconf 83' lang='lat' dir='ltr'>veritate</span> 
     </span>
     <span class='ocr_line' id='line_1_38' title="bbox 196 2581 1227 2627; baseline 0.002 -9"><span class='ocrx_word' id='word_1_243' title='bbox 196 2581 383 2619; x_wconf 83' lang='lat' dir='ltr'>doctrinae</span> <span class='ocrx_word' id='word_1_244' title='bbox 414 2581 594 2620; x_wconf 87' lang='lat' dir='ltr'>auditum</span> <span class='ocrx_word' id='word_1_245' title='bbox 625 2584 827 2627; x_wconf 86' lang='lat' dir='ltr'>avertunt,</span> <span class='ocrx_word' id='word_1_246' title='bbox 855 2584 892 2618; x_wconf 87' lang='lat' dir='ltr'>et</span> <span class='ocrx_word' id='word_1_247' title='bbox 922 2582 974 2619; x_wconf 89' lang='lat' dir='ltr'>ad</span> <span class='ocrx_word' id='word_1_248' title='bbox 1011 2582 1167 2620; x_wconf 85' lang='lat' dir='ltr'>fabulas</span> <span class='ocrx_word' id='word_1_249' title='bbox 1188 2594 1227 2620; x_wconf 87' lang='lat' dir='ltr'>se</span> 
     </span>
     <span class='ocr_line' id='line_1_39' title="bbox 195 2643 1228 2693; baseline 0.002 -13"><span class='ocrx_word' id='word_1_250' title='bbox 195 2647 439 2682; x_wconf 74' lang='lat' dir='ltr'>convertunt.</span> <span class='ocrx_word' id='word_1_251' title='bbox 469 2646 519 2682; x_wconf 89' lang='lat' dir='ltr'>De</span> <span class='ocrx_word' id='word_1_252' title='bbox 538 2644 650 2682; x_wconf 89' lang='lat' dir='ltr'>tertio</span> <span class='ocrx_word' id='word_1_253' title='bbox 669 2645 681 2667; x_wconf 77' lang='lat'>⁸</span> <span class='ocrx_word' id='word_1_254' title='bbox 705 2657 713 2680; x_wconf 92' lang='lat'><strong>:</strong></span> <span class='ocrx_word' id='word_1_255' title='bbox 738 2657 756 2678; x_wconf 86' lang='lat'>«</span> <span class='ocrx_word' id='word_1_256' title='bbox 781 2643 1007 2681; x_wconf 83' lang='lat' dir='ltr'>Maledictus</span> <span class='ocrx_word' id='word_1_257' title='bbox 1022 2675 1031 2691; x_wconf 93' lang='lat'>,</span> <span class='ocrx_word' id='word_1_258' title='bbox 1059 2645 1127 2693; x_wconf 89' lang='lat' dir='ltr'>qui</span> <span class='ocrx_word' id='word_1_259' title='bbox 1147 2656 1228 2683; x_wconf 92' lang='lat' dir='ltr'>non</span> 
     </span>
     <span class='ocr_line' id='line_1_40' title="bbox 192 2705 1227 2754; baseline 0.001 -10"><span class='ocrx_word' id='word_1_260' title='bbox 192 2709 397 2754; x_wconf 88' lang='lat' dir='ltr'>permanet</span> <span class='ocrx_word' id='word_1_261' title='bbox 424 2706 465 2744; x_wconf 91' lang='lat' dir='ltr'>in</span> <span class='ocrx_word' id='word_1_262' title='bbox 499 2706 748 2744; x_wconf 85' lang='lat' dir='ltr'>sermonibus</span> <span class='ocrx_word' id='word_1_263' title='bbox 774 2705 872 2754; x_wconf 89' lang='lat' dir='ltr'>legis</span> <span class='ocrx_word' id='word_1_264' title='bbox 900 2707 1017 2754; x_wconf 86' lang='lat' dir='ltr'>hujus</span> <span class='ocrx_word' id='word_1_265' title='bbox 1034 2735 1045 2754; x_wconf 93' lang='lat'>‚</span> <span class='ocrx_word' id='word_1_266' title='bbox 1077 2718 1150 2744; x_wconf 89' lang='lat' dir='ltr'>nec</span> <span class='ocrx_word' id='word_1_267' title='bbox 1181 2719 1227 2745; x_wconf 89' lang='lat' dir='ltr'>ea</span> 
     </span>
     <span class='ocr_line' id='line_1_41' title="bbox 193 2770 1224 2819; baseline 0.002 -12"><span class='ocrx_word' id='word_1_268' title='bbox 193 2781 311 2818; x_wconf 90' lang='lat' dir='ltr'>opere</span> <span class='ocrx_word' id='word_1_269' title='bbox 331 2770 496 2819; x_wconf 84' lang='lat' dir='ltr'>perficit.</span> <span class='ocrx_word' id='word_1_270' title='bbox 518 2784 534 2805; x_wconf 90' lang='lat'>»</span> <span class='ocrx_word' id='word_1_271' title='bbox 570 2772 802 2808; x_wconf 86' lang='lat' dir='ltr'>Permanere</span> <span class='ocrx_word' id='word_1_272' title='bbox 834 2770 1002 2818; x_wconf 88' lang='lat' dir='ltr'>pertinet</span> <span class='ocrx_word' id='word_1_273' title='bbox 1029 2771 1080 2808; x_wconf 91' lang='lat' dir='ltr'>ad</span> <span class='ocrx_word' id='word_1_274' title='bbox 1106 2772 1224 2809; x_wconf 87' lang='lat' dir='ltr'>affec-</span> 
     </span>
     <span class='ocr_line' id='line_1_42' title="bbox 191 2832 814 2880; baseline 0.002 -11"><span class='ocrx_word' id='word_1_275' title='bbox 191 2835 274 2870; x_wconf 89' lang='lat' dir='ltr'>tam</span> <span class='ocrx_word' id='word_1_276' title='bbox 285 2845 297 2879; x_wconf 67' lang='grc' dir='ltr'><strong><em>ς</em></strong></span> <span class='ocrx_word' id='word_1_277' title='bbox 318 2832 526 2880; x_wconf 87' lang='lat' dir='ltr'>perficere,</span> <span class='ocrx_word' id='word_1_278' title='bbox 548 2832 601 2871; x_wconf 89' lang='lat' dir='ltr'>ad</span> <span class='ocrx_word' id='word_1_279' title='bbox 620 2832 814 2871; x_wconf 82' lang='lat' dir='ltr'>effectum.</span> 
     </span>
    </p>
   </div>
   <div class='ocr_carea' id='block_1_6' title="bbox 517 2939 895 2986">
    <p class='ocr_par' dir='ltr' id='par_1_6' title="bbox 517 2939 895 2986">
     <span class='ocr_line' id='line_1_43' title="bbox 517 2939 895 2986; baseline 0.003 -12"><span class='ocrx_word' id='word_1_280' title='bbox 517 2939 704 2974; x_wconf 81' lang='lat' dir='ltr'>Articulus</span> <span class='ocrx_word' id='word_1_281' title='bbox 730 2941 895 2986; x_wconf 76' lang='lat' dir='ltr'>quartus.</span> 
     </span>
    </p>
   </div>
   <div class='ocr_carea' id='block_1_7' title="bbox 185 3021 1222 3445">
    <p class='ocr_par' dir='ltr' id='par_1_7' title="bbox 185 3021 1222 3445">
     <span class='ocr_line' id='line_1_44' title="bbox 237 3021 1222 3066; baseline 0.004 -10"><span class='ocrx_word' id='word_1_282' title='bbox 237 3022 308 3066; x_wconf 80' lang='lat' dir='ltr'>Qui</span> <span class='ocrx_word' id='word_1_283' title='bbox 328 3022 508 3058; x_wconf 76' lang='lat' dir='ltr'>declinant</span> <span class='ocrx_word' id='word_1_284' title='bbox 529 3033 551 3057; x_wconf 87' lang='grc' dir='ltr'><em>α</em></span> <span class='ocrx_word' id='word_1_285' title='bbox 570 3021 755 3058; x_wconf 75' lang='lat' dir='ltr'>mandatis</span> <span class='ocrx_word' id='word_1_286' title='bbox 785 3023 872 3058; x_wconf 82' lang='lat' dir='ltr'>tuis.</span> <span class='ocrx_word' id='word_1_287' title='bbox 908 3023 1003 3058; x_wconf 86' lang='lat' dir='ltr'>Ecce</span> <span class='ocrx_word' id='word_1_288' title='bbox 1029 3033 1110 3059; x_wconf 68' lang='lat' dir='ltr'>vox</span> <span class='ocrx_word' id='word_1_289' title='bbox 1128 3022 1222 3060; x_wconf 86' lang='lat' dir='ltr'>ulti-</span> 
     </span>
     <span class='ocr_line' id='line_1_45' title="bbox 187 3083 1222 3132; baseline 0.002 -12"><span class='ocrx_word' id='word_1_290' title='bbox 187 3095 252 3121; x_wconf 88' lang='lat' dir='ltr'>ma</span> <span class='ocrx_word' id='word_1_291' title='bbox 266 3112 278 3129; x_wconf 89' lang='lat'>,</span> <span class='ocrx_word' id='word_1_292' title='bbox 300 3095 388 3132; x_wconf 79' lang='lat' dir='ltr'>quae</span> <span class='ocrx_word' id='word_1_293' title='bbox 417 3083 652 3121; x_wconf 89' lang='lat' dir='ltr'>determinat</span> <span class='ocrx_word' id='word_1_294' title='bbox 677 3084 787 3132; x_wconf 87' lang='lat' dir='ltr'>quod</span> <span class='ocrx_word' id='word_1_295' title='bbox 809 3083 964 3132; x_wconf 88' lang='lat' dir='ltr'>tepidus</span> <span class='ocrx_word' id='word_1_296' title='bbox 982 3095 1003 3120; x_wconf 90' lang='lat' dir='ltr'>a</span> <span class='ocrx_word' id='word_1_297' title='bbox 1024 3085 1222 3123; x_wconf 89' lang='lat' dir='ltr'>mandatis</span> 
     </span>
     <span class='ocr_line' id='line_1_46' title="bbox 188 3144 1221 3195; baseline 0.003 -12"><span class='ocrx_word' id='word_1_298' title='bbox 188 3151 378 3194; x_wconf 84' lang='lat' dir='ltr'>tanquam</span> <span class='ocrx_word' id='word_1_299' title='bbox 398 3156 422 3182; x_wconf 91' lang='lat' dir='ltr'>a</span> <span class='ocrx_word' id='word_1_300' title='bbox 442 3145 508 3182; x_wconf 88' lang='lat' dir='ltr'>via</span> <span class='ocrx_word' id='word_1_301' title='bbox 528 3144 700 3182; x_wconf 81' lang='lat' dir='ltr'>veritatis</span> <span class='ocrx_word' id='word_1_302' title='bbox 718 3145 902 3182; x_wconf 87' lang='lat' dir='ltr'>declinat.</span> <span class='ocrx_word' id='word_1_303' title='bbox 926 3148 967 3182; x_wconf 94' lang='lat' dir='ltr'>Et</span> <span class='ocrx_word' id='word_1_304' title='bbox 987 3148 1094 3193; x_wconf 83' lang='lat' dir='ltr'>nota,</span> <span class='ocrx_word' id='word_1_305' title='bbox 1110 3148 1221 3195; x_wconf 88' lang='lat' dir='ltr'>quod</span> 
     </span>
     <span class='ocr_line' id='line_1_47' title="bbox 187 3207 1219 3256; baseline 0.003 -11"><span class='ocrx_word' id='word_1_306' title='bbox 187 3208 331 3246; x_wconf 80' lang='lat' dir='ltr'>diversi</span> <span class='ocrx_word' id='word_1_307' title='bbox 364 3207 563 3245; x_wconf 90' lang='lat' dir='ltr'>declinant</span> <span class='ocrx_word' id='word_1_308' title='bbox 595 3208 862 3245; x_wconf 87' lang='lat' dir='ltr'>diversimode</span> <span class='ocrx_word' id='word_1_309' title='bbox 885 3221 894 3245; x_wconf 76' lang='lat' dir='ltr'><strong><em>z</em></strong></span> <span class='ocrx_word' id='word_1_310' title='bbox 916 3209 1081 3256; x_wconf 87' lang='lat' dir='ltr'>quidam</span> <span class='ocrx_word' id='word_1_311' title='bbox 1109 3221 1219 3249; x_wconf 85' lang='lat' dir='ltr'>nam-</span> 
     </span>
     <span class='ocr_line' id='line_1_48' title="bbox 185 3270 1219 3320; baseline 0.003 -12"><span class='ocrx_word' id='word_1_312' title='bbox 185 3282 263 3320; x_wconf 90' lang='lat' dir='ltr'>que</span> <span class='ocrx_word' id='word_1_313' title='bbox 289 3270 487 3308; x_wconf 86' lang='lat' dir='ltr'>declinant</span> <span class='ocrx_word' id='word_1_314' title='bbox 515 3281 605 3307; x_wconf 91' lang='lat' dir='ltr'>cum</span> <span class='ocrx_word' id='word_1_315' title='bbox 637 3270 741 3307; x_wconf 80' lang='lat' dir='ltr'>bove</span> <span class='ocrx_word' id='word_1_316' title='bbox 775 3270 1023 3319; x_wconf 88' lang='lat' dir='ltr'>calcitrante;</span> <span class='ocrx_word' id='word_1_317' title='bbox 1055 3272 1219 3320; x_wconf 87' lang='lat' dir='ltr'>quidam</span> 
     </span>
     <span class='ocr_line' id='line_1_49' title="bbox 185 3332 1217 3381; baseline 0.004 -11"><span class='ocrx_word' id='word_1_318' title='bbox 185 3344 275 3371; x_wconf 89' lang='lat' dir='ltr'>cum</span> <span class='ocrx_word' id='word_1_319' title='bbox 291 3343 412 3371; x_wconf 88' lang='lat' dir='ltr'>vacca</span> <span class='ocrx_word' id='word_1_320' title='bbox 431 3332 684 3379; x_wconf 79' lang='lat' dir='ltr'>lasciviente3</span> <span class='ocrx_word' id='word_1_321' title='bbox 707 3332 872 3381; x_wconf 89' lang='lat' dir='ltr'>quidam</span> <span class='ocrx_word' id='word_1_322' title='bbox 902 3345 993 3370; x_wconf 88' lang='lat' dir='ltr'>cum</span> <span class='ocrx_word' id='word_1_323' title='bbox 1025 3334 1136 3372; x_wconf 88' lang='lat' dir='ltr'>asina</span> <span class='ocrx_word' id='word_1_324' title='bbox 1160 3335 1217 3374; x_wconf 92' lang='lat' dir='ltr'>lo-</span> 
     </span>
     <span class='ocr_line' id='line_1_50' title="bbox 186 3394 1213 3445; baseline 0.003 -13"><span class='ocrx_word' id='word_1_325' title='bbox 186 3405 276 3432; x_wconf 90' lang='lat' dir='ltr'>cum</span> <span class='ocrx_word' id='word_1_326' title='bbox 312 3395 443 3433; x_wconf 88' lang='lat' dir='ltr'>dante.</span> <span class='ocrx_word' id='word_1_327' title='bbox 477 3394 605 3434; x_wconf 82' lang='lat' dir='ltr'>Prima</span> <span class='ocrx_word' id='word_1_328' title='bbox 637 3394 849 3434; x_wconf 86' lang='lat' dir='ltr'>declinatio</span> <span class='ocrx_word' id='word_1_329' title='bbox 886 3398 942 3433; x_wconf 89' lang='lat' dir='ltr'>est</span> <span class='ocrx_word' id='word_1_330' title='bbox 977 3395 1213 3445; x_wconf 82' lang='lat' dir='ltr'>immatura3</span> 
     </span>
    </p>
   </div>
   <div class='ocr_carea' id='block_1_8' title="bbox 230 3525 1216 3571">
    <p class='ocr_par' dir='ltr' id='par_1_8' title="bbox 230 3525 1216 3571">
     <span class='ocr_line' id='line_1_51' title="bbox 230 3525 1216 3571; baseline 0.003 -12"><span class='ocrx_word' id='word_1_331' title='bbox 230 3527 236 3544; x_wconf 91' lang='lat'><strong>¹</strong></span> <span class='ocrx_word' id='word_1_332' title='bbox 253 3525 374 3568; x_wconf 76' lang='lat' dir='ltr'>Ecclt&#39;.,</span> <span class='ocrx_word' id='word_1_333' title='bbox 393 3535 440 3568; x_wconf 83' lang='lat' dir='ltr'>xl,</span> <span class='ocrx_word' id='word_1_334' title='bbox 461 3527 512 3560; x_wconf 82' lang='lat'>32.</span> <span class='ocrx_word' id='word_1_335' title='bbox 530 3544 571 3552; x_wconf 88' lang='lat'>-—</span> <span class='ocrx_word' id='word_1_336' title='bbox 590 3527 604 3551; x_wconf 69' lang='grc' dir='ltr'>θ</span> <span class='ocrx_word' id='word_1_337' title='bbox 622 3528 734 3567; x_wconf 83' lang='lat' dir='ltr'>P1·ov.,</span> <span class='ocrx_word' id='word_1_338' title='bbox 756 3535 832 3568; x_wconf 77' lang='lat' dir='ltr'>xm,</span> <span class='ocrx_word' id='word_1_339' title='bbox 856 3529 903 3560; x_wconf 83' lang='lat'>10.</span> <span class='ocrx_word' id='word_1_340' title='bbox 924 3544 963 3551; x_wconf 94' lang='lat'><strong>—</strong></span> <span class='ocrx_word' id='word_1_341' title='bbox 983 3528 993 3546; x_wconf 81' lang='lat'>²</span> <span class='ocrx_word' id='word_1_342' title='bbox 1010 3527 1120 3570; x_wconf 67' lang='lat' dir='ltr'>Prov„</span> <span class='ocrx_word' id='word_1_343' title='bbox 1141 3538 1216 3571; x_wconf 76' lang='lat' dir='ltr'>xxi,</span> 
     </span>
    </p>
   </div>
   <div class='ocr_carea' id='block_1_9' title="bbox 2292 262 2367 300">
    <p class='ocr_par' dir='ltr' id='par_1_9' title="bbox 2292 262 2367 300">
     <span class='ocr_line' id='line_1_52' title="bbox 2292 262 2367 300; baseline -0.027 0"><span class='ocrx_word' id='word_1_344' title='bbox 2292 262 2367 300; x_wconf 70' lang='lat'>347</span> 
     </span>
    </p>
   </div>
   <div class='ocr_carea' id='block_1_10' title="bbox 1318 338 2512 1570">
    <p class='ocr_par' dir='ltr' id='par_1_10' title="bbox 1333 338 2366 394">
     <span class='ocr_line' id='line_1_53' title="bbox 1333 338 2366 394; baseline 0.012 -21"><span class='ocrx_word' id='word_1_345' title='bbox 1333 338 1511 375; x_wconf 86' lang='lat' dir='ltr'>secunda</span> <span class='ocrx_word' id='word_1_346' title='bbox 1529 339 1686 387; x_wconf 87' lang='lat' dir='ltr'>impura</span> <span class='ocrx_word' id='word_1_347' title='bbox 1702 353 1712 378; x_wconf 91' lang='lat'><strong>:</strong></span> <span class='ocrx_word' id='word_1_348' title='bbox 1726 344 1796 380; x_wconf 91' lang='lat' dir='ltr'>sed</span> <span class='ocrx_word' id='word_1_349' title='bbox 1817 345 1930 382; x_wconf 89' lang='lat' dir='ltr'>tertia</span> <span class='ocrx_word' id='word_1_350' title='bbox 1944 354 2097 384; x_wconf 89' lang='lat' dir='ltr'>secura.</span> <span class='ocrx_word' id='word_1_351' title='bbox 2117 348 2168 384; x_wconf 90' lang='lat' dir='ltr'>De</span> <span class='ocrx_word' id='word_1_352' title='bbox 2188 347 2316 394; x_wconf 84' lang='lat' dir='ltr'>primo</span> <span class='ocrx_word' id='word_1_353' title='bbox 2332 349 2366 385; x_wconf 88' lang='lat'>⁷:</span> 
     </span>
    </p>

    <p class='ocr_par' dir='ltr' id='par_1_11' title="bbox 1336 400 2358 451">
     <span class='ocr_line' id='line_1_54' title="bbox 1336 400 2358 451; baseline 0.012 -16"><span class='ocrx_word' id='word_1_354' title='bbox 1336 413 1354 434; x_wconf 71' lang='grc' dir='ltr'><strong>α</strong></span> <span class='ocrx_word' id='word_1_355' title='bbox 1370 400 1630 439; x_wconf 83' lang='lat' dir='ltr'>calcitrabant</span> <span class='ocrx_word' id='word_1_356' title='bbox 1647 403 1791 451; x_wconf 75' lang='lat' dir='ltr'>boves.</span> <span class='ocrx_word' id='word_1_357' title='bbox 1807 409 1844 443; x_wconf 92' lang='lat' dir='ltr'>et</span> <span class='ocrx_word' id='word_1_358' title='bbox 1864 407 2159 445; x_wconf 86' lang='lat' dir='ltr'>declinaverunt</span> <span class='ocrx_word' id='word_1_359' title='bbox 2177 420 2324 446; x_wconf 87' lang='lat' dir='ltr'>arcam.</span> <span class='ocrx_word' id='word_1_360' title='bbox 2341 424 2358 445; x_wconf 78' lang='lat' dir='ltr'>r&gt;</span> 
     </span>
    </p>

    <p class='ocr_par' dir='ltr' id='par_1_12' title="bbox 1327 462 2367 882">
     <span class='ocr_line' id='line_1_55' title="bbox 1331 462 2367 520; baseline 0.01 -21"><span class='ocrx_word' id='word_1_361' title='bbox 1331 462 1440 500; x_wconf 91' lang='lat' dir='ltr'>Tales</span> <span class='ocrx_word' id='word_1_362' title='bbox 1474 467 1563 501; x_wconf 89' lang='lat' dir='ltr'>sunt</span> <span class='ocrx_word' id='word_1_363' title='bbox 1601 468 1731 502; x_wconf 87' lang='lat' dir='ltr'>motus</span> <span class='ocrx_word' id='word_1_364' title='bbox 1768 467 1942 506; x_wconf 83' lang='lat' dir='ltr'>brutales</span> <span class='ocrx_word' id='word_1_365' title='bbox 1978 473 2014 506; x_wconf 87' lang='lat' dir='ltr'>et</span> <span class='ocrx_word' id='word_1_366' title='bbox 2045 471 2264 517; x_wconf 87' lang='lat' dir='ltr'>immaturi,</span> <span class='ocrx_word' id='word_1_367' title='bbox 2299 473 2367 520; x_wconf 86' lang='lat' dir='ltr'>qui</span> 
     </span>
     <span class='ocr_line' id='line_1_56' title="bbox 1333 524 2366 575; baseline 0.011 -15"><span class='ocrx_word' id='word_1_368' title='bbox 1333 524 1430 561; x_wconf 86' lang='lat' dir='ltr'>dum</span> <span class='ocrx_word' id='word_1_369' title='bbox 1450 526 1593 563; x_wconf 87' lang='lat' dir='ltr'>rationi</span> <span class='ocrx_word' id='word_1_370' title='bbox 1613 528 1875 575; x_wconf 85' lang='lat' dir='ltr'>recalcitrant,</span> <span class='ocrx_word' id='word_1_371' title='bbox 1896 542 2028 568; x_wconf 89' lang='lat' dir='ltr'>arcam</span> <span class='ocrx_word' id='word_1_372' title='bbox 2049 534 2366 571; x_wconf 85' lang='lat' dir='ltr'>sanctificationis</span> 
     </span>
     <span class='ocr_line' id='line_1_57' title="bbox 1330 586 2366 634; baseline 0.013 -13"><span class='ocrx_word' id='word_1_373' title='bbox 1330 586 1532 624; x_wconf 89' lang='lat' dir='ltr'>inclinant.</span> <span class='ocrx_word' id='word_1_374' title='bbox 1564 591 1614 626; x_wconf 91' lang='lat' dir='ltr'>De</span> <span class='ocrx_word' id='word_1_375' title='bbox 1645 591 1822 628; x_wconf 89' lang='lat' dir='ltr'>secundo</span> <span class='ocrx_word' id='word_1_376' title='bbox 1842 594 1855 614; x_wconf 75' lang='lat'>³</span> <span class='ocrx_word' id='word_1_377' title='bbox 1888 605 1896 629; x_wconf 89' lang='lat'>:</span> <span class='ocrx_word' id='word_1_378' title='bbox 1933 606 1950 627; x_wconf 89' lang='lat'>«</span> <span class='ocrx_word' id='word_1_379' title='bbox 1978 594 2080 631; x_wconf 86' lang='lat' dir='ltr'>Sicut</span> <span class='ocrx_word' id='word_1_380' title='bbox 2108 606 2226 633; x_wconf 78' lang='lat' dir='ltr'>vacca</span> <span class='ocrx_word' id='word_1_381' title='bbox 2255 597 2366 634; x_wconf 88' lang='lat' dir='ltr'>lasci-</span> 
     </span>
     <span class='ocr_line' id='line_1_58' title="bbox 1329 647 2365 696; baseline 0.014 -14"><span class='ocrx_word' id='word_1_382' title='bbox 1329 647 1461 693; x_wconf 90' lang='lat' dir='ltr'>viens,</span> <span class='ocrx_word' id='word_1_383' title='bbox 1482 650 1695 689; x_wconf 84' lang='lat' dir='ltr'>declinavit</span> <span class='ocrx_word' id='word_1_384' title='bbox 1723 654 1855 692; x_wconf 78' lang='lat' dir='ltr'>lsrael.</span> <span class='ocrx_word' id='word_1_385' title='bbox 1889 669 1906 690; x_wconf 87' lang='lat'>»</span> <span class='ocrx_word' id='word_1_386' title='bbox 1944 656 2052 693; x_wconf 90' lang='lat' dir='ltr'>Tales</span> <span class='ocrx_word' id='word_1_387' title='bbox 2083 661 2172 694; x_wconf 84' lang='lat' dir='ltr'>sunt</span> <span class='ocrx_word' id='word_1_388' title='bbox 2206 659 2365 696; x_wconf 83' lang='lat' dir='ltr'>affectus</span> 
     </span>
     <span class='ocr_line' id='line_1_59' title="bbox 1328 709 2364 767; baseline 0.011 -22"><span class='ocrx_word' id='word_1_389' title='bbox 1328 709 1511 747; x_wconf 87' lang='lat' dir='ltr'>bestiales</span> <span class='ocrx_word' id='word_1_390' title='bbox 1543 713 1687 761; x_wconf 85' lang='lat' dir='ltr'>impuri</span> <span class='ocrx_word' id='word_1_391' title='bbox 1709 743 1722 761; x_wconf 85' lang='lat'>,</span> <span class='ocrx_word' id='word_1_392' title='bbox 1743 717 1812 764; x_wconf 83' lang='lat' dir='ltr'>qui</span> <span class='ocrx_word' id='word_1_393' title='bbox 1843 717 2160 766; x_wconf 85' lang='lat' dir='ltr'>derelinquentes</span> <span class='ocrx_word' id='word_1_394' title='bbox 2192 720 2364 767; x_wconf 86' lang='lat' dir='ltr'>discipli-</span> 
     </span>
     <span class='ocr_line' id='line_1_60' title="bbox 1327 773 2365 826; baseline 0.012 -19"><span class='ocrx_word' id='word_1_395' title='bbox 1327 782 1440 818; x_wconf 88' lang='lat' dir='ltr'>nam,</span> <span class='ocrx_word' id='word_1_396' title='bbox 1464 773 1662 812; x_wconf 87' lang='lat' dir='ltr'>declinant</span> <span class='ocrx_word' id='word_1_397' title='bbox 1691 778 1742 814; x_wconf 89' lang='lat' dir='ltr'>ad</span> <span class='ocrx_word' id='word_1_398' title='bbox 1763 779 1932 817; x_wconf 86' lang='lat' dir='ltr'>ruinam.</span> <span class='ocrx_word' id='word_1_399' title='bbox 1957 783 2006 817; x_wconf 85' lang='lat' dir='ltr'>De</span> <span class='ocrx_word' id='word_1_400' title='bbox 2029 781 2160 826; x_wconf 88' lang='lat' dir='ltr'>tertio,</span> <span class='ocrx_word' id='word_1_401' title='bbox 2181 782 2250 818; x_wconf 90' lang='lat' dir='ltr'>ubi</span> <span class='ocrx_word' id='word_1_402' title='bbox 2272 782 2365 819; x_wconf 87' lang='lat' dir='ltr'>dicit</span> 
     </span>
     <span class='ocr_line' id='line_1_61' title="bbox 1327 835 2364 882; baseline 0.012 -12"><span class='ocrx_word' id='word_1_403' title='bbox 1327 835 1496 882; x_wconf 79' lang='lat' dir='ltr'>Angelus</span> <span class='ocrx_word' id='word_1_404' title='bbox 1518 837 1570 874; x_wconf 89' lang='lat' dir='ltr'>ad</span> <span class='ocrx_word' id='word_1_405' title='bbox 1587 840 1748 877; x_wconf 85' lang='lat' dir='ltr'>Balaam</span> <span class='ocrx_word' id='word_1_406' title='bbox 1767 842 1780 862; x_wconf 80' lang='lat'>⁹</span> <span class='ocrx_word' id='word_1_407' title='bbox 1803 854 1811 878; x_wconf 92' lang='lat'>:</span> <span class='ocrx_word' id='word_1_408' title='bbox 1837 856 1855 876; x_wconf 82' lang='lat'>«</span> <span class='ocrx_word' id='word_1_409' title='bbox 1883 843 1960 879; x_wconf 80' lang='lat' dir='ltr'>Nisi</span> <span class='ocrx_word' id='word_1_410' title='bbox 1992 844 2102 880; x_wconf 70' lang='lat' dir='ltr'>asina</span> <span class='ocrx_word' id='word_1_411' title='bbox 2130 844 2364 882; x_wconf 84' lang='lat' dir='ltr'>declinasset</span> 
     </span>
    </p>

    <p class='ocr_par' dir='ltr' id='par_1_13' title="bbox 1327 898 2363 953">
     <span class='ocr_line' id='line_1_62' title="bbox 1327 898 2363 953; baseline 0.011 -20"><span class='ocrx_word' id='word_1_412' title='bbox 1327 908 1350 933; x_wconf 91' lang='lat' dir='ltr'>a</span> <span class='ocrx_word' id='word_1_413' title='bbox 1380 898 1443 935; x_wconf 90' lang='lat' dir='ltr'>via</span> <span class='ocrx_word' id='word_1_414' title='bbox 1473 898 1572 936; x_wconf 87' lang='lat' dir='ltr'>dans</span> <span class='ocrx_word' id='word_1_415' title='bbox 1604 901 1740 939; x_wconf 85' lang='lat' dir='ltr'>locum</span> <span class='ocrx_word' id='word_1_416' title='bbox 1759 904 1970 951; x_wconf 86' lang='lat' dir='ltr'>resistenti,</span> <span class='ocrx_word' id='word_1_417' title='bbox 1993 909 2028 943; x_wconf 91' lang='lat' dir='ltr'>te</span> <span class='ocrx_word' id='word_1_418' title='bbox 2050 907 2303 953; x_wconf 74' lang='lat' dir='ltr'>occidissem,</span> <span class='ocrx_word' id='word_1_419' title='bbox 2327 912 2363 944; x_wconf 88' lang='lat' dir='ltr'>et</span> 
     </span>
    </p>

    <p class='ocr_par' dir='ltr' id='par_1_14' title="bbox 1318 959 2512 1570">
     <span class='ocr_line' id='line_1_63' title="bbox 1325 959 2361 1016; baseline 0.01 -20"><span class='ocrx_word' id='word_1_420' title='bbox 1325 959 1393 996; x_wconf 85' lang='lat' dir='ltr'>illa</span> <span class='ocrx_word' id='word_1_421' title='bbox 1427 961 1585 999; x_wconf 82' lang='lat' dir='ltr'>viveret.</span> <span class='ocrx_word' id='word_1_422' title='bbox 1613 976 1630 999; x_wconf 90' lang='lat'>»</span> <span class='ocrx_word' id='word_1_423' title='bbox 1655 964 1731 1000; x_wconf 84' lang='lat' dir='ltr'>Sed</span> <span class='ocrx_word' id='word_1_424' title='bbox 1760 966 1858 1013; x_wconf 87' lang='lat' dir='ltr'>quid</span> <span class='ocrx_word' id='word_1_425' title='bbox 1887 967 1964 1004; x_wconf 92' lang='lat' dir='ltr'>hoc</span> <span class='ocrx_word' id='word_1_426' title='bbox 1996 968 2048 1005; x_wconf 89' lang='lat' dir='ltr'>ad</span> <span class='ocrx_word' id='word_1_427' title='bbox 2078 969 2361 1016; x_wconf 75' lang='lat' dir='ltr'>propositum?</span> 
     </span>
     <span class='ocr_line' id='line_1_64' title="bbox 1325 1022 2361 1077; baseline 0.009 -17"><span class='ocrx_word' id='word_1_428' title='bbox 1325 1022 1485 1060; x_wconf 85' lang='lat' dir='ltr'>Multum</span> <span class='ocrx_word' id='word_1_429' title='bbox 1523 1025 1686 1072; x_wconf 87' lang='lat' dir='ltr'>quidem</span> <span class='ocrx_word' id='word_1_430' title='bbox 1726 1038 1796 1075; x_wconf 88' lang='lat' dir='ltr'>per</span> <span class='ocrx_word' id='word_1_431' title='bbox 1835 1040 1996 1067; x_wconf 89' lang='lat' dir='ltr'>omnem</span> <span class='ocrx_word' id='word_1_432' title='bbox 2027 1031 2228 1077; x_wconf 56' lang='lat' dir='ltr'>⁴niodum3</span> <span class='ocrx_word' id='word_1_433' title='bbox 2267 1043 2361 1068; x_wconf 85' lang='lat' dir='ltr'>nam</span> 
     </span>
     <span class='ocr_line' id='line_1_65' title="bbox 1323 1085 2512 1140; baseline 0.009 -19"><span class='ocrx_word' id='word_1_434' title='bbox 1323 1085 1473 1122; x_wconf 77' lang='lat' dir='ltr'>Balaam</span> <span class='ocrx_word' id='word_1_435' title='bbox 1505 1087 1700 1134; x_wconf 85' lang='lat' dir='ltr'>significat</span> <span class='ocrx_word' id='word_1_436' title='bbox 1729 1091 1947 1138; x_wconf 87' lang='lat' dir='ltr'>appetitum</span> <span class='ocrx_word' id='word_1_437' title='bbox 1981 1093 2247 1140; x_wconf 82' lang='lat' dir='ltr'>superiorein,</span> <span class='ocrx_word' id='word_1_438' title='bbox 2279 1094 2359 1130; x_wconf 77' lang='lat' dir='ltr'>sive</span> <span class='ocrx_word' id='word_1_439' title='bbox 2382 1111 2512 1138; x_wconf 59' lang='lat' dir='ltr'>Balaam.</span> 
     </span>
     <span class='ocr_line' id='line_1_66' title="bbox 1322 1146 2478 1202; baseline 0.013 -20"><span class='ocrx_word' id='word_1_440' title='bbox 1322 1146 1557 1185; x_wconf 84' lang='lat' dir='ltr'>rationalem</span> <span class='ocrx_word' id='word_1_441' title='bbox 1570 1161 1582 1196; x_wconf 80' lang='lat'>3</span> <span class='ocrx_word' id='word_1_442' title='bbox 1605 1153 1710 1187; x_wconf 69' lang='lat' dir='ltr'>asina</span> <span class='ocrx_word' id='word_1_443' title='bbox 1737 1151 1986 1200; x_wconf 83' lang='lat' dir='ltr'>inferiorem,</span> <span class='ocrx_word' id='word_1_444' title='bbox 2006 1154 2088 1191; x_wconf 90' lang='lat' dir='ltr'>sive</span> <span class='ocrx_word' id='word_1_445' title='bbox 2118 1155 2357 1202; x_wconf 76' lang='lat' dir='ltr'>animalem,</span> <span class='ocrx_word' id='word_1_446' title='bbox 2379 1169 2478 1196; x_wconf 69' lang='lat' dir='ltr'>Asina.</span> 
     </span>
     <span class='ocr_line' id='line_1_67' title="bbox 1321 1211 2358 1264; baseline 0.011 -20"><span class='ocrx_word' id='word_1_447' title='bbox 1321 1211 1412 1256; x_wconf 73' lang='lat' dir='ltr'>via,</span> <span class='ocrx_word' id='word_1_448' title='bbox 1442 1221 1616 1249; x_wconf 79' lang='lat' dir='ltr'>errore-m</span> <span class='ocrx_word' id='word_1_449' title='bbox 1651 1226 1660 1249; x_wconf 88' lang='lat'>:</span> <span class='ocrx_word' id='word_1_450' title='bbox 1691 1214 1908 1262; x_wconf 69' lang='lat' dir='ltr'>declinatio,</span> <span class='ocrx_word' id='word_1_451' title='bbox 1943 1217 2144 1264; x_wconf 87' lang='lat' dir='ltr'>timorem;</span> <span class='ocrx_word' id='word_1_452' title='bbox 2175 1219 2358 1264; x_wconf 70' lang='lat' dir='ltr'>Anqelus,</span> 
     </span>
     <span class='ocr_line' id='line_1_68' title="bbox 1322 1273 2357 1327; baseline 0.01 -19"><span class='ocrx_word' id='word_1_453' title='bbox 1322 1273 1622 1312; x_wconf 86' lang='lat' dir='ltr'>correctionem.</span> <span class='ocrx_word' id='word_1_454' title='bbox 1646 1276 1740 1314; x_wconf 81' lang='lat' dir='ltr'>Dicit</span> <span class='ocrx_word' id='word_1_455' title='bbox 1771 1288 1866 1325; x_wconf 85' lang='lat' dir='ltr'>ergo</span> <span class='ocrx_word' id='word_1_456' title='bbox 1891 1279 2085 1326; x_wconf 76' lang='lat' dir='ltr'>Angelus,</span> <span class='ocrx_word' id='word_1_457' title='bbox 2107 1280 2148 1317; x_wconf 90' lang='lat' dir='ltr'>id</span> <span class='ocrx_word' id='word_1_458' title='bbox 2170 1284 2248 1327; x_wconf 86' lang='lat' dir='ltr'>est,</span> <span class='ocrx_word' id='word_1_459' title='bbox 2273 1292 2357 1318; x_wconf 89' lang='lat' dir='ltr'>cor-</span> 
     </span>
     <span class='ocr_line' id='line_1_69' title="bbox 1320 1337 2354 1391; baseline 0.01 -20"><span class='ocrx_word' id='word_1_460' title='bbox 1320 1338 1461 1382; x_wconf 90' lang='lat' dir='ltr'>rector,</span> <span class='ocrx_word' id='word_1_461' title='bbox 1486 1337 1597 1384; x_wconf 91' lang='lat' dir='ltr'>quod</span> <span class='ocrx_word' id='word_1_462' title='bbox 1617 1339 1691 1375; x_wconf 88' lang='lat' dir='ltr'>nisi</span> <span class='ocrx_word' id='word_1_463' title='bbox 1713 1339 1822 1377; x_wconf 88' lang='lat' dir='ltr'>asina</span> <span class='ocrx_word' id='word_1_464' title='bbox 1836 1369 1849 1386; x_wconf 89' lang='lat'>,</span> <span class='ocrx_word' id='word_1_465' title='bbox 1870 1341 1912 1377; x_wconf 92' lang='lat' dir='ltr'>id</span> <span class='ocrx_word' id='word_1_466' title='bbox 1940 1345 2016 1388; x_wconf 90' lang='lat' dir='ltr'>est,</span> <span class='ocrx_word' id='word_1_467' title='bbox 2037 1344 2230 1391; x_wconf 89' lang='lat' dir='ltr'>appetitus</span> <span class='ocrx_word' id='word_1_468' title='bbox 2256 1343 2354 1381; x_wconf 84' lang='lat' dir='ltr'>infe-</span> 
     </span>
     <span class='ocr_line' id='line_1_70' title="bbox 1319 1398 2353 1454; baseline 0.01 -20"><span class='ocrx_word' id='word_1_469' title='bbox 1319 1398 1418 1444; x_wconf 89' lang='lat' dir='ltr'>rior,</span> <span class='ocrx_word' id='word_1_470' title='bbox 1441 1410 1464 1436; x_wconf 91' lang='lat' dir='ltr'>a</span> <span class='ocrx_word' id='word_1_471' title='bbox 1484 1400 1554 1437; x_wconf 80' lang='lat' dir='ltr'>viae</span> <span class='ocrx_word' id='word_1_472' title='bbox 1573 1412 1652 1439; x_wconf 84' lang='lat' dir='ltr'>suae</span> <span class='ocrx_word' id='word_1_473' title='bbox 1676 1413 1808 1440; x_wconf 90' lang='lat' dir='ltr'>errore</span> <span class='ocrx_word' id='word_1_474' title='bbox 1837 1404 2070 1442; x_wconf 86' lang='lat' dir='ltr'>declinasset</span> <span class='ocrx_word' id='word_1_475' title='bbox 2088 1417 2168 1454; x_wconf 79' lang='lat' dir='ltr'>prae</span> <span class='ocrx_word' id='word_1_476' title='bbox 2189 1407 2325 1444; x_wconf 91' lang='lat' dir='ltr'>timore</span> <span class='ocrx_word' id='word_1_477' title='bbox 2341 1435 2353 1454; x_wconf 94' lang='lat'><em>‚</em></span> 
     </span>
     <span class='ocr_line' id='line_1_71' title="bbox 1320 1461 2354 1518; baseline 0.01 -22"><span class='ocrx_word' id='word_1_478' title='bbox 1320 1461 1514 1508; x_wconf 87' lang='lat' dir='ltr'>appetitus</span> <span class='ocrx_word' id='word_1_479' title='bbox 1532 1464 1712 1511; x_wconf 87' lang='lat' dir='ltr'>superior</span> <span class='ocrx_word' id='word_1_480' title='bbox 1743 1469 1922 1503; x_wconf 86' lang='lat' dir='ltr'>mortuus</span> <span class='ocrx_word' id='word_1_481' title='bbox 1953 1468 2088 1504; x_wconf 83' lang='lat' dir='ltr'>fuisset</span> <span class='ocrx_word' id='word_1_482' title='bbox 2118 1472 2243 1506; x_wconf 87' lang='lat' dir='ltr'>morte</span> <span class='ocrx_word' id='word_1_483' title='bbox 2276 1470 2354 1518; x_wconf 89' lang='lat' dir='ltr'>spi-</span> 
     </span>
     <span class='ocr_line' id='line_1_72' title="bbox 1318 1523 2159 1570; baseline 0.011 -11"><span class='ocrx_word' id='word_1_484' title='bbox 1318 1523 1471 1570; x_wconf 88' lang='lat' dir='ltr'>rituali,</span> <span class='ocrx_word' id='word_1_485' title='bbox 1494 1527 1531 1562; x_wconf 92' lang='lat' dir='ltr'>et</span> <span class='ocrx_word' id='word_1_486' title='bbox 1550 1525 1711 1564; x_wconf 84' lang='lat' dir='ltr'>inferior</span> <span class='ocrx_word' id='word_1_487' title='bbox 1731 1528 1880 1565; x_wconf 86' lang='lat' dir='ltr'>viveret</span> <span class='ocrx_word' id='word_1_488' title='bbox 1900 1529 1980 1567; x_wconf 88' lang='lat' dir='ltr'>vita</span> <span class='ocrx_word' id='word_1_489' title='bbox 1999 1531 2159 1568; x_wconf 87' lang='lat' dir='ltr'>carnali.</span> 
     </span>
    </p>
   </div>
   <div class='ocr_carea' id='block_1_11' title="bbox 1748 1635 1920 1677">
    <p class='ocr_par' dir='ltr' id='par_1_15' title="bbox 1748 1635 1920 1677">
     <span class='ocr_line' id='line_1_73' title="bbox 1748 1635 1920 1677; baseline 0.012 -11"><span class='ocrx_word' id='word_1_490' title='bbox 1748 1635 1920 1677; x_wconf 85' lang='lat' dir='ltr'>Epilogus.</span> 
     </span>
    </p>
   </div>
   <div class='ocr_carea' id='block_1_12' title="bbox 1307 1711 2355 2322">
    <p class='ocr_par' dir='ltr' id='par_1_16' title="bbox 1307 1711 2355 2322">
     <span class='ocr_line' id='line_1_74' title="bbox 1365 1711 2355 1769; baseline 0.012 -22"><span class='ocrx_word' id='word_1_491' title='bbox 1365 1712 1408 1747; x_wconf 88' lang='lat' dir='ltr'>Et</span> <span class='ocrx_word' id='word_1_492' title='bbox 1425 1711 1502 1749; x_wconf 92' lang='lat' dir='ltr'>hoc</span> <span class='ocrx_word' id='word_1_493' title='bbox 1523 1716 1598 1759; x_wconf 89' lang='lat' dir='ltr'>est,</span> <span class='ocrx_word' id='word_1_494' title='bbox 1627 1715 1736 1762; x_wconf 86' lang='lat' dir='ltr'>quod</span> <span class='ocrx_word' id='word_1_495' title='bbox 1766 1716 1860 1754; x_wconf 92' lang='lat' dir='ltr'>dicit</span> <span class='ocrx_word' id='word_1_496' title='bbox 1890 1719 2084 1766; x_wconf 87' lang='lat' dir='ltr'>Propheta</span> <span class='ocrx_word' id='word_1_497' title='bbox 2116 1719 2157 1756; x_wconf 87' lang='lat' dir='ltr'>in</span> <span class='ocrx_word' id='word_1_498' title='bbox 2183 1731 2355 1769; x_wconf 87' lang='lat' dir='ltr'>persona</span> 
     </span>
     <span class='ocr_line' id='line_1_75' title="bbox 1316 1772 2352 1830; baseline 0.013 -22"><span class='ocrx_word' id='word_1_499' title='bbox 1316 1772 1390 1809; x_wconf 88' lang='lat' dir='ltr'>viri</span> <span class='ocrx_word' id='word_1_500' title='bbox 1407 1773 1522 1820; x_wconf 88' lang='lat' dir='ltr'>justi,</span> <span class='ocrx_word' id='word_1_501' title='bbox 1542 1779 1704 1824; x_wconf 90' lang='lat' dir='ltr'>propter</span> <span class='ocrx_word' id='word_1_502' title='bbox 1724 1778 1885 1816; x_wconf 84' lang='lat' dir='ltr'>effectus</span> <span class='ocrx_word' id='word_1_503' title='bbox 1904 1781 1964 1817; x_wconf 87' lang='lat' dir='ltr'>sui</span> <span class='ocrx_word' id='word_1_504' title='bbox 1984 1785 2187 1830; x_wconf 87' lang='lat' dir='ltr'>aspectum</span> <span class='ocrx_word' id='word_1_505' title='bbox 2208 1786 2244 1820; x_wconf 91' lang='lat' dir='ltr'>et</span> <span class='ocrx_word' id='word_1_506' title='bbox 2263 1784 2352 1821; x_wconf 90' lang='lat' dir='ltr'>des-</span> 
     </span>
     <span class='ocr_line' id='line_1_76' title="bbox 1314 1837 2354 1894; baseline 0.013 -24"><span class='ocrx_word' id='word_1_507' title='bbox 1314 1839 1494 1883; x_wconf 85' lang='lat' dir='ltr'>pectum,</span> <span class='ocrx_word' id='word_1_508' title='bbox 1515 1837 1556 1874; x_wconf 90' lang='lat' dir='ltr'>in</span> <span class='ocrx_word' id='word_1_509' title='bbox 1590 1838 1786 1878; x_wconf 84' lang='lat' dir='ltr'>defectum</span> <span class='ocrx_word' id='word_1_510' title='bbox 1812 1853 1882 1879; x_wconf 88' lang='lat' dir='ltr'>seu</span> <span class='ocrx_word' id='word_1_511' title='bbox 1910 1845 2089 1891; x_wconf 89' lang='lat' dir='ltr'>teporem</span> <span class='ocrx_word' id='word_1_512' title='bbox 2122 1845 2299 1894; x_wconf 87' lang='lat' dir='ltr'>delapsi,</span> <span class='ocrx_word' id='word_1_513' title='bbox 2318 1850 2354 1884; x_wconf 90' lang='lat' dir='ltr'>et</span> 
     </span>
     <span class='ocr_line' id='line_1_77' title="bbox 1315 1897 2351 1949; baseline 0.014 -17"><span class='ocrx_word' id='word_1_514' title='bbox 1315 1897 1511 1935; x_wconf 86' lang='lat' dir='ltr'>desectum</span> <span class='ocrx_word' id='word_1_515' title='bbox 1540 1901 1774 1949; x_wconf 86' lang='lat' dir='ltr'>hujusmodi</span> <span class='ocrx_word' id='word_1_516' title='bbox 1806 1904 1968 1943; x_wconf 87' lang='lat' dir='ltr'>interius</span> <span class='ocrx_word' id='word_1_517' title='bbox 1988 1918 2124 1945; x_wconf 89' lang='lat' dir='ltr'>coram</span> <span class='ocrx_word' id='word_1_518' title='bbox 2143 1911 2220 1946; x_wconf 90' lang='lat' dir='ltr'>Deo</span> <span class='ocrx_word' id='word_1_519' title='bbox 2239 1921 2351 1947; x_wconf 88' lang='lat' dir='ltr'>reco-</span> 
     </span>
     <span class='ocr_line' id='line_1_78' title="bbox 1313 1960 2351 2018; baseline 0.013 -23"><span class='ocrx_word' id='word_1_520' title='bbox 1313 1960 1494 2008; x_wconf 86' lang='lat' dir='ltr'>gitantis,</span> <span class='ocrx_word' id='word_1_521' title='bbox 1517 1965 1554 1999; x_wconf 91' lang='lat' dir='ltr'>et</span> <span class='ocrx_word' id='word_1_522' title='bbox 1586 1963 1783 2003; x_wconf 87' lang='lat' dir='ltr'>dicentis:</span> <span class='ocrx_word' id='word_1_523' title='bbox 1814 1968 2036 2015; x_wconf 74' lang='lat' dir='ltr'>Increpasti,</span> <span class='ocrx_word' id='word_1_524' title='bbox 2067 1980 2138 2018; x_wconf 92' lang='lat' dir='ltr'>per</span> <span class='ocrx_word' id='word_1_525' title='bbox 2169 1970 2351 2009; x_wconf 87' lang='lat' dir='ltr'>timorem</span> 
     </span>
     <span class='ocr_line' id='line_1_79' title="bbox 1313 2021 2352 2081; baseline 0.012 -23"><span class='ocrx_word' id='word_1_526' title='bbox 1313 2021 1605 2070; x_wconf 87' lang='lat' dir='ltr'>increpantem,</span> <span class='ocrx_word' id='word_1_527' title='bbox 1640 2037 1761 2074; x_wconf 86' lang='lat' dir='ltr'>quem</span> <span class='ocrx_word' id='word_1_528' title='bbox 1794 2031 1998 2078; x_wconf 87' lang='lat' dir='ltr'>postposui</span> <span class='ocrx_word' id='word_1_529' title='bbox 2014 2044 2025 2078; x_wconf 76' lang='lat'><em>3</em></span> <span class='ocrx_word' id='word_1_530' title='bbox 2055 2033 2231 2079; x_wconf 74' lang='lat' dir='ltr'>Superbos</span> <span class='ocrx_word' id='word_1_531' title='bbox 2252 2061 2263 2079; x_wconf 90' lang='lat'>,</span> <span class='ocrx_word' id='word_1_532' title='bbox 2283 2045 2352 2081; x_wconf 89' lang='lat' dir='ltr'>per</span> 
     </span>
     <span class='ocr_line' id='line_1_80' title="bbox 1312 2087 2350 2142; baseline 0.012 -21"><span class='ocrx_word' id='word_1_533' title='bbox 1312 2087 1507 2123; x_wconf 87' lang='lat' dir='ltr'>tumorem</span> <span class='ocrx_word' id='word_1_534' title='bbox 1538 2092 1763 2136; x_wconf 88' lang='lat' dir='ltr'>crepantem</span> <span class='ocrx_word' id='word_1_535' title='bbox 1788 2119 1798 2136; x_wconf 87' lang='lat'>,</span> <span class='ocrx_word' id='word_1_536' title='bbox 1834 2103 1953 2139; x_wconf 90' lang='lat' dir='ltr'>quem</span> <span class='ocrx_word' id='word_1_537' title='bbox 1985 2095 2207 2142; x_wconf 84' lang='lat' dir='ltr'>praeposui;</span> <span class='ocrx_word' id='word_1_538' title='bbox 2237 2098 2350 2134; x_wconf 79' lang='lat' dir='ltr'>Male-</span> 
     </span>
     <span class='ocr_line' id='line_1_81' title="bbox 1311 2146 2345 2205; baseline 0.014 -24"><span class='ocrx_word' id='word_1_539' title='bbox 1311 2146 1425 2193; x_wconf 56' lang='lat' dir='ltr'>(tacti,</span> <span class='ocrx_word' id='word_1_540' title='bbox 1443 2159 1513 2196; x_wconf 86' lang='lat' dir='ltr'>per</span> <span class='ocrx_word' id='word_1_541' title='bbox 1529 2149 1729 2188; x_wconf 79' lang='lat' dir='ltr'>fervorem</span> <span class='ocrx_word' id='word_1_542' title='bbox 1743 2153 2059 2202; x_wconf 86' lang='lat' dir='ltr'>maledicentem,</span> <span class='ocrx_word' id='word_1_543' title='bbox 2076 2168 2196 2204; x_wconf 88' lang='lat' dir='ltr'>quem</span> <span class='ocrx_word' id='word_1_544' title='bbox 2212 2158 2345 2205; x_wconf 87' lang='lat' dir='ltr'>omisi;</span> 
     </span>
     <span class='ocr_line' id='line_1_82' title="bbox 1311 2209 2346 2266; baseline 0.014 -23"><span class='ocrx_word' id='word_1_545' title='bbox 1311 2209 1382 2251; x_wconf 62' lang='lat' dir='ltr'>Qec</span> <span class='ocrx_word' id='word_1_546' title='bbox 1402 2210 1584 2247; x_wconf 74' lang='lat' dir='ltr'>declinant</span> <span class='ocrx_word' id='word_1_547' title='bbox 1605 2224 1625 2248; x_wconf 85' lang='grc' dir='ltr'><em>α</em></span> <span class='ocrx_word' id='word_1_548' title='bbox 1645 2214 1831 2251; x_wconf 76' lang='lat' dir='ltr'>mandatis</span> <span class='ocrx_word' id='word_1_549' title='bbox 1853 2219 1925 2253; x_wconf 72' lang='lat' dir='ltr'>tuis</span> <span class='ocrx_word' id='word_1_550' title='bbox 1937 2246 1948 2264; x_wconf 92' lang='lat'>,</span> <span class='ocrx_word' id='word_1_551' title='bbox 1971 2228 2041 2265; x_wconf 87' lang='lat' dir='ltr'>per</span> <span class='ocrx_word' id='word_1_552' title='bbox 2067 2221 2243 2266; x_wconf 88' lang='lat' dir='ltr'>teporem</span> <span class='ocrx_word' id='word_1_553' title='bbox 2263 2231 2346 2257; x_wconf 87' lang='lat' dir='ltr'>ma-</span> 
     </span>
     <span class='ocr_line' id='line_1_83' title="bbox 1307 2269 1890 2322; baseline 0.012 -15"><span class='ocrx_word' id='word_1_554' title='bbox 1307 2269 1574 2320; x_wconf 86' lang='lat' dir='ltr'>lefacientem,</span> <span class='ocrx_word' id='word_1_555' title='bbox 1597 2286 1715 2322; x_wconf 89' lang='lat' dir='ltr'>quem</span> <span class='ocrx_word' id='word_1_556' title='bbox 1735 2277 1890 2314; x_wconf 87' lang='lat' dir='ltr'>admisi.</span> 
     </span>
    </p>
   </div>
   <div class='ocr_carea' id='block_1_13' title="bbox 1673 2425 1978 2455">
    <p class='ocr_par' dir='ltr' id='par_1_17' title="bbox 1673 2425 1978 2455">
     <span class='ocr_line' id='line_1_84' title="bbox 1673 2425 1978 2455; baseline 0.016 -5"><span class='ocrx_word' id='word_1_557' title='bbox 1673 2425 1803 2453; x_wconf 82' lang='lat' dir='ltr'>VBRSlC</span> <span class='ocrx_word' id='word_1_558' title='bbox 1810 2426 1901 2455; x_wconf 86' lang='lat' dir='ltr'>ULUS</span> <span class='ocrx_word' id='word_1_559' title='bbox 1927 2429 1978 2455; x_wconf 85' lang='lat' dir='ltr'>vl.</span> 
     </span>
    </p>
   </div>
   <div class='ocr_carea' id='block_1_14' title="bbox 1290 2527 2341 3398">
    <p class='ocr_par' dir='ltr' id='par_1_18' title="bbox 1290 2527 2341 3398">
     <span class='ocr_line' id='line_1_85' title="bbox 1352 2527 2341 2584; baseline 0.013 -24"><span class='ocrx_word' id='word_1_560' title='bbox 1352 2527 1410 2561; x_wconf 74' lang='lat'>22.</span> <span class='ocrx_word' id='word_1_561' title='bbox 1427 2527 1538 2570; x_wconf 81' lang='lat' dir='ltr'>Aufer</span> <span class='ocrx_word' id='word_1_562' title='bbox 1556 2538 1579 2562; x_wconf 90' lang='grc' dir='ltr'><em>α</em></span> <span class='ocrx_word' id='word_1_563' title='bbox 1597 2538 1651 2563; x_wconf 84' lang='lat' dir='ltr'>me</span> <span class='ocrx_word' id='word_1_564' title='bbox 1670 2530 1921 2577; x_wconf 66' lang='lat' dir='ltr'>opprobrium,</span> <span class='ocrx_word' id='word_1_565' title='bbox 1944 2534 2014 2569; x_wconf 90' lang='lat' dir='ltr'>etc.</span> <span class='ocrx_word' id='word_1_566' title='bbox 2033 2533 2097 2570; x_wconf 91' lang='lat' dir='ltr'>Vir</span> <span class='ocrx_word' id='word_1_567' title='bbox 2111 2535 2252 2581; x_wconf 72' lang='lat' dir='ltr'>justuS,</span> <span class='ocrx_word' id='word_1_568' title='bbox 2273 2537 2341 2584; x_wconf 92' lang='lat' dir='ltr'>qui</span> 
     </span>
     <span class='ocr_line' id='line_1_86' title="bbox 1305 2588 2341 2645; baseline 0.012 -22"><span class='ocrx_word' id='word_1_569' title='bbox 1305 2591 1467 2635; x_wconf 78' lang='lat' dir='ltr'>propter</span> <span class='ocrx_word' id='word_1_570' title='bbox 1483 2588 1640 2635; x_wconf 71' lang='lat' dir='ltr'>Justitiae</span> <span class='ocrx_word' id='word_1_571' title='bbox 1656 2600 1735 2626; x_wconf 82' lang='lat' dir='ltr'>suae</span> <span class='ocrx_word' id='word_1_572' title='bbox 1757 2591 1940 2629; x_wconf 88' lang='lat' dir='ltr'>effectum</span> <span class='ocrx_word' id='word_1_573' title='bbox 1960 2594 2012 2631; x_wconf 90' lang='lat' dir='ltr'>ab</span> <span class='ocrx_word' id='word_1_574' title='bbox 2031 2595 2118 2632; x_wconf 88' lang='lat' dir='ltr'>aliis</span> <span class='ocrx_word' id='word_1_575' title='bbox 2138 2601 2341 2645; x_wconf 86' lang='lat' dir='ltr'>aspectum</span> 
     </span>
     <span class='ocr_line' id='line_1_87' title="bbox 1304 2650 2339 2707; baseline 0.012 -21"><span class='ocrx_word' id='word_1_576' title='bbox 1304 2652 1341 2686; x_wconf 84' lang='lat' dir='ltr'>et</span> <span class='ocrx_word' id='word_1_577' title='bbox 1361 2650 1590 2698; x_wconf 85' lang='lat' dir='ltr'>despectum</span> <span class='ocrx_word' id='word_1_578' title='bbox 1616 2652 1818 2691; x_wconf 86' lang='lat' dir='ltr'>deciderat</span> <span class='ocrx_word' id='word_1_579' title='bbox 1836 2654 1877 2691; x_wconf 92' lang='lat' dir='ltr'>in</span> <span class='ocrx_word' id='word_1_580' title='bbox 1907 2658 2053 2704; x_wconf 88' lang='lat' dir='ltr'>teporis</span> <span class='ocrx_word' id='word_1_581' title='bbox 2074 2669 2142 2696; x_wconf 90' lang='lat' dir='ltr'>seu</span> <span class='ocrx_word' id='word_1_582' title='bbox 2174 2661 2339 2707; x_wconf 89' lang='lat' dir='ltr'>pusilla-</span> 
     </span>
     <span class='ocr_line' id='line_1_88' title="bbox 1302 2712 2337 2764; baseline 0.013 -16"><span class='ocrx_word' id='word_1_583' title='bbox 1302 2712 1488 2750; x_wconf 87' lang='lat' dir='ltr'>nimitatis</span> <span class='ocrx_word' id='word_1_584' title='bbox 1508 2714 1727 2761; x_wconf 86' lang='lat' dir='ltr'>defectum,</span> <span class='ocrx_word' id='word_1_585' title='bbox 1748 2717 1788 2753; x_wconf 86' lang='lat' dir='ltr'>in</span> <span class='ocrx_word' id='word_1_586' title='bbox 1808 2719 2044 2764; x_wconf 81' lang='lat' dir='ltr'>praecedenti</span> <span class='ocrx_word' id='word_1_587' title='bbox 2064 2722 2257 2760; x_wconf 85' lang='lat' dir='ltr'>versiculo</span> <span class='ocrx_word' id='word_1_588' title='bbox 2275 2735 2337 2760; x_wconf 89' lang='lat' dir='ltr'>re·-</span> 
     </span>
     <span class='ocr_line' id='line_1_89' title="bbox 1301 2775 2337 2832; baseline 0.013 -21"><span class='ocrx_word' id='word_1_589' title='bbox 1301 2775 1478 2813; x_wconf 81' lang='lat' dir='ltr'>medium</span> <span class='ocrx_word' id='word_1_590' title='bbox 1505 2777 1688 2815; x_wconf 87' lang='lat' dir='ltr'>adhibuit</span> <span class='ocrx_word' id='word_1_591' title='bbox 1707 2783 1844 2817; x_wconf 88' lang='lat' dir='ltr'>contra</span> <span class='ocrx_word' id='word_1_592' title='bbox 1862 2781 2092 2829; x_wconf 86' lang='lat' dir='ltr'>hujusmodi</span> <span class='ocrx_word' id='word_1_593' title='bbox 2117 2784 2337 2832; x_wconf 87' lang='lat' dir='ltr'>defectum,</span> 
     </span>
     <span class='ocr_line' id='line_1_90' title="bbox 1301 2837 2336 2895; baseline 0.014 -22"><span class='ocrx_word' id='word_1_594' title='bbox 1301 2837 1432 2885; x_wconf 81' lang='lat' dir='ltr'>ipsum</span> <span class='ocrx_word' id='word_1_595' title='bbox 1451 2839 1652 2878; x_wconf 89' lang='lat' dir='ltr'>humiliter</span> <span class='ocrx_word' id='word_1_596' title='bbox 1681 2843 1952 2890; x_wconf 88' lang='lat' dir='ltr'>recogitando.</span> <span class='ocrx_word' id='word_1_597' title='bbox 1981 2848 2023 2883; x_wconf 89' lang='lat' dir='ltr'>ln</span> <span class='ocrx_word' id='word_1_598' title='bbox 2043 2849 2223 2895; x_wconf 81' lang='lat' dir='ltr'>praesenti</span> <span class='ocrx_word' id='word_1_599' title='bbox 2243 2861 2336 2887; x_wconf 89' lang='lat' dir='ltr'>vero</span> 
     </span>
     <span class='ocr_line' id='line_1_91' title="bbox 1300 2900 2335 2959; baseline 0.013 -23"><span class='ocrx_word' id='word_1_600' title='bbox 1300 2900 1521 2938; x_wconf 89' lang='lat' dir='ltr'>remedium</span> <span class='ocrx_word' id='word_1_601' title='bbox 1557 2903 1720 2942; x_wconf 87' lang='lat' dir='ltr'>adhibet</span> <span class='ocrx_word' id='word_1_602' title='bbox 1754 2908 1889 2944; x_wconf 87' lang='lat' dir='ltr'>contra</span> <span class='ocrx_word' id='word_1_603' title='bbox 1920 2907 2148 2956; x_wconf 89' lang='lat' dir='ltr'>despectum</span> <span class='ocrx_word' id='word_1_604' title='bbox 2167 2939 2179 2957; x_wconf 91' lang='lat'>,</span> <span class='ocrx_word' id='word_1_605' title='bbox 2211 2911 2335 2959; x_wconf 82' lang='lat' dir='ltr'>impa-</span> 
     </span>
     <span class='ocr_line' id='line_1_92' title="bbox 1299 2962 2334 3019; baseline 0.014 -21"><span class='ocrx_word' id='word_1_606' title='bbox 1299 2962 1442 2999; x_wconf 80' lang='lat' dir='ltr'>tientlae</span> <span class='ocrx_word' id='word_1_607' title='bbox 1462 2975 1542 3001; x_wconf 82' lang='lat' dir='ltr'>suae</span> <span class='ocrx_word' id='word_1_608' title='bbox 1562 2965 1747 3003; x_wconf 89' lang='lat' dir='ltr'>solatium</span> <span class='ocrx_word' id='word_1_609' title='bbox 1769 2967 1955 3006; x_wconf 89' lang='lat' dir='ltr'>divinitus</span> <span class='ocrx_word' id='word_1_610' title='bbox 1973 2971 2204 3019; x_wconf 86' lang='lat' dir='ltr'>flagitando.</span> <span class='ocrx_word' id='word_1_611' title='bbox 2227 2975 2334 3012; x_wconf 78' lang='lat' dir='ltr'>Unde</span> 
     </span>
     <span class='ocr_line' id='line_1_93' title="bbox 1299 3025 2333 3075; baseline 0.013 -14"><span class='ocrx_word' id='word_1_612' title='bbox 1299 3025 1477 3062; x_wconf 76' lang='lat' dir='ltr'>versiculi</span> <span class='ocrx_word' id='word_1_613' title='bbox 1519 3029 1720 3075; x_wconf 80' lang='lat' dir='ltr'>praesentis</span> <span class='ocrx_word' id='word_1_614' title='bbox 1766 3030 1921 3069; x_wconf 80' lang='lat' dir='ltr'>videtur</span> <span class='ocrx_word' id='word_1_615' title='bbox 1969 3044 2050 3070; x_wconf 90' lang='lat' dir='ltr'>esse</span> <span class='ocrx_word' id='word_1_616' title='bbox 2095 3037 2333 3074; x_wconf 90' lang='lat' dir='ltr'>continentia</span> 
     </span>
     <span class='ocr_line' id='line_1_94' title="bbox 1297 3086 2330 3147; baseline 0.015 -26"><span class='ocrx_word' id='word_1_617' title='bbox 1297 3086 1635 3134; x_wconf 79' lang='lat' dir='ltr'>quadrimembris</span> <span class='ocrx_word' id='word_1_618' title='bbox 1657 3103 1665 3128; x_wconf 93' lang='lat'>:</span> <span class='ocrx_word' id='word_1_619' title='bbox 1685 3093 1816 3140; x_wconf 90' lang='lat' dir='ltr'>primo</span> <span class='ocrx_word' id='word_1_620' title='bbox 1835 3105 2008 3144; x_wconf 82' lang='lat' dir='ltr'>namque</span> <span class='ocrx_word' id='word_1_621' title='bbox 2028 3100 2186 3136; x_wconf 87' lang='lat' dir='ltr'>notatur</span> <span class='ocrx_word' id='word_1_622' title='bbox 2205 3099 2330 3147; x_wconf 89' lang='lat' dir='ltr'>impa-</span> 
     </span>
     <span class='ocr_line' id='line_1_95' title="bbox 1297 3149 2332 3207; baseline 0.014 -22"><span class='ocrx_word' id='word_1_623' title='bbox 1297 3149 1431 3187; x_wconf 75' lang='lat' dir='ltr'>tIentia</span> <span class='ocrx_word' id='word_1_624' title='bbox 1454 3163 1465 3198; x_wconf 90' lang='lat'>;</span> <span class='ocrx_word' id='word_1_625' title='bbox 1501 3154 1674 3192; x_wconf 87' lang='lat' dir='ltr'>secundo</span> <span class='ocrx_word' id='word_1_626' title='bbox 1712 3155 1965 3204; x_wconf 69' lang='lat' dir='ltr'>impatientia:</span> <span class='ocrx_word' id='word_1_627' title='bbox 1997 3170 2115 3197; x_wconf 89' lang='lat' dir='ltr'>causa</span> <span class='ocrx_word' id='word_1_628' title='bbox 2139 3189 2151 3207; x_wconf 91' lang='lat'>,</span> <span class='ocrx_word' id='word_1_629' title='bbox 2187 3162 2332 3200; x_wconf 88' lang='lat' dir='ltr'>scilicet</span> 
     </span>
     <span class='ocr_line' id='line_1_96' title="bbox 1296 3214 2329 3269; baseline 0.015 -22"><span class='ocrx_word' id='word_1_630' title='bbox 1296 3214 1556 3262; x_wconf 85' lang='lat' dir='ltr'>contumelia3</span> <span class='ocrx_word' id='word_1_631' title='bbox 1576 3217 1686 3254; x_wconf 88' lang='lat' dir='ltr'>tertio</span> <span class='ocrx_word' id='word_1_632' title='bbox 1711 3221 1958 3258; x_wconf 59' lang='lat' dir='ltr'>contumeliae</span> <span class='ocrx_word' id='word_1_633' title='bbox 1978 3233 2118 3269; x_wconf 89' lang='lat' dir='ltr'>causa,</span> <span class='ocrx_word' id='word_1_634' title='bbox 2146 3223 2329 3262; x_wconf 84' lang='lat' dir='ltr'>videlicet</span> 
     </span>
     <span class='ocr_line' id='line_1_97' title="bbox 1296 3275 2330 3334; baseline 0.015 -24"><span class='ocrx_word' id='word_1_635' title='bbox 1296 3275 1494 3314; x_wconf 86' lang='lat' dir='ltr'>calumnia</span> <span class='ocrx_word' id='word_1_636' title='bbox 1508 3291 1519 3325; x_wconf 68' lang='grc' dir='ltr'><strong><em>ς</em></strong></span> <span class='ocrx_word' id='word_1_637' title='bbox 1542 3283 1681 3326; x_wconf 85' lang='lat' dir='ltr'>quarto</span> <span class='ocrx_word' id='word_1_638' title='bbox 1712 3282 1918 3320; x_wconf 60' lang='lat' dir='ltr'>calumniae</span> <span class='ocrx_word' id='word_1_639' title='bbox 1947 3286 2101 3322; x_wconf 86' lang='lat' dir='ltr'>occasio</span> <span class='ocrx_word' id='word_1_640' title='bbox 2117 3315 2126 3329; x_wconf 93' lang='lat'>,</span> <span class='ocrx_word' id='word_1_641' title='bbox 2151 3298 2239 3334; x_wconf 80' lang='lat' dir='ltr'>quae</span> <span class='ocrx_word' id='word_1_642' title='bbox 2258 3288 2330 3326; x_wconf 85' lang='lat' dir='ltr'>fuit</span> 
     </span>
     <span class='ocr_line' id='line_1_98' title="bbox 1290 3337 2328 3398; baseline 0.013 -23"><span class='ocrx_word' id='word_1_643' title='bbox 1290 3337 1446 3383; x_wconf 84' lang='lat' dir='ltr'>justitiae</span> <span class='ocrx_word' id='word_1_644' title='bbox 1466 3342 1729 3382; x_wconf 85' lang='lat' dir='ltr'>observantia.</span> <span class='ocrx_word' id='word_1_645' title='bbox 1751 3346 1927 3390; x_wconf 84' lang='lat' dir='ltr'>Quorum</span> <span class='ocrx_word' id='word_1_646' title='bbox 1958 3348 2130 3395; x_wconf 89' lang='lat' dir='ltr'>primum</span> <span class='ocrx_word' id='word_1_647' title='bbox 2161 3351 2328 3398; x_wconf 87' lang='lat' dir='ltr'>pertinet</span> 
     </span>
    </p>
   </div>
   <div class='ocr_carea' id='block_1_15' title="bbox 1292 3435 2321 3575">
    <p class='ocr_par' dir='ltr' id='par_1_19' title="bbox 1292 3435 2321 3575">
     <span class='ocr_line' id='line_1_99' title="bbox 1292 3435 2321 3488; baseline 0.014 -21"><span class='ocrx_word' id='word_1_648' title='bbox 1292 3435 1346 3468; x_wconf 69' lang='lat'>24.</span> <span class='ocrx_word' id='word_1_649' title='bbox 1376 3453 1417 3461; x_wconf 89' lang='lat'>-—</span> <span class='ocrx_word' id='word_1_650' title='bbox 1449 3439 1459 3457; x_wconf 75' lang='lat'><strong>⁴</strong></span> <span class='ocrx_word' id='word_1_651' title='bbox 1490 3439 1622 3478; x_wconf 67' lang='lat' dir='ltr'>,lev-em„</span> <span class='ocrx_word' id='word_1_652' title='bbox 1654 3449 1781 3481; x_wconf 69' lang='lat' dir='ltr'>xrvm,</span> <span class='ocrx_word' id='word_1_653' title='bbox 1817 3445 1867 3475; x_wconf 81' lang='lat'>10.</span> <span class='ocrx_word' id='word_1_654' title='bbox 1899 3461 1938 3467; x_wconf 88' lang='lat'>—-</span> <span class='ocrx_word' id='word_1_655' title='bbox 1976 3447 1989 3468; x_wconf 79' lang='lat'>⁵</span> <span class='ocrx_word' id='word_1_656' title='bbox 2021 3446 2119 3488; x_wconf 66' lang='lat' dir='ltr'>ibid„</span> <span class='ocrx_word' id='word_1_657' title='bbox 2149 3457 2204 3488; x_wconf 81' lang='lat' dir='ltr'>xi,</span> <span class='ocrx_word' id='word_1_658' title='bbox 2230 3452 2261 3482; x_wconf 89' lang='lat'>3.</span> <span class='ocrx_word' id='word_1_659' title='bbox 2285 3469 2321 3475; x_wconf 92' lang='lat'>—</span> 
     </span>
     <span class='ocr_line' id='line_1_100' title="bbox 1293 3484 2321 3538; baseline 0.015 -23"><span class='ocrx_word' id='word_1_660' title='bbox 1293 3485 1305 3501; x_wconf 72' lang='lat'>¹³</span> <span class='ocrx_word' id='word_1_661' title='bbox 1322 3484 1433 3527; x_wconf 67' lang='lat' dir='ltr'>Deae„</span> <span class='ocrx_word' id='word_1_662' title='bbox 1454 3494 1562 3527; x_wconf 71' lang='lat' dir='ltr'>xxvii,</span> <span class='ocrx_word' id='word_1_663' title='bbox 1582 3489 1634 3520; x_wconf 79' lang='lat'>26.</span> <span class='ocrx_word' id='word_1_664' title='bbox 1650 3504 1690 3512; x_wconf 92' lang='lat'>—</span> <span class='ocrx_word' id='word_1_665' title='bbox 1710 3491 1716 3495; x_wconf 87' lang='lat'>&#39;</span> <span class='ocrx_word' id='word_1_666' title='bbox 1741 3490 1765 3521; x_wconf 89' lang='lat' dir='ltr'>ll</span> <span class='ocrx_word' id='word_1_667' title='bbox 1787 3490 1877 3532; x_wconf 65' lang='grc' dir='ltr'>Κεφ,</span> <span class='ocrx_word' id='word_1_668' title='bbox 1896 3499 1943 3533; x_wconf 79' lang='lat' dir='ltr'>vi,</span> <span class='ocrx_word' id='word_1_669' title='bbox 1962 3494 1992 3525; x_wconf 88' lang='grc'>6.</span> <span class='ocrx_word' id='word_1_670' title='bbox 2014 3511 2047 3518; x_wconf 95' lang='lat'>——</span> <span class='ocrx_word' id='word_1_671' title='bbox 2067 3494 2082 3517; x_wconf 79' lang='lat'>⁸</span> <span class='ocrx_word' id='word_1_672' title='bbox 2101 3496 2250 3538; x_wconf 78' lang='lat' dir='ltr'>ose..1v,</span> <span class='ocrx_word' id='word_1_673' title='bbox 2272 3500 2321 3530; x_wconf 81' lang='lat'>16.</span> 
     </span>
     <span class='ocr_line' id='line_1_101' title="bbox 1293 3533 1672 3575; baseline 0.013 -11"><span class='ocrx_word' id='word_1_674' title='bbox 1293 3548 1332 3555; x_wconf 94' lang='lat'>—</span> <span class='ocrx_word' id='word_1_675' title='bbox 1348 3533 1359 3551; x_wconf 83' lang='lat'>⁹</span> <span class='ocrx_word' id='word_1_676' title='bbox 1378 3533 1493 3574; x_wconf 65' lang='lat' dir='ltr'>Num„</span> <span class='ocrx_word' id='word_1_677' title='bbox 1513 3542 1601 3575; x_wconf 80' lang='lat' dir='ltr'>xxii,</span> <span class='ocrx_word' id='word_1_678' title='bbox 1622 3538 1672 3569; x_wconf 86' lang='grc'>33.</span> 
     </span>
    </p>
   </div>
  </div>
 </body>
</html>
