2633 3878
316 254 394 292 678

318 338 474 389 rentis;
515 338 614 391 quia
648 337 763 378 enim
790 337 901 378 calor
937 337 1135 390 digerens
1175 335 1338 386 deficit,

318 408 504 450 abundat
522 408 679 449 humor
698 408 985 460 flegmaticus,
1010 419 1194 460 aquosus
1212 410 1253 447 et
1273 407 1341 446 in-

317 480 523 531 digestus,
546 479 618 531 qui
639 491 791 531 corpus
814 479 926 519 senis
944 478 1103 531 implet,
1127 480 1168 518 et
1188 477 1343 530 impin-

316 562 450 602 guare
463 549 645 590 videtur.
664 550 870 597 Quartum
889 548 1061 600 signum
1076 550 1136 588 est
1152 547 1342 588 remissio

316 620 529 669 libidinis;
555 623 726 672 propter
752 619 865 672 quod
887 618 981 659 dicit
1008 633 1016 659 :
1049 617 1344 670 Dt'ssz'pabt'tur

316 691 538 743 capparis,
560 690 751 743 capparis
771 693 833 730 est
851 689 984 730 herba
1003 689 1198 741 quaedam
1212 721 1222 738 ,
1245 701 1342 742 quae

318 761 427 802 valet
455 760 647 810 renibus,
673 762 720 800 ut
752 759 853 800 dicit
885 758 1053 810 Glossa,
1077 762 1117 800 et
1137 760 1343 801 confortat

315 835 454 872 actum
492 831 664 872 virtutis
708 830 995 883 generativae,
1032 833 1073 870 et
1111 831 1342 871 secundum

316 902 623 955 Hieronymum
656 901 700 941 in
731 901 902 942 hebraeo
927 913 1154 942 commune
1186 913 1343 942 nomen

316 973 444 1013 hahet
471 973 523 1013 ad
554 972 754 1023 herbam,
781 975 821 1012 et
841 972 894 1013 ad
924 983 1112 1012 amorem
1140 972 1343 1012 libidino-

318 1056 429 1085 sum.
477 1043 526 1084 In
563 1056 832 1097 quacumque
867 1043 1002 1095 igitur
1038 1042 1343 1095 significatione

156 1139 296 1174 Μυρὼ,
317 1115 569 1168 accipiatur,
591 1117 728 1155 rectus
753 1116 815 1153 est
843 1125 992 1154 sensus
1015 1127 1023 1154 :
1048 1113 1343 1166 Dissipabitm·

158 1181 288 1208 “stem-
315 1187 515 1238 capparis
535 1198 548 1223 :
578 1185 619 1225 id
638 1187 715 1234 est,
737 1184 972 1225 remittetur
998 1184 1117 1225 furor
1142 1184 1339 1235 libidinis,

312 1263 352 1299 et
372 1258 480 1298 istud
502 1260 565 1298 est
584 1257 758 1309 signum
778 1256 1075 1297 debilitationis
1091 1257 1135 1296 in
1156 1269 1271 1298 sene.
1295 1256 1343 1297 ln

311 1332 407 1370 actu
433 1329 547 1370 enim
572 1327 856 1380 generationis
881 1330 1024 1369 movet
1054 1328 1180 1377 calor,
1207 1331 1248 1368 et
1272 1341 1343 1369 na-

310 1402 450 1440 turam
480 1398 772 1439 subministrat
800 1398 991 1449 digestus
1018 1398 1175 1439 humor
1201 1411 1211 1439 ε
1243 1399 1343 1452 quia

309 1470 442 1522 igitur
473 1471 666 1511 senectus
699 1471 761 1510 est
792 1469 944 1521 frigida
975 1471 1013 1509 et
1046 1469 1173 1520 sicca,
1203 1470 1343 1511 deficit

311 1541 424 1581 calor
452 1543 493 1581 et
522 1540 694 1589 humor,
724 1542 765 1580 et
793 1539 888 1580 ideo
916 1539 1103 1580 libidinis
1135 1540 1343 1581 minuitur

310 1611 464 1652 fervor.

367 1682 575 1730 Quoniam
587 1681 665 1723 ibit
679 1681 813 1731 homo,
827 1683 904 1721 etc.
920 1680 1142 1734 Descriptae
1154 1683 1341 1722 suntmi-

311 1752 430 1794 seriae
460 1752 749 1793 antecedentes
770 1754 950 1792 mortem
969 1766 978 1801 ;
1001 1752 1071 1792 hic
1093 1752 1344 1794 describitur

311 1825 400 1877 ipsa
421 1823 591 1864 miseria
625 1823 795 1873 mortis,
829 1825 869 1862 et
898 1822 942 1862 in
971 1822 1200 1874 moriente,
1231 1826 1271 1864 et
1299 1823 1344 1864 in

312 1894 676 1947 compatientibus.
715 1893 763 1933 In
798 1893 1005 1934 moriente
1036 1894 1150 1933 enim
1187 1909 1195 1934 :
1233 1896 1343 1944 Quo-

312 1968 431 2008 niam
452 1966 531 2008 ibit
555 1965 673 2007 homo
701 1965 749 2006 in
770 1964 940 2006 domum
960 1966 1214 2007 (eternitatis
1238 1976 1341 2014 sure,

311 2038 352 2078 id
370 2040 446 2087 est,
469 2037 674 2077 morietur
709 2051 717 2076 ε
742 2037 892 2077 domus
914 2036 1024 2076 enim
1053 2040 1146 2088 post
1163 2039 1344 2076 mortem

313 2112 472 2150 aeterna
494 2110 567 2159 est,
593 2108 707 2161 quia,
729 2110 778 2148 ut
798 2107 956 2149 dictum
976 2109 1061 2148 est¹
1091 2120 1099 2147 :
1128 2122 1147 2144 α
1168 2106 1212 2147 Si
1233 2107 1344 2148 ceci-

313 2179 418 2221 derit
449 2179 619 2231 lignum
651 2178 702 2219 ad
732 2181 953 2229 austrum,
987 2178 1045 2218 ibi
1079 2177 1180 2228 erit3
1217 2177 1252 2217 si
1293 2177 1345 2218 ad

313 2250 577 2304 aquilonem,
611 2250 670 2289 ibi
701 2250 792 2290 erit.
826 2264 845 2287 ›>
887 2249 938 2290 Et
978 2249 1036 2288 ita
1073 2248 1225 2289 domus
1254 2252 1346 2301 post

313 2324 495 2362 mortem
533 2323 646 2362 recte
690 2320 841 2360 dicitur
885 2320 1037 2360 domus
1080 2319 1342 2359 aeternitatis.

314 2391 527 2441 Quantum
559 2391 611 2432 ad
640 2391 857 2431 miseriam
888 2390 934 2430 in
968 2390 1343 2442 compatientibus,

315 2463 442 2503 dicit:
476 2463 535 2504 Et
565 2462 806 2504 circuibunt
836 2463 885 2503 in
911 2462 1051 2513 platea
1086 2460 1343 2514 plangentes.

318 2534 600 2583 Circumeunt,
623 2533 723 2586 quia
742 2545 830 2585 pree
854 2532 996 2573 dolore
1018 2532 1233 2585 quiescere
1249 2545 1343 2573 nes-

317 2603 456 2644 ciunt²
479 2617 488 2644 :
508 2619 527 2642 α
540 2603 670 2656 Caput
683 2604 884 2644 circuitus
900 2615 1048 2644 eorum
1064 2618 1073 2653 ;
1088 2603 1207 2644 labor
1220 2603 1348 2644 labio-

317 2686 414 2715 rum
448 2675 637 2727 ipsorum
675 2673 835 2726 operiet
872 2685 958 2714 eos.
997 2687 1017 2710 n
1058 2672 1109 2713 Et
1144 2674 1348 2726 plangent

318 2757 444 2799 super
469 2747 651 2795 mortuo,
673 2744 794 2797 quasi
815 2744 1003 2784 nolentes
1024 2744 1251 2794 consolari;
1276 2745 1348 2785 sed

318 2828 404 2856 non
424 2816 482 2855 sic
501 2816 667 2865 debent,
691 2826 791 2854 nam
812 2816 825 2838 ³
850 2828 857 2852 :
887 2829 906 2851 (ι
926 2813 1082 2854 Luctus
1101 2814 1279 2865 mortui,
1301 2817 1350 2854 ut

317 2885 502 2926 multum
518 2917 530 2935 ,
553 2888 711 2937 septem
732 2884 833 2925 dies.
860 2899 879 2921 ι)

373 2959 412 2996 6.
433 2956 670 3007 Antequam
689 2958 915 3006 rumpatur
935 2955 1056 3006 funis
1070 2986 1080 3004 ,
1111 2957 1189 2996 etc.
1212 2955 1350 3009 Supra

319 3026 459 3079 tetigit
491 3026 682 3067 miserias
714 3026 1005 3067 antecedentes
1039 3029 1245 3076 mortem3
1280 3027 1350 3068 hic

321 3097 459 3149 tangit
487 3098 815 3149 consequentes,
837 3107 934 3148 quae
960 3099 1061 3136 sunt
1080 3097 1264 3149 corporis
1283 3110 1351 3138 re-

322 3168 488 3218 solutio,
503 3167 723 3220 etspiritus
731 3165 923 3218 adDeum
933 3165 1133 3217 migratio
1146 3182 1154 3206 :
1167 3179 1261 3219 quze
1272 3160 1350 3208 isto

324 3239 470 3280 ordine
504 3238 813 3279 describuntur.
848 3236 990 3277 Primo
1019 3239 1188 3277 notatur
1216 3238 1347 3280 disso-

321 3309 428 3349 lutio
447 3319 694 3358 nervorum,
717 3319 814 3348 cum
831 3306 954 3347 dicit:
977 3307 1215 3359 Antequam
1234 3318 1348 3350 rum-

322 3385 453 3432 patur
469 3379 689 3431 funiculus
706 3371 937 3431 arqenteus'
954 3391 965 3419 z
988 3381 1028 3419 et
1044 3378 1166 3420 debet
1182 3380 1316 3432 repeti
1336 3393 1346 3420 ε

371 3489 376 3505 “
399 3489 519 3528 Supra,
542 3494 594 3528 xi,
614 3489 646 3520 3.
665 3504 706 3510 —
724 3487 739 3508 ²
761 3487 854 3518 Psal.
882 3494 1030 3527 cxxxix,
1060 3490 1110 3519 10.
1135 3506 1175 3512 --
1205 3488 1348 3529 ⁸Eccli.,

327 3541 420 3574 xxti,
449 3536 498 3566 13.
521 3551 555 3556 -
585 3534 598 3555 ⁴
624 3534 719 3573 Gen„
744 3541 801 3572 111,
833 3535 878 3566 19.
902 3550 941 3557 —
965 3533 979 3557 ⁸
1003 3533 1122 3574 Eccli„
1143 3543 1206 3575 XL,
1236 3538 1285 3568 Η.

986 248 1262 290 EXPOSITIO
1292 247 1344 289 IN
1375 246 1777 289 ECCLESIASTEN.

1415 336 1615 379 Memento
1638 336 1848 379 creatoris
1866 337 1946 379 tui.
1971 335 2208 378 Nervorum
2233 336 2439 377 involutio

1415 410 1525 447 recte
1544 407 1697 447 dicitur
1715 408 1850 457 funis,
1872 408 1973 461 quia
1992 409 2127 448 totum
2139 417 2291 459 corpus
2309 407 2442 459 cingit

1414 480 1455 517 et
1475 476 1602 529 ligat;
1623 480 1664 517 et
1679 482 1916 530 amenteus,
1938 480 2108 531 propter
2122 477 2313 529 ipsorum
2333 477 2442 518 albe-

1415 547 1557 587 dinem
1572 550 1612 588 et
1625 549 1924 601 proprietatem
1939 563 1948 589 ε
1966 548 2077 589 funis
2090 559 2193 599 ergo
2210 549 2442 600 argenteus

1415 617 1644 670 rumpitur,
1660 619 1828 671 quando
1848 631 2079 660 nervorum
2098 618 2285 670 ligatura
2302 617 2444 659 dissol-

1415 688 1546 728 vitur.
1569 687 1760 729 Secundo
1774 689 1973 730 resolutio
1992 701 2214 740 venarum,
2232 689 2321 730 sive
2339 691 2444 730 arte-

1415 759 1603 808 riarum,
1641 771 1739 800 cum
1768 759 1868 800 dicit
1899 773 1907 798 :
1937 759 1992 801 Et
2017 762 2205 802 recurrat
2242 760 2293 812 (a)
2331 760 2445 802 vitta

1417 839 1575 880 aurea,
1611 829 1652 870 id
1689 832 1778 879 est,
1813 842 2021 871 venarum
2058 829 2282 871 involutio.
2321 829 2444 870 Recte

1416 900 1568 941 dicitur
1598 899 1828 951 involutio,
1855 901 1956 953 quia
1989 901 2096 941 sicut
2122 901 2227 942 vitta
2262 900 2444 941 circum-

1416 971 1617 1022 volvitur,
1639 973 1680 1011 et
1701 983 1750 1011 ea
1780 973 1918 1012 totum
1944 971 2126 1023 ligatum
2152 970 2364 1022 salvatur,
2386 970 2444 1012 sic

1416 1041 1537 1083 venis
1560 1044 1601 1082 et
1627 1042 1790 1082 arteriis
1818 1045 1904 1083 tota
1932 1042 2118 1095 corporis
2145 1042 2342 1083 machina
2360 1041 2443 1083 cir-

1416 1113 1640 1154 cumdatur
1666 1115 1706 1154 et
1737 1113 1938 1154 salvatur.
1973 1113 2056 1154 Ista
2088 1125 2295 1154 venarum
2321 1113 2443 1155 invo-

1415 1184 1521 1225 lutio
1541 1187 1581 1224 ct
1598 1184 1849 1225 arteriarum
1877 1187 1988 1225 recte
2014 1184 2167 1225 dicitur
2187 1195 2329 1235 aurea,
2346 1184 2446 1237 quia

1416 1267 1571 1296 aurum
1593 1255 1796 1305 rubrum,
1818 1257 1859 1294 et
1881 1255 1955 1307 huj
1965 1254 2131 1295 usmodi
2157 1266 2278 1296 venae
2300 1255 2444 1296 rubeae

1416 1328 1589 1378 propter
1607 1325 1789 1365 contenti
1817 1325 2036 1377 sanguinis
2055 1324 2412 1366 rubicunditatem
2431 1339 2440 1365 :

1416 1399 1517 1437 tunc
1536 1408 1641 1448 ergo
1657 1396 1837 1436 recurrit
1850 1396 1953 1437 vitta
1967 1407 2109 1445 aurea,
2132 1396 2302 1449 quando
2320 1407 2446 1437 vena-

1416 1481 1515 1509 rum
1540 1470 1581 1509 et
1604 1467 1857 1508 arteriarum
1885 1467 2091 1509 involutio
2116 1478 2203 1508 non
2230 1467 2442 1520 perdurat.

1417 1539 1557 1580 Tertio
1583 1541 1752 1579 notatur
1778 1538 2003 1579 confractio
2030 1538 2143 1579 vasis
2167 1542 2324 1588 urinae,
2346 1550 2443 1580 cum

1417 1611 1545 1651 dicit:
1580 1611 1635 1653 Et
1664 1613 1905 1652 conteratur
1935 1609 2097 1662 hydria
2126 1620 2250 1663 super
2273 1611 2439 1662 fontem,

1418 1683 1578 1736 Hydria
1597 1686 1659 1723 est
1686 1683 1999 1735 receptaculum
2026 1694 2149 1736 aquae
2180 1682 2400 1724 exhaustae
2419 1695 2445 1724 a

1417 1755 1560 1804 fonte3
1604 1756 1645 1793 et
1683 1754 1821 1794 vesica
1860 1757 1921 1794 est
1962 1753 2271 1807 receptaculum
2308 1755 2445 1796 urinae

1417 1824 1678 1877 procedentis
1715 1824 1767 1864 ab
1801 1823 1978 1876 hepate,
2016 1827 2220 1878 tanquam
2258 1837 2283 1865 a
2316 1825 2443 1866 fonte.

1419 1895 1548 1936 Urina
1586 1895 1698 1935 enim
1735 1897 1799 1935 est
1835 1895 2121 1936 celamentum
2153 1895 2376 1948 sanguinis
2408 1897 2449 1937 et

1419 1967 1600 2007 aliorum
1630 1966 1886 2016 humorum,
1910 1966 1984 2019 qui
2004 1966 2056 2006 ab
2075 1966 2228 2019 hepate
2247 1966 2290 2007 in
2310 1969 2448 2008 totum

1420 2049 1571 2090 corpus
1589 2037 1832 2089 procedunt,
1862 2039 2068 2090 tanquam
2085 2049 2110 2077 a
2129 2037 2241 2078 fonte
2264 2051 2273 2078 :
2297 2037 2449 2090 hydria

1420 2119 1524 2159 ergo
1541 2108 1771 2149 conteritur
1789 2120 1916 2160 super
1932 2108 2106 2159 sontem,
2125 2108 2293 2162 quando
2311 2108 2449 2151 vesica

1420 2178 1659 2230 rumpitur,
1700 2181 1741 2219 et
1772 2179 2058 2220 colamentum
2095 2180 2328 2221 humorum
2361 2192 2449 2222 non

1419 2250 1554 2300 potest
1593 2249 1794 2302 recipere,
1829 2251 1942 2302 quod
1972 2250 2159 2303 procedit
2195 2252 2248 2292 ab
2279 2251 2446 2305 hepate.

1422 2318 1578 2367 Quarto
1594 2331 1696 2360 vero
1715 2320 1942 2362 destructio
1961 2323 2124 2362 meatus
2144 2322 2449 2375 superfluitatis

1420 2390 1623 2443 impurae,
1658 2403 1757 2432 cum
1789 2391 1917 2432 dicit:
1950 2394 2009 2434 Et
2034 2394 2332 2446 confrinqatur
2356 2396 2449 2437 ‘rota

1420 2473 1543 2515 super
1576 2464 1815 2505 cisternam.
1858 2463 1963 2505 Rota
1996 2468 2058 2505 est
2090 2466 2445 2518 instrumentum,

1421 2545 1496 2585 per
1515 2534 1627 2586 quod
1647 2535 1696 2574 fit
1713 2534 1879 2575 eductio
1899 2547 2022 2588 aquae
2041 2536 2223 2587 foetidae,
2244 2539 2285 2577 et
2299 2536 2448 2579 lutosae

1422 2605 1472 2645 de
1499 2605 1678 2646 cisterna
1702 2620 1710 2645 ε
1734 2605 1914 2647 cisterna
1938 2606 2123 2648 continet
2150 2607 2448 2661 utplurimum

1423 2687 1579 2728 aquam
1592 2675 1842 2716 lutulentam
1858 2690 1868 2726 ;
1883 2679 1924 2717 et
1937 2677 2030 2716 talis
2046 2678 2106 2717 est
2119 2679 2267 2718 venter
2282 2681 2444 2720 noster:

1424 2749 1561 2786 rotam
1580 2746 1714 2798 igitur
1740 2747 1948 2800 confringi
1967 2760 2095 2801 super
2114 2749 2362 2802 cisternam,
2387 2753 2449 2792 est

1425 2820 1613 2858 meatum
1659 2818 1840 2871 impurae
1887 2820 2188 2872 superfluitatis
2233 2833 2258 2861 a
2300 2823 2450 2863 ventre

1426 2889 1618 2929 exeuntis
1648 2890 1890 2930 omnimode
1922 2891 2128 2943 dissipari.
2164 2891 2317 2941 Quinto
2346 2903 2448 2934 vero

1425 2959 1554 3000 totius
1603 2959 1790 3012 corporis
1832 2959 2079 3001 incineratio
2096 2993 2106 3012 ,
2153 2973 2252 3002 cum
2297 2962 2450 3004 dicitur

1427 3032 1482 3079 (v.
1505 3030 1541 3082 7)
1562 3043 1571 3071 t
1595 3030 1655 3073 Et
1669 3033 1902 3073 revertatur
1912 3031 2058 3084 pulvis
2078 3032 2314 3085 interram,
2335 3034 2449 3076 unde

1425 3104 1530 3151 erat,
1564 3100 1607 3141 id
1642 3103 1704 3141 est
1737 3112 1890 3154 corpus
1917 3101 2188 3153 incineretur‚
2215 3105 2448 3146 secundum

1425 3170 1529 3212 illud
1554 3171 1567 3192 ⁶
1593 3184 1602 3211 ι
1638 3185 1658 3209 ε(
1680 3170 1826 3211 Pulvis
1847 3182 1916 3221 es,
1937 3174 1977 3212 et
1998 3172 2042 3212 in
2062 3173 2284 3226 pulverem
2304 3187 2446 3217 rever-

1425 3242 1551 3282 veris.
1573 3256 1592 3279 »
1623 3241 1674 3283 1η
1702 3245 1857 3284 terram
1879 3253 2027 3294 suam,
2046 3245 2146 3297 quia
2165 3246 2216 3287 de
2234 3245 2305 3287 illa
2323 3249 2385 3287 est
2404 3249 2445 3287 ⁵:

1431 3327 1450 3351 <z
1471 3311 1638 3363 Omnia,
1655 3323 1752 3365 quae
1771 3313 1822 3354 de
1840 3315 1953 3354 terra
1970 3314 2077 3355 facta
2091 3317 2210 3367 sunt,
2229 3316 2448 3357 interram

1411 3385 1738 3425 convertentur.
1759 3398 1778 3422 ›>
1798 3383 1926 3426 Sexto
1940 3385 2134 3438 tangitur
2151 3386 2338 3440 spirituS,
2359 3385 2448 3430 sive

1471 3535 1516 3577 (a)
1537 3536 1616 3569 Coet.
1641 3536 1719 3568 edit.
1739 3538 1893 3569 recurrit.

2472 1695 2600 1731 Hydria.
2632 1729 2633 1732 Ἰ
