2633 3878
1214 146 1383 189 CAPUT
1415 149 1461 190 V.

267 232 374 283 tere,
409 244 540 285 quam
566 236 734 284 tenere,
770 236 833 274 est
857 234 1106 286 simpliciter
1127 234 1299 285 inutile;

266 303 367 355 quia
386 304 422 343 si
445 305 635 345 absentia
660 305 841 358 alicujus
871 307 932 346 est
963 304 1102 354 utilis,
1122 317 1303 358 praesen-

266 373 324 413 tia
348 377 410 414 est
430 374 633 416 damnosa
655 390 664 416 :
687 388 794 428 ergo
827 376 862 416 si
891 376 1101 417 dimittere
1135 376 1303 417 divitias

266 448 328 486 est
346 447 527 498 bonum,
550 450 694 488 tenere
714 460 783 488 eas
801 451 863 489 est
883 448 1049 489 inutile.
1080 447 1185 488 Item
1206 460 1299 488 om-

266 517 331 556 nis
359 518 519 559 utilitas
548 520 782 561 attenditur
808 520 1043 561 secundum
1066 520 1299 561 ordinatio-

266 599 365 628 nem
387 590 438 629 ad
460 590 592 630 finem
612 591 813 631 ultimum
835 606 842 632 :
864 603 970 643 ergo
993 591 1106 644 quod
1132 593 1304 644 praestat

268 658 623 712 impedimentum
638 663 891 704 deveniendi
910 664 956 703 in
973 664 1117 715 finem,
1135 676 1223 704 non
1243 666 1305 704 est

267 731 393 781 utile,
415 732 488 773 sed
516 733 667 774 inutile
691 748 699 774 :
723 734 794 774 sed
825 734 984 776 divitiae
1021 737 1122 775 sunt
1152 735 1303 787 hujus-

268 803 396 853 modi,
419 804 520 856 quia
541 808 757 845 amantem
776 805 947 846 divitias
961 805 1222 858 impossibile
1243 809 1305 846 est

267 873 442 914 introire
461 875 505 915 in
525 876 700 926 coelum;
725 878 765 917 et
786 876 954 917 difficile
978 879 1040 918 est
1068 877 1242 926 habere,
1265 879 1305 917 et

267 956 352 985 non
383 957 527 986 amare
562 961 569 986 :
594 959 699 999 ergo
718 947 965 989 divitiarum
998 947 1201 1000 possessio
1231 948 1306 988 imm

266 1015 380 1068 pedit
402 1030 410 1056 :
433 1028 540 1069 ergo
569 1029 658 1058 non
683 1021 883 1071 prosunt,
917 1019 991 1059 sed
1011 1019 1179 1060 obsunt.
1204 1018 1305 1059 Res-

266 1086 431 1138 pondeo
472 1087 700 1129 dicendum
732 1089 783 1129 ad
815 1089 916 1139 hoc,
953 1090 1060 1130 sicut
1082 1090 1182 1131 dicit
1202 1090 1304 1131 Ber-

266 1158 426 1198 nardus
455 1170 464 1199 :
495 1174 514 1197 «
534 1158 800 1213 Temporalia
831 1161 911 1202 ista
941 1161 991 1202 de
1021 1174 1165 1202 senec
1196 1163 1307 1203 bona

266 1231 380 1280 sunt,
404 1242 481 1270 nec
511 1231 636 1282 mala,
659 1244 845 1284 quorum
879 1245 984 1273 usus
1018 1233 1175 1282 hoium,
1198 1233 1307 1274 abu-

267 1302 329 1343 sio
350 1303 475 1354 mala,
499 1303 734 1345 sollicitudo
755 1306 888 1358 pejor,
911 1307 1104 1358 quaestus
1125 1306 1303 1359 turpior.

268 1373 312 1415 Si
333 1374 467 1427 igitur
487 1378 707 1429 quaeratur
735 1379 883 1417 utrum
904 1377 1066 1418 divitiae
1097 1377 1182 1417 sint
1220 1378 1307 1418 uti-

266 1446 345 1498 les,
382 1447 473 1487 dico
509 1448 622 1500 quod
645 1448 752 1488 bene
786 1449 921 1489 utenti
945 1448 1067 1489 utiles
1087 1451 1208 1499 sunt,
1233 1450 1304 1490 sed

266 1519 502 1565 resermnti
525 1521 624 1558 sunt
640 1518 834 1570 inutiles,
871 1519 980 1559 male
1012 1519 1147 1560 utenti
1183 1520 1303 1560 dam-

265 1600 398 1630 nosae.
430 1588 547 1630 Unde
581 1589 736 1633 dicitur
770 1589 879 1629 infra
914 1590 967 1642 (V.
1005 1589 1068 1643 102)
1098 1590 1307 1633 :Divitiae

267 1663 535 1712 covnqreqatoe
557 1659 608 1711 (α)
631 1660 681 1701 in
705 1659 866 1701 maleam
883 1659 1052 1702 domini
1071 1661 1144 1701 sui
1166 1675 1174 1701 ε
1198 1661 1306 1701 bene

269 1745 371 1774 vero
394 1733 530 1774 utenti
548 1733 704 1784 valent,
727 1745 828 1774 cum
850 1733 1007 1774 scilicet
1026 1734 1239 1775 distribuit
1261 1735 1306 1774 in

269 1816 398 1857 opera
417 1805 584 1858 pietatis
608 1820 616 1847 :
641 1806 701 1846 sic
734 1806 849 1846 enim
879 1806 1025 1847 valent
1053 1806 1104 1847 ad
1136 1807 1303 1847 redem-

268 1875 458 1928 ptionem
479 1876 616 1930 culpae
634 1881 645 1903 ¹
671 1891 680 1918 2
708 1892 728 1916 <a
747 1875 922 1917 Peccata
940 1879 1014 1917 tua
1027 1877 1308 1930 eleemosynis

268 1947 445 1988 redime.
467 1962 486 1985 ))
512 1947 662 1989 Valent
693 1948 747 1988 ad
767 1950 1054 2000 augmentum
1083 1950 1234 2000 gratiae
1257 1950 1271 1971 2
1294 1961 1303 1989 :

274 2034 293 2057 ((
312 2018 473 2059 Exerce
492 2019 766 2072 temetipsum
787 2019 837 2060 ad
864 2019 1078 2072 pietatem.
1112 2035 1130 2057 ›>
1158 2019 1308 2061 Valent

266 2090 312 2130 in
329 2090 596 2142 adeptionem
620 2090 770 2142 gloriae
792 2093 805 2115 ³
828 2105 836 2130 :
869 2090 1045 2131 «Facite
1065 2091 1186 2132 vobis
1203 2091 1306 2131 ami-

267 2173 338 2201 cos
355 2161 405 2202 de
425 2172 675 2201 mammona
708 2160 955 2214 iniquitatis,
992 2165 1040 2202 ut
1070 2174 1169 2203 cum
1189 2162 1304 2203 defe-

268 2233 433 2284 ceritis,
469 2233 677 2286 recipiant
721 2244 798 2278 vos
836 2233 880 2273 in
915 2236 1075 2274 feterna
1111 2234 1305 2275 taberna-

269 2304 376 2345 cula.
399 2319 417 2342 »

323 2375 441 2425 Quod
461 2374 658 2427 objicitur
676 2374 790 2427 quod
810 2374 996 2423 inutileS,
1019 2374 1120 2426 quia
1139 2374 1303 2415 bonum

269 2448 330 2488 θεῖ
350 2446 559 2487 dimittere
574 2479 583 2497 ,
605 2445 831 2487 dicendum
847 2477 857 2495 ‚
888 2445 1002 2498 quod
1032 2445 1243 2486 dimittere
1264 2449 1305 2487 et

268 2517 352 2558 Deo
372 2518 552 2569 donare,
576 2519 638 2558 est
657 2516 816 2558 divitiis
843 2516 949 2556 bene
967 2516 1030 2556 uti
1051 2528 1062 2556 ι
1082 2516 1197 2557 unde
1217 2516 1301 2557 uti-

267 2590 326 2630 les
346 2589 513 2630 suntad
533 2589 848 2639 dimittendum,
871 2589 922 2630 ad
942 2589 1129 2629 dandum
1150 2601 1305 2642 paupe-

267 2661 409 2711 ribus,
430 2661 483 2702 ad
502 2660 732 2702 emendum
765 2672 968 2711 regnum.
1001 2659 1122 2709 Quod
1161 2658 1305 2711 objici-

267 2734 352 2783 tur,
375 2731 489 2785 quod
506 2731 674 2773 difficile
693 2734 756 2772 est
777 2731 950 2782 habere,
973 2734 1012 2772 et
1032 2743 1118 2771 non
1131 2743 1300 2781 amare;

266 2803 521 2856 respondeo,
545 2803 660 2856 quod
685 2815 738 2844 ex
758 2802 839 2843 hoc
859 2815 947 2843 non
967 2802 1158 2855 sequitur
1189 2802 1303 2855 quod

266 2871 517 2924 in]pediant;
549 2871 650 2924 quia
673 2871 812 2912 omnis
842 2871 979 2913 virtus
1010 2874 1072 2912 θεῖ
1091 2871 1201 2911 circa
1223 2871 1304 2912 dif-

268 2943 456 2993 ficile3et
473 2945 619 2983 tamen
638 2942 777 2984 virtus
808 2955 896 2984 non
916 2942 1105 2996 impedit,
1134 2943 1206 2984 sed
1233 2943 1303 2984 ad-

262 3016 414 3067 juvat:
453 3017 598 3055 tamen
628 3014 773 3055 utilior
804 3017 845 3055 et
876 3014 1064 3055 securior
1101 3027 1205 3055 usus
1242 3018 1305 3056 est

268 3085 399 3126 semel
418 3088 557 3126 totum
577 3085 802 3137 dimittere,
819 3097 950 3138 quam
965 3085 1170 3138 paulatim
1186 3085 1301 3136 dare,

268 3159 439 3210 propter
458 3156 633 3198 vitanda
655 3156 845 3209 pericula
865 3168 962 3209 quae
983 3156 1194 3197 accidunt.

323 3231 386 3269 12.
402 3228 478 3270 Est
491 3231 528 3270 et
543 3227 632 3270 alia
646 3228 902 3279 infirmitas,
918 3230 996 3268 etc.
1016 3226 1156 3280 Supra
1171 3230 1305 3269 osten-

268 3299 343 3350 dit,
356 3300 471 3353 quod
482 3299 644 3342 divitiae
656 3310 744 3340 non
757 3299 891 3340 ditant
904 3310 1166 3351 possessores
1179 3311 1278 3342 suos
1291 3315 1301 3351 3

312 3406 323 3427 ¹
343 3406 445 3448 Dan„
465 3415 514 3448 1v,
535 3409 588 3439 24.
609 3423 649 3430 —
671 3407 682 3425 ²
704 3407 713 3437 1
737 3406 833 3447 Tim„
854 3413 899 3446 iv,
920 3407 951 3437 7.
972 3423 1012 3429 -
1035 3407 1047 3425 ³
1066 3406 1156 3448 Luc„
1181 3414 1253 3448 xvi,
1273 3409 1303 3440 9.

268 3469 310 3476 —
330 3453 341 3471 ⁴
365 3453 486 3494 Eccli„
507 3462 604 3496 xxxi,
625 3455 658 3486 8.
675 3471 714 3478 —
733 3455 744 3472 ⁵
763 3453 847 3495 Jae„
868 3461 901 3494 v,
924 3457 953 3486 1.
969 3470 1010 3477 -
1029 3454 1041 3472 ⁶
1062 3454 1196 3495 Ephes„
1218 3462 1251 3496 v,
1273 3457 1303 3486 5.

2333 167 2409 207 627

1379 237 1449 278 hic
1467 239 1695 292 subjungit
1723 245 1920 297 secundo,
1945 248 2059 300 quod
2090 253 2410 297 contemnendae

1380 313 1502 362 sunt,
1538 312 1640 364 quia
1674 314 1915 367 frequenter
1953 331 2037 360 non
2067 323 2414 368 transmittuntur

1379 382 1431 422 ad
1449 385 1651 435 posteros,
1673 387 1714 424 et
1732 379 1813 426 hoc
1831 388 2003 439 quidem
2029 391 2124 433 facit
2148 393 2229 435 hoc
2247 396 2409 439 ordine.

1381 451 1524 494 Primo
1543 457 1718 495 notatur
1738 458 2016 501 consideratio
2036 465 2236 515 egestatis
2256 467 2414 510 futurae

1380 522 1425 562 111
1443 524 1583 576 prole3
1607 528 1791 569 secundo
1825 541 1878 570 ex
1897 530 1978 572 hoc
1999 532 2230 577 detestatur
2262 538 2415 580 sollici-

1381 593 1575 635 tudinem
1603 596 1861 640 laboriosam
1893 604 2088 654 pecuniae
2126 607 2410 659 acquirendae.

1383 663 1523 705 Tertio
1555 666 1600 706 in
1629 668 1760 721 hujus
1793 671 2110 716 detestationem
2143 680 2416 721 commendat

1382 733 1630 775 fruitionem
1664 740 1885 789 praesentis
1913 741 2072 784 laetitiae
2097 777 2106 795 ,
2147 746 2306 788 addens
2336 749 2417 790 hoc

1383 816 1474 845 esse
1493 805 1655 846 donum
1673 807 1883 861 largitatis
1900 812 2071 855 divinae.
2091 815 2335 860 Considerat
2349 819 2419 860 bic

1382 875 1522 927 primo
1543 882 1778 930 egestatem
1809 882 1995 924 futuram
2032 885 2078 925 in
2108 887 2251 929 divitis
2285 890 2417 941 prole,

1384 947 1484 999 quia
1504 960 1603 989 cum
1624 955 1901 994 conservetur
1927 954 2002 995 diu
2028 968 2054 996 a
2082 960 2217 1009 patre,
2251 971 2339 1000 non
2360 973 2421 1001 re-

1384 1022 1529 1059 manet
1551 1020 1663 1071 filio;
1683 1027 1903 1076 propterea
1922 1026 2021 1067 dicit
2044 1042 2052 1068 :
2072 1028 2151 1072 Est
2175 1034 2212 1072 et
2236 1030 2328 1073 alia
2357 1033 2422 1074 in-

1384 1089 1572 1139 firmitas
1589 1094 1794 1145 pessima,
1815 1107 1943 1149 quam
1973 1098 2070 1141 vidi
2097 1101 2172 1142 sub
2201 1101 2309 1153 sol63
2338 1103 2422 1144 alia

1383 1162 1539 1204 scilicet
1558 1177 1583 1205 a
1602 1167 1817 1219 praedicta,
1841 1181 1955 1222 quae,
1975 1171 2168 1225 inquam,
2190 1177 2251 1215 est
2266 1175 2311 1215 in
2330 1187 2422 1228 pos-

1384 1235 1569 1277 sessione
1606 1237 1875 1289 divitiarum3
1915 1242 2028 1283 unde
2065 1243 2165 1285 dicit
2197 1260 2205 1285 :
2238 1246 2421 1290 Divitiae

1384 1314 1649 1361 con97²eqcttoe
1663 1311 1885 1354 inmotum
1910 1313 2077 1357 domini
2101 1318 2186 1369 sui,
2214 1318 2315 1370 quia
2334 1332 2421 1360 non

1383 1381 1561 1429 possunt
1610 1383 1870 1435 congregari
1914 1384 2006 1426 sine
2055 1387 2167 1428 malo
2203 1401 2343 1441 poenae
2379 1393 2422 1431 et

1384 1449 1534 1502 culpae.
1555 1451 1568 1472 '⁴
1594 1467 1612 1489 1(
1635 1451 1790 1494 Beatus
1819 1455 1906 1507 vir,
1941 1457 2016 1509 qui
2033 1457 2234 1501 inventus
2250 1464 2312 1502 est
2330 1462 2421 1503 sine

1383 1521 1564 1573 macula,
1590 1526 1631 1563 et
1660 1524 1735 1576 qui
1760 1528 1855 1578 post
1883 1539 2041 1568 aurum
2071 1542 2157 1570 non
2190 1531 2310 1584 abiit,
2344 1545 2422 1574 nec

1383 1593 1569 1644 speravit
1589 1594 1632 1634 in
1650 1596 1844 1647 pecuniae
1863 1597 2088 1641 thesauris:
2121 1601 2223 1651 Quis
2242 1607 2305 1643 est
2320 1604 2421 1644 hic?

1383 1665 1424 1702 et
1442 1663 1713 1706 laudabimus
1737 1679 1859 1718 eum;
1882 1669 1978 1710 fecit
2005 1671 2121 1712 enim
2150 1672 2360 1716 mirabilia
2378 1676 2423 1716 in

1383 1734 1469 1775 vita
1489 1748 1579 1775 sua.
1602 1751 1620 1773 ›)
1645 1735 1721 1779 Vel
1735 1738 1784 1779 z'n
1804 1739 1984 1791 malum3
2015 1741 2177 1784 faciunt
2196 1745 2311 1786 enim
2342 1746 2424 1787 ho-

1382 1805 1544 1847 minem
1580 1808 1728 1849 venire
1758 1809 1804 1850 in
1830 1811 1992 1852 malum
2023 1825 2163 1866 poenae
2184 1819 2229 1856 ⁵:
2259 1816 2422 1869 «Agite

1381 1888 1509 1927 nunc,
1535 1877 1708 1928 divites,
1730 1880 1892 1932 plorate
1925 1882 2139 1925 ululantes
2164 1885 2209 1926 in
2239 1887 2420 1928 miseriis

1381 1959 1478 2000 (111111.ἱ
1518 1949 1745 1992 advenient
1771 1952 1908 1994 vobis.
1930 1968 1949 1991 »
1995 1955 2170 1998 Domini
2204 1959 2297 2009 sui,
2332 1959 2419 2000 imo

1381 2021 1617 2062 secundum
1635 2034 1754 2073 rem,
1776 2024 1888 2065 servi
1931 2039 1939 2065 ε
1981 2026 2084 2078 quia
2112 2027 2290 2069 avaritia
2320 2029 2419 2070 facit

1380 2102 1560 2132 avarum
1581 2105 1754 2135 servum
1775 2098 1788 2119 ⁶
1811 2109 1820 2134 :
1850 2094 2094 2148 «Avaritia,
2117 2110 2214 2151 quae
2240 2102 2301 2140 est
2321 2100 2415 2141 ido-

1378 2161 1521 2202 lorum
1538 2163 1736 2204 servitus.
1758 2178 1777 2202 ))
1803 2164 1903 2216 Hae,
1934 2166 2133 2220 inquam,
2161 2173 2341 2222 pereunt
2367 2172 2417 2213 in

1379 2233 1616 2284 afflictione
1635 2236 1823 2289 pessima
1838 2267 1851 2287 ,
1873 2237 1976 2289 quia
2000 2250 2171 2280 necesse
2196 2244 2278 2293 est,
2301 2243 2416 2295 quod

1379 2302 1467 2355 ipse
1487 2316 1586 2344 cum
1603 2305 1747 2347 dolore
1766 2307 1945 2348 amittat.
1969 2312 1982 2333 ⁷
2009 2309 2170 2353 «Dives
2195 2324 2294 2353 cum
2313 2313 2414 2355 dor-

1379 2373 1533 2426 mierit,
1559 2375 1666 2416 nihil
1676 2389 1821 2418 secum
1839 2379 2020 2431 auferet3
2036 2395 2055 2419 ›)
2076 2393 2155 2423 nec
2169 2385 2338 2425 tantum
2350 2397 2415 2427 re-

1376 2444 1632 2498 linquuntur
1651 2460 1676 2488 a
1695 2448 1887 2501 domino,
1910 2451 1982 2492 sed
2000 2451 2128 2493 etiam
2157 2455 2414 2499 amittuntur

1377 2528 1402 2556 a
1421 2516 1508 2558 filio
1531 2530 1540 2558 :
1563 2518 1677 2560 unde
1709 2520 1851 2562 sudet
1873 2536 1881 2562 :
1907 2521 2132 2568 Generavit
2150 2526 2307 2580 filium,
2335 2531 2414 2582 qui

1378 2585 1426 2626 z'n
1437 2596 1603 2628 summa
1624 2592 1807 2640 eqesz‘ace
1826 2591 1921 2633 erit.
1944 2591 2016 2632 Est
2035 2597 2204 2645 egestas
2223 2608 2408 2650 summa,

1377 2660 1417 2697 et
1436 2656 1530 2697 haec
1549 2657 1760 2700 bonorum
1788 2661 2006 2713 omnium3
2031 2663 2082 2705 de
2099 2671 2194 2718 'qua
2213 2666 2227 2688 ⁸
2250 2681 2258 2707 :
2289 2683 2308 2706 «
2327 2667 2412 2710 Ve-

1376 2728 1464 2769 niet
1484 2732 1688 2783 tanquam
1708 2732 1846 2774 viator
1865 2737 2046 2786 egestas.
2066 2751 2086 2774 »
2109 2736 2160 2778 Et
2176 2738 2235 2780 sic
2252 2739 2412 2782 divitiae

1377 2804 1637 2843 conservatae
1662 2803 1960 2857 relinquentur
1991 2807 2152 2859 heredi,
2175 2821 2254 2851 nec
2282 2811 2412 2853 etiam

1376 2873 1585 2924 asportari
1618 2885 1642 2914 a
1673 2886 1911 2927 possessore
1930 2882 2131 2932 possunt3
2160 2881 2275 2922 unde
2307 2883 2409 2924 sub-

1376 2941 1435 2982 dit
1459 2957 1466 2982 :
1493 2943 1618 2987 Sicut
1635 2955 1828 2998 eyressus
1846 2952 1908 2991 est
1933 2949 2078 2992 nudus
2103 2950 2154 2992 de
2175 2954 2292 2995 utero
2318 2964 2411 2996 ma-

1378 3014 1458 3055 cris
1485 3024 1587 3066 suae,
1604 3017 1666 3058 sic
1685 3021 1933 3070 revertetur,
1957 3032 2043 3061 non
2061 3021 2106 3061 in
2127 3024 2312 3074 uterum,
2338 3023 2412 3065 sed

1377 3084 1422 3125 in
1442 3087 1623 3137 terram3
1656 3093 1697 3131 ec
1716 3089 1831 3131 m'hz’l
1856 3091 2016 3141 auferet
2036 3102 2176 3135 secum
2204 3093 2256 3137 de
2276 3094 2412 3138 labore

1380 3168 1470 3201 suo.
1493 3158 1506 3180 ⁹
1532 3158 1717 3202 «Nudus
1748 3174 1946 3214 egressus
1977 3178 2075 3206 sum
2094 3166 2145 3208 de
2167 3170 2289 3210 utero
2318 3181 2412 3211 ma-

1378 3229 1453 3270 tris
1474 3242 1605 3280 rneae,
1641 3231 1782 3273 nudus
1813 3237 2002 3277 revertar
2030 3236 2145 3279 illuc.
2178 3253 2198 3276 »
2241 3239 2294 3280 Et
2331 3240 2413 3283 hoc

1378 3300 1502 3342 valde
1523 3301 1774 3354 dolendum3
1797 3305 1910 3347 unde
1930 3307 2072 3349 subdit
2097 3308 2152 3361 (v.
2174 3310 2238 3364 15)
2264 3311 2415 3355 :Mise-

1380 3413 1420 3419 —-
1440 3397 1449 3415 ⁷
1466 3396 1539 3435 Job,
1560 3404 1671 3436 xxvii,
1692 3399 1744 3429 19.
1765 3414 1805 3422 -—
1826 3400 1836 3418 ⁸
1853 3400 1965 3442 Prov„
1982 3410 2029 3443 VI,
2052 3405 2104 3436 11.
2123 3422 2165 3430 -
2185 3407 2197 3426 ⁹
2218 3405 2291 3447 lob,
2313 3415 2340 3448 1,
2360 3409 2412 3441 21.

1423 3455 1465 3496 (a)
1490 3455 1591 3496 Vulg.
1614 3459 1823 3499 conservaloe,
1845 3461 1879 3490 et
1897 3460 1944 3492 sic
1965 3461 2139 3504 deinceps.
