2633 3878
281 267 357 303 33³8

279 351 318 386 in
338 359 415 394 me,
449 352 483 385 et
513 349 695 385 miserere
727 350 826 396 mei;
861 350 913 387 da
943 351 1149 398 imperium
1177 361 1301 398 puero

280 415 371 455 tuo,
402 413 438 446 et
464 409 619 446 salvum
647 410 707 447 fac
742 411 868 454 filium
899 412 1049 449 ancillae
1082 415 1168 449 tuae.
1201 426 1220 447 »
1254 414 1303 449 De

278 471 451 507 secunda
471 471 584 508 etiam
607 471 659 508 ait
679 473 1031 521 psalmograpl1us¹
1055 485 1063 510 :
1089 487 1106 507 «
1127 474 1304 519 Domine,

279 532 460 569 miserere
482 533 580 578 mei,
607 543 702 570 sana
722 535 896 571 animam
921 545 1073 580 meam,
1103 535 1196 582 quia
1215 546 1305 582 pec-

279 593 363 629 cavi
386 593 468 630 tibi.
491 608 507 626 ι)
534 596 583 631 De
605 595 714 632 tertia
740 607 874 632 rursus
893 596 1061 642 legimus
1080 595 1093 615 ²
1123 609 1131 633 :
1158 610 1175 630 «
1196 597 1302 634 Mise-

278 665 362 691 rere
382 655 484 701 mei,
506 656 680 702 Domine,
702 657 892 704 quoniam
911 657 1098 704 tribulor3
1122 671 1138 690 »ι
1163 658 1204 694 in
1224 669 1303 706 quo

279 719 383 762 patet
401 727 519 763 perna
537 718 716 754 exterior.

707 825 877 865 Epilogus.

328 904 367 937 Et
398 902 471 938 hoe
496 907 565 948 est,
601 903 711 950 quod
739 904 791 941 ait
821 905 1012 952 Propheta
1043 905 1083 940 in
1116 903 1307 951 praelibati

278 963 499 1010 poenitentis
517 975 688 1012 persona
709 979 717 1002 :
743 968 848 1002 Viam
868 969 1093 1013 iniquetatis,
1115 968 1304 1013 quantum

280 1025 331 1060 ad
350 1026 654 1072 suggestionem,
671 1038 741 1074 per
753 1038 873 1075 quam
888 1028 1072 1075 iniquitas
1083 1027 1304 1074 (a>)incedit;

279 1089 411 1122 Amore
440 1098 461 1122 a
485 1098 562 1132 me,
592 1091 782 1135 quantum
811 1089 862 1126 ad
891 1089 1211 1137 subreptionem,
1236 1098 1306 1135 per

280 1158 401 1194 quam
421 1148 603 1195 iniquitas
618 1150 788 1196 aceedit3
808 1152 852 1187 Et
868 1153 906 1187 in
923 1153 996 1197 1696
1017 1154 1093 1196 tua,
1115 1152 1306 1198 quantum

280 1208 332 1244 ad
364 1209 461 1256 legis
496 1211 766 1256 aversionem,
800 1224 879 1260 qua
916 1212 1099 1260 iniquitas
1131 1211 1283 1249 excedit
1293 1225 1304 1257 3

278 1271 446 1306 Miserere
471 1274 560 1314 mei,
596 1275 787 1319 quantum
819 1274 871 1310 ad
907 1273 1307 1319 animadversionem,

279 1342 367 1378 quae
386 1332 578 1379 iniquitati
599 1334 782 1371 succedit.

632 1482 848 1509 VERSICULUS
874 1483 947 1509 xlv.

327 1583 384 1618 30.
399 1584 501 1618 Viam
513 1585 676 1619 veritatis
687 1585 789 1630 elegi,
800 1587 871 1620 etc.
889 1585 1134 1622 Sicutversus
1143 1595 1309 1633 praeam-

279 1642 396 1679 bulus
415 1643 634 1690 pertinebat
655 1644 707 1680 ad
732 1646 920 1692 peccandi
944 1646 1234 1692 difficultatem,
1255 1647 1308 1683 sic

154 1728 243 1755 mm
279 1704 348 1740 iste
379 1705 511 1741 attinet
542 1706 593 1742 ad
623 1707 901 1753 perseverandi
928 1707 1165 1744 facilitatem.
1198 1708 1307 1745 Ratio

149 1773 233 1797 lcctxo

157 1812 224 1845 quid

126 1858 261 1887 “siff-[dr

280 1776 373 1802 vero
395 1766 506 1803 dictae
534 1767 725 1804 facilitatis
753 1772 808 1805 est
837 1768 993 1806 dilectio
1012 1769 1208 1816 veritatis,
1231 1781 1310 1818 qua

279 1837 390 1863 mens
427 1829 615 1875 trahitur,
651 1830 868 1867 trahentem
903 1831 1105 1879 sequitur,
1141 1842 1309 1880 sequens

280 1890 552 1937 consequitur,
573 1895 610 1927 et
630 1902 875 1939 consequens
899 1893 1189 1940 complectitur,
1213 1894 1311 1931 sicut

281 1952 320 1986 in
355 1953 533 1998 praesenti
555 1953 764 1989 'versiculo
799 1964 870 2000 per
907 1954 1088 1991 ordinem
1122 1955 1307 2002 aperitur.

280 2013 457 2050 Trahitur
493 2016 623 2051 autem
653 2015 914 2061 admirando,
942 2016 1116 2064 sequitur
1153 2017 1308 2053 investi-

282 2075 414 2120 gando
429 2088 439 2122 3
462 2077 713 2124 cousequitur
741 2077 1007 2125 speculand03
1039 2078 1310 2126 complectitur

283 2136 528 2175 delectando.

612 2237 800 2272 ,trcz'culus
822 2238 974 2282 primus.

334 2334 437 2368 Viam
456 2334 634 2368 veritatis.
666 2330 731 2366 Hic
756 2333 912 2367 notatur
933 2332 996 2368 via
1025 2331 1310 2375 admirationis,

281 2405 352 2442 per
385 2405 506 2442 quam
543 2394 682 2431 veritas
714 2395 829 2432 trahit
859 2397 1053 2440 mentem,
1082 2392 1309 2430 reducendo

283 2460 501 2493 creaturam
526 2457 788 2493 admirantem
817 2456 870 2493 ad
899 2456 1174 2493 admirabilem
1201 2457 1312 2492 Crea-

283 2523 421 2556 torem.
455 2519 530 2556 Sed
550 2519 789 2561 notandum,
818 2520 927 2567 quod
959 2520 1040 2556 haec
1067 2520 1132 2557 via
1157 2521 1312 2558 videtur

283 2581 441 2618 trivium
466 2581 671 2629 quoddam
697 2582 823 2619 facere
846 2595 854 2616 ε
884 2582 1056 2620 continet
1080 2583 1186 2620 enim
1205 2584 1312 2620 viam

284 2643 558 2680 admirativam
587 2644 729 2681 divinae
759 2645 966 2692 potentiae3
1000 2645 1106 2693 viam
1139 2645 1311 2682 admira-

285 2705 403 2742 tivam
422 2706 564 2743 divinae
583 2707 781 2754 sapientiae
796 2721 806 2753 3
827 2708 934 2744 viam
954 2719 1115 2756 quoque
1141 2708 1312 2745 admira·

284 2771 405 2808 tivam
424 2771 608 2808 bonitatis
637 2771 790 2809 divinae.
820 2774 991 2817 Quarum
1013 2773 1142 2820 prima
1173 2773 1313 2810 dicitur

286 2833 326 2868 in
339 2833 534 2880 Scriptura
546 2834 611 2870 via
623 2834 886 2881 procellarum
894 2848 905 2881 3
924 2835 1110 2880 secunda,
1124 2835 1190 2872 via
1206 2836 1313 2872 sseth-

287 2895 512 2931 samitarum
523 2909 532 2941 ;
552 2897 684 2943 tertia,
705 2897 770 2934 via
788 2898 1005 2935 vinearum.
1032 2900 1083 2935 De
1102 2898 1230 2946 prima
1248 2898 1313 2935 via

286 2956 480 3003 scriptura
492 2957 679 3004 loquitur,
694 2959 763 2995 ubi
777 2959 956 2996 scribitur
972 2961 986 2983 ³
1003 2971 1010 2996 :
1031 2961 1227 3005 «Quando
1243 2971 1314 3008 po-

289 3019 406 3055 nebat
412 3019 554 3066 pluviis
564 3019 703 3066 legem,
715 3023 750 3056 et
761 3021 866 3057 viam
875 3022 1057 3068 procellis
1068 3023 1312 3070 sonantibus,

289 3083 379 3117 tunc
398 3080 496 3116 vidit
520 3081 641 3117 illam.
665 3096 682 3116 »
707 3083 748 3117 ln
766 3082 840 3118 hac
861 3083 1006 3130 quippe
1026 3084 1221 3132 Scriptura
1239 3086 1312 3122 sub

287 3143 513 3190 pluviarum
546 3146 581 3180 et
618 3145 880 3191 procellarum
918 3146 1045 3193 figura
1083 3147 1314 3186 describitur

288 3206 387 3242 mira
408 3205 472 3243 Dei
491 3206 677 3254 potentia,
699 3206 939 3254 disponentis
956 3219 1093 3255 poenas
1113 3209 1313 3247 mirandas

289 3270 425 3304 contra
443 3268 578 3315 culpas
599 3268 860 3314 miserandaS,
881 3268 1024 3306 scilicet
1047 3270 1222 3317 algorem
1242 3273 1314 3308 mi-

287 3328 452 3366 rabilem
482 3333 518 3366 et
545 3330 755 3377 ardorem,
777 3334 909 3369 contra
943 3331 1124 3369 timorem
1155 3333 1314 3371 misera—

333 3426 343 3447 ¹
367 3425 459 3457 Psal.
478 3434 540 3467 η,
561 3430 591 3460 5.
613 3444 651 3452 -
671 3429 684 3450 ²
699 3428 791 3460 Psal.
810 3436 900 3470 xxx,
922 3431 972 3461 10.
993 3446 1032 3452 —
1053 3430 1067 3451 ⁸
1085 3429 1161 3468 Job,
1181 3437 1310 3471 xxviu,

288 3473 340 3503 25.
361 3489 400 3495 —
422 3474 430 3490 ⁶
458 3474 554 3514 thid„
575 3476 624 3506 28.
645 3493 686 3498 -
703 3476 717 3497 ⁵
738 3477 747 3506 l
773 3476 859 3516 Κεφ,
885 3483 935 3515 vi,
959 3478 1008 3507 12.
1032 3493 1069 3500 -
1092 3477 1104 3495 ‘⁵
1121 3475 1194 3517 lob,
1216 3485 1311 3518 xxiv,

292 3519 340 3550 18.
361 3536 402 3543 —
419 3520 433 3541 ⁷
452 3521 530 3562 1>a.‚
550 3529 633 3561 Lxu,
658 3525 704 3554 lv.

978 261 1252 304 EXPOSlTlO
1283 262 1335 304 lN
1367 263 1713 308 PSALTERHJM.

1377 353 1497 391 bilem
1517 356 1553 391 et
1574 365 1750 393 amorem
1768 368 1775 391 :
1799 355 1904 393 unde
1922 356 2014 393 dicit
2035 369 2043 393 ε
2065 358 2215 401 Quando
2230 361 2398 406 ponebat,

1378 413 1419 451 id
1439 418 1516 463 est,
1542 417 1794 465 disponebat3
1821 419 1957 464 pluviis
1989 420 2114 464 Iegem,
2141 422 2331 466 quantum
2350 421 2402 458 ad

1377 487 1513 524 poenas
1538 489 1704 526 aqueas,
1734 491 1820 527 quae
1844 479 2012 527 puniunt
2038 490 2110 527 per
2136 480 2311 527 algorem
2326 493 2336 526 ;
2371 486 2402 518 et

1378 541 1475 575 viam
1504 543 1666 586 procellis
1703 543 1927 587 sonantibus,
1959 543 2150 588 quantum
2187 542 2238 578 ad
2267 552 2403 589 poenas

1379 601 1537 647 igneas,
1564 613 1651 649 quae
1676 602 1844 650 puniunt
1868 614 1937 650 per
1963 603 2145 640 ardorem
2159 617 2170 650 ς
2193 608 2275 641 tunc
2292 605 2404 649 vidit,

1381 662 1419 698 id
1456 665 1524 708 est,
1560 663 1681 700 videri
1713 663 1815 710 fecit,
1849 666 1964 711 illam,
1997 665 2141 702 scilicet
2174 665 2405 713 sapientiam

1381 725 1622 770 timoratam,
1649 725 1711 761 vel
1742 725 2012 773 sapientialem
2038 727 2230 764 timorem.
2262 729 2305 764 Et
2329 728 2405 765 hoc

1382 789 1450 833 est,
1480 788 1590 834 quod
1622 788 1755 825 subdit
1780 787 1880 825 infra
1898 789 1910 810 ²
1938 801 1946 824 ε
1980 803 1996 821 «
2028 791 2071 826 Et
2100 788 2196 825 dixit
2227 789 2403 826 homini:

1381 850 1474 885 Ecce
1490 849 1605 886 timor
1624 849 1685 886 Dei
1706 852 1761 887 est
1779 850 2013 898 sapientia.»
2037 852 2132 886 Ecce
2154 850 2218 886 via
2236 849 2407 887 admira-

1381 910 1458 946 tiva
1497 910 1638 947 divinze
1675 911 1873 959 potentis-1³,
1913 922 2000 959 quae
2037 914 2092 948 est
2129 911 2409 949 comminativa

1380 983 1518 1019 poenze.
1542 975 1591 1009 De
1607 974 1780 1010 secunda
1793 974 1856 1011 via
1875 973 2149 1010 convenienter
2168 973 2408 1020 intelligitur,

1382 1034 1492 1081 quod
1510 1035 1651 1082 legitur
1670 1036 1682 1057 ⁵
1707 1048 1715 1071 :
1741 1049 1758 1070 «
1784 1036 1894 1074 Ibant
1911 1036 1952 1072 in
1978 1035 2169 1072 directum
2194 1045 2321 1072 vaccae
2338 1044 2408 1082 per

1381 1097 1507 1142 viam,
1529 1107 1616 1144 quse
1636 1097 1743 1134 ducit
1762 1098 1994 1135 Bethsames.
2022 1111 2040 1132 n
2071 1099 2152 1134 Istae
2171 1107 2300 1134 vaccae
2320 1099 2411 1134 sunt

1382 1159 1483 1195 vires
1519 1159 1693 1196 rationis.
1732 1161 1805 1197 Ista
1839 1161 1905 1197 via
1942 1163 1997 1197 est
2026 1160 2090 1197 via
2123 1159 2408 1207 admirationis,

1383 1232 1460 1267 quoe
1479 1221 1579 1257 ducit
1604 1222 1829 1268 Bethsames,
1850 1221 1892 1258 id
1913 1225 1987 1268 est,
2009 1222 2050 1258 in
2071 1222 2238 1260 domum
2265 1221 2410 1258 illumi-

1382 1281 1574 1328 nationis,
1604 1293 1673 1319 scu
1698 1282 1896 1330 sapientiae
1923 1283 2191 1320 illuminantis.
2225 1285 2320 1320 Ecce
2347 1283 2413 1321 via

1384 1344 1618 1381 admirativa
1643 1344 1787 1382 divinoe
1817 1345 2033 1393 sapientise,
2069 1356 2156 1393 quae
2186 1347 2242 1382 est
2269 1344 2414 1381 illumi-

1384 1405 1515 1442 nativa
1537 1406 1814 1453 intelligentiae.
1843 1409 1892 1442 De
1920 1407 2031 1443 tertia
2057 1406 2122 1442 via
2147 1407 2414 1453 competenter

1385 1467 1610 1514 exponitur,
1639 1468 1749 1515 quod
1768 1468 2004 1515 proponitur
2021 1466 2034 1488 ⁶
2057 1481 2065 1504 ι
2095 1480 2112 1502 ι(
2141 1466 2343 1504 Maledicta
2367 1466 2416 1504 sit

1384 1539 1474 1576 pars
1493 1529 1575 1576 ejus
1595 1529 1635 1565 in
1654 1532 1769 1576 terra,
1786 1540 1858 1566 nec
1877 1529 2052 1566 ambulet
2070 1540 2140 1577 per
2158 1528 2265 1565 viam
2282 1529 2415 1566 vinea·
2438 1558 2441 1561 .

1384 1601 1523 1627 rum.»
1557 1593 1607 1627 De
1628 1590 1807 1628 adultero
1837 1591 2030 1639 loquitur,
2059 1591 2127 1638 qui
2155 1589 2413 1627 delectatione

1386 1652 1533 1689 carnali
1560 1653 1673 1700 quasi
1692 1656 1800 1700 parte
1833 1656 1869 1690 et
1897 1654 1999 1690 sorte
2030 1662 2100 1689 sua
2119 1651 2270 1689 fruitur.
2293 1651 2412 1698 Hujus

1385 1724 1521 1751 revera
1541 1714 1750 1751 maledicta
1770 1717 1826 1751 est
1855 1725 1946 1762 pars
1965 1714 2005 1750 in
2023 1715 2141 1759 terra,
2163 1716 2199 1750 et
2217 1723 2288 1761 per
2305 1713 2412 1750 viam

1384 1776 1590 1812 vinearum
1620 1787 1702 1813 non
1734 1776 1912 1813 ambulat
1924 1789 1935 1822 ,-
1969 1775 2159 1823 quoniam
2193 1775 2245 1811 ad
2280 1775 2411 1812 suavi-

1386 1840 1502 1875 tatem
1542 1837 1756 1875 coelestium
1792 1837 2021 1874 deliciarum
2059 1836 2294 1874 admirando
2332 1847 2413 1873 non

1385 1900 1688 1947 appropinquat.
1708 1902 1801 1936 Ecce
1816 1900 1880 1935 via
1894 1898 2128 1935 admirativa
2143 1898 2286 1935 divinoe
2300 1898 2415 1935 boni-

1385 1962 1485 2008 tatis,
1508 1973 1594 2009 quse
1615 1964 1670 1998 est
1689 1961 1948 2008 germinativa
1967 1970 2130 1997 summae
2146 1960 2358 1998 suavitatis.

1713 2067 1900 2103 Articulus
1919 2066 2106 2103 secundus.

1434 2152 1549 2196 Eleqt.
1582 2149 1647 2185 Hic
1671 2151 1828 2186 notatur
1855 2159 1965 2186 mens
1995 2148 2195 2186 veritatem
2229 2158 2409 2196 sequens.

1388 2213 1631 2258 Quicumque
1656 2211 1761 2248 enim
1790 2211 1910 2258 eligit,
1932 2211 2092 2248 internis
2106 2210 2274 2259 pedibus
2293 2213 2413 2248 secta-

1386 2276 1448 2310 tur
1467 2273 1527 2318 id,
1547 2273 1661 2320 quod
1680 2273 1808 2319 elegit.
1831 2274 1873 2309 Et
1891 2275 2006 2319 nota,
2027 2272 2138 2320 quod
2162 2283 2274 2310 mens
2291 2271 2415 2320 tripli-

1388 2335 1480 2371 citer
1498 2334 1701 2371 veritatem
1720 2334 1827 2381 eligit
1846 2334 1906 2382 (b),
1929 2336 1965 2370 et
1993 2334 2175 2381 eligendo
2212 2333 2388 2382 sequitur
2401 2361 2413 2380 ,

1388 2407 1508 2444 quam
1541 2395 1656 2442 elegit
1690 2409 1700 2431 .·
1730 2395 1913 2432 videlicet
1945 2396 2183 2442 scrutando,
2221 2395 2414 2443 legendo,

1389 2458 1553 2495 orando.
1577 2458 1792 2495 Scrutando
1820 2458 1982 2505 quidem
2008 2458 2133 2505 eligit,
2153 2458 2251 2495 sicut
2270 2458 2415 2495 elector

1387 2520 1567 2568 lapidum
1581 2547 1592 2565 ‚
1634 2520 1778 2567 quibus
1817 2520 1957 2556 veritas
1990 2520 2194 2566 figuratur.
2232 2519 2415 2567 Legendo

1389 2582 1508 2629 eligit,
1529 2583 1626 2619 sicut
1645 2581 1787 2619 elector
1805 2581 1993 2619 doctrinae
2002 2609 2014 2628 ,
2031 2592 2112 2630 qua
2131 2582 2269 2619 veritas
2288 2580 2414 2629 expli-

1389 2648 1510 2681 catur.
1532 2644 1689 2681 Orando
1710 2644 1840 2691 eligit,
1866 2643 1963 2680 sicut
1990 2644 2133 2681 elector
2153 2643 2314 2690 domus,
2336 2653 2416 2691 qua

1388 2707 1529 2744 veritas
1548 2707 1762 2743 invocatur.
1787 2708 1837 2742 De
1859 2705 1987 2753 primo
2005 2707 2018 2728 ⁷
2041 2718 2049 2742 ε
2075 2719 2092 2740 ι(
2107 2706 2290 2752 Transite,
2309 2707 2414 2743 tran-

1389 2769 1458 2805 site
1486 2779 1556 2816 per
1583 2770 1716 2815 portas
1732 2795 1741 2810 ‚
1763 2770 1979 2814 praeparate
2009 2767 2114 2804 viam
2137 2767 2312 2815 populo,
2331 2767 2416 2814 pla-

1391 2842 1487 2868 num
1510 2830 1623 2867 facite
1648 2829 1741 2874 iter,
1772 2831 1809 2865 et
1834 2829 1962 2875 eligite
1997 2828 2169 2876 lapides,
2199 2831 2237 2866 et
2265 2828 2416 2866 elevate

1391 2893 1547 2939 signum
1564 2892 1615 2928 ad
1634 2890 1844 2938 populos.»
1863 2892 1954 2934 Quae
1973 2892 2063 2926 sunt
2080 2892 2218 2937 portae,
2230 2901 2329 2938 quas
2348 2890 2416 2927 de-

1389 2956 1526 2992 bemus
1557 2953 1733 2998 transire,
1765 2952 1839 2989 nisi
1874 2954 1995 3000 portae
2025 2951 2209 2998 justitiae?
2240 2953 2332 2997 Quae
2361 2954 2419 2989 est

1391 3017 1466 3062 via,
1487 3026 1609 3064 quam
1642 3015 1834 3051 debemus
1859 3024 2102 3061 praeparare,
2126 3014 2200 3050 nisi
2231 3014 2296 3051 via
2322 3025 2416 3062 pru-

1394 3079 1561 3115 dentiae?
1580 3077 1695 3122 Quod
1715 3079 1770 3113 est
1788 3076 1880 3122 iter,
1903 3075 2014 3123 quod
2033 3075 2224 3112 debemus
2243 3075 2417 3124 compla-

1390 3151 1500 3187 nare,
1537 3139 1611 3176 nisi
1650 3138 1858 3176 difficultas
1894 3137 2188 3184 intelligentiae?
2223 3138 2294 3183 Qui
2328 3140 2418 3174 sunt

1391 3202 1563 3251 lapideS,
1593 3211 1694 3249 quos
1725 3200 1914 3237 debemus
1940 3199 2103 3246 eligere,
2124 3199 2198 3236 nisi
2222 3209 2362 3246 graves
2380 3202 2418 3236 et

1392 3266 1500 3302 durae
1517 3263 1687 3301 veritatis
1705 3261 1867 3308 figurae‘?
1886 3261 2000 3306 Quod
2024 3263 2082 3298 est
2105 3260 2280 3307 signum,
2305 3260 2415 3306 quod

1391 3327 1582 3364 debemus
1601 3325 1653 3362 ad
1670 3323 1842 3372 populos
1861 3323 2028 3367 elevare,
2045 3321 2119 3357 nisi
2137 3321 2295 3366 signatae
2311 3320 2415 3356 veri-

1391 3389 1476 3426 tatis
1508 3388 1552 3435 (c)
1583 3385 1773 3424 theoriae?
1808 3387 1903 3421 Ecce
1937 3381 2141 3431 quomodo
2167 3380 2318 3428 lapides
2349 3381 2414 3418 eli-

1432 3473 1477 3514 (ιι)
1500 3471 1576 3503 Coet.
1595 3470 1674 3502 edit.
1693 3467 1935 3509 iniquitatis.—-
1948 3466 2079 3507 (b)Ilem
2100 3464 2210 3505 clegit.
2227 3482 2267 3488 —
2281 3465 2317 3506 (c)
2331 3467 2412 3499 Item

1390 3520 1524 3552 veritas.

2468 1113 2570 1138 Vaccae

2442 1153 2562 1181 Bethsa-

2431 1202 2505 1223 mes.

2435 2227 2519 2253 Mens
2527 2225 2575 2253 tri-

2445 2266 2514 2302 plici
2519 2271 2559 2295 'er

2450 2308 2552 2336 verita-

2434 2351 2493 2377 tem
2513 2350 2572 2378 ele-

2434 2392 2487 2427 git.
