2633 3878
899 273 955 316 IN
984 271 1358 316 HEXAEMERON.
1393 272 1567 316 SERMO
1597 274 1629 316 I.
1649 236 1658 243 ν

194 375 236 414 et
253 371 392 413 lucem
419 368 671 411 tenebras.»
696 365 815 408 Unde
840 377 928 407 non
958 367 1060 406 sunt
1088 363 1228 405 idonei

193 443 245 485 ad
284 442 545 485 audiendum
576 439 717 491 legem
755 436 843 479 Dm.
885 436 1045 478 Iterum
1082 437 1229 477 contra

194 514 512 556 consonantiam
543 510 702 552 divinae
731 508 889 560 laudis,
911 508 1087 562 spiritus
1116 519 1225 560 prae-

194 584 469 640 sumptionis,
500 584 541 623 et
572 581 858 622 curiositatis:
889 580 947 620 ita
979 579 1093 632 quod
1122 590 1228 632 prae-

195 659 470 710 sumptuosus
506 654 624 695 Diam
660 664 746 693 non
782 651 1053 704 magnificat,
1087 650 1159 690 sed
1185 661 1229 690 se

194 728 338 770 laudat
353 740 364 778 3
381 725 574 767 curiosus
593 726 738 765 autem
757 723 1028 765 devotionem
1047 734 1135 763 non
1156 721 1230 762 ha·

194 799 278 841 bet.
301 798 418 841 Unde
439 797 566 839 inulti
596 799 697 838 sunt
723 796 847 847 taleS,
880 795 955 848 qui
983 794 1108 836 vacui
1131 796 1230 835 sunt

193 871 320 913 laude
352 873 393 912 et
417 870 661 919 devotione,
682 868 759 910 etsi
784 867 967 908 habeant
987 866 1231 919 splendores

195 943 482 985 scientiarum.
512 941 690 982 Faciunt
720 939 834 981 onim
864 938 966 980 tales
989 950 1107 980 more
1135 949 1230 981 ves-

195 1027 347 1069 parum
360 1047 370 1066 ,
393 1025 492 1068 quae
513 1024 599 1054 non
617 1012 776 1053 habent
792 1011 940 1052 favum
955 1010 1106 1062 melliS,
1124 1011 1233 1051 sicut

195 1098 323 1140 apeS‚
358 1098 456 1140 quae
491 1084 751 1125 mellificant..
785 1082 959 1125 Talibus
991 1083 1106 1124 enim
1139 1083 1231 1135 Jam

195 1158 317 1201 dictis
336 1171 422 1201 non
443 1160 504 1199 est
524 1156 739 1199 faciendus
764 1168 903 1197 sermo
925 1188 935 1208 ,
971 1155 1071 1209 quia
1096 1157 1195 1197 sunt
1219 1159 1229 1181 ¹

202 1246 222 1270 α
239 1231 394 1273 domus
410 1241 713 1283 exasperans.»
733 1228 784 1270 Et
805 1227 1044 1281 aliquando,
1060 1230 1233 1281 propter

194 1302 560 1356 indispositionem
595 1301 866 1352 auditorum,
898 1300 996 1341 facit
1026 1299 1233 1341 Dominus

194 1373 389 1427 linguam
410 1374 630 1414 adhaerere
656 1373 878 1414 doctorum
892 1371 1046 1425 palato.
1070 1371 1152 1412 Sed
1169 1371 1231 1414 lo-

195 1446 416 1500 quendum
436 1449 499 1487 est
518 1448 566 1487 ut
593 1445 796 1486 fratribus
818 1446 833 1468 ²
855 1458 865 1486 :
894 1460 914 1484 α
936 1444 1123 1487 Narrabo
1152 1457 1230 1486 no-

197 1529 295 1558 men
311 1520 437 1558 tunm
454 1517 659 1558 fratribus
675 1517 782 1557 meis
793 1548 807 1569 ,
826 1517 871 1557 in
891 1516 1031 1557 medio
1046 1516 1234 1558 ecclesiae

194 1589 376 1630 laudabo
398 1592 464 1639 te3
487 1602 506 1626 n
533 1592 574 1630 et
593 1592 640 1630 ut
660 1589 766 1631 viris
798 1588 1090 1642 spiritualibus
1106 1620 1116 1640 ,
1140 1591 1189 1629 ut
1209 1601 1234 1630 a

195 1660 400 1714 sapientia
425 1661 646 1702 mundana
664 1660 892 1702 trahantur
911 1661 962 1701 ad
981 1661 1234 1714 sapientiam

195 1731 488 1774 christianam.
511 1733 733 1775 Praecessit
750 1732 864 1774 enim
885 1732 1158 1786 impugnatio
1173 1733 1236 1776 vi-

195 1807 252 1846 tae
271 1805 437 1846 Cumsn
456 1805 500 1846 in
520 1805 712 1846 moribus
730 1817 806 1858 per
825 1804 959 1846 malos
985 1805 1231 1859 theologos,

197 1879 238 1918 et
256 1876 459 1919 doctrinae
471 1876 625 1918 Christi
637 1889 712 1930 per
728 1876 854 1917 falsas
872 1876 1093 1930 opiniones
1107 1879 1147 1918 et
1160 1890 1236 1932 per

197 1951 447 2006 argumenta
460 1948 714 1990 Aristotelis.
731 1948 824 1990 Non
838 1949 953 1990 enirn
969 1950 1234 1992 redeundum

198 2023 261 2062 est
279 2020 324 2061 in
343 2019 599 2073 AEgyptum,
620 2032 696 2073 per
722 2019 982 2076 desiderium
1002 2020 1158 2062 vilium
1176 2021 1237 2062 ci-

198 2091 375 2143 borum,
397 2091 622 2143 alliorum,
654 2103 906 2145 porrorum,
928 2104 1169 2145 peponum,
1197 2096 1239 2136 et

198 2163 475 2206 dimittendus
493 2164 614 2206 cibus
633 2163 826 2205 coelestis.
851 2163 903 2206 Et
932 2165 994 2206 sic
1014 2167 1128 2219 patet
1147 2166 1235 2220 pri-

198 2247 336 2277 mum.

245 2295 373 2348 ¹Circa
397 2306 633 2348 secundum
661 2306 918 2360 nota‚·quod
948 2307 1238 2362 incipiendum

203 2381 265 2421 est
292 2391 318 2420 a
347 2379 517 2430 medio,
549 2379 663 2432 quod
697 2381 759 2420 est
791 2378 981 2421 Christus
1009 2392 1020 2421 :
1051 2380 1142 2435 ipse
1177 2383 1239 2423 est

194 2440 318 2492 'enim
337 2451 352 2474 ³
383 2467 403 2491 <z
430 2451 638 2492 mediator
671 2451 741 2492 Dei
770 2454 811 2493 et
841 2451 1094 2506 hominum,
1124 2467 1144 2492 »
1174 2455 1237 2495 te-

201 2534 309 2564 nens
337 2523 528 2564 medium
562 2523 607 2562 in
637 2523 852 2564 omnibus
881 2522 1000 2566 Unde
1025 2537 1051 2566 a
1076 2524 1239 2580 Christo

203 2593 490 2647 incipiendum
510 2596 591 2643 est,
613 2596 662 2634 ut
679 2594 876 2635 veniatur
902 2595 955 2636 ad
988 2595 1240 2649 sapientiam

204 2664 494 2707 christianam.
518 2664 650 2718 CuJus
670 2665 864 2719 probatio
875 2668 957 2717 est;
977 2667 1079 2721 quia
1099 2673 1114 2693 ⁴
1133 2683 1153 2707 (ι
1169 2680 1241 2710 ne-

205 2749 275 2779 mo
295 2739 416 2779 novit
436 2737 591 2779 Filium
622 2737 705 2778 nisi
733 2736 882 2788 Pater3
911 2750 1050 2792 neque
1070 2738 1240 2783 Patrem

205 2812 300 2865 quis
320 2812 441 2854 novit
461 2811 544 2854 nisi
564 2811 716 2864 Filius,
738 2826 757 2850 »
781 2814 859 2854 etc.
888 2811 1006 2854 Sicut
1025 2825 1132 2867 ergo
1152 2827 1242 2869 spe-

204 2881 288 2923 cies
316 2881 432 2923 ducit
460 2882 507 2923 in
538 2876 828 2934 cognitionem
855 2882 1034 2935 objecti,
1056 2882 1116 2924 ita
1137 2883 1243 2927 Ver-

205 2953 331 3004 bum,
353 2965 427 2994 seu
448 2952 608 3003 Filius,
630 2953 704 3007 qui
724 2955 786 2994 est
805 2953 964 3006 species
985 2954 1137 3006 Patris,
1162 2955 1242 2996 du-

206 3025 261 3065 cit
279 3024 323 3065 in
355 3024 492 3065 Patris
521 3025 829 3077 cognitionem.
858 3024 977 3068 Unde
1009 3027 1240 3080 signantis-

207 3096 313 3137 sime
346 3096 508 3138 dicebat
541 3096 762 3150 Philippus
784 3099 798 3122 ⁵
824 3110 834 3139 :
863 3113 883 3138 (ι
909 3097 1088 3141 Ostende
1118 3099 1243 3142 nobis

208 3167 376 3210 Patrem
390 3201 400 3221 ,
427 3173 466 3211 et
487 3169 642 3211 sufficit
660 3169 800 3211 nobis.
821 3184 840 3208 »

265 3241 360 3283 Alia
384 3242 493 3283 ratio
525 3243 611 3292 est,
634 3241 737 3294 quia
769 3241 823 3282 ab
851 3240 923 3283 illo
953 3241 1244 3296 incipiendum

208 3315 291 3365 est,
310 3326 335 3354 a
354 3325 439 3368 quo
459 3314 543 3355 duo
562 3313 741 3354 maximi
762 3313 1053 3367 incoeperunt⁷
1077 3314 1243 3370 Moyses

209 3383 365 3427 divinae
387 3385 604 3440 sapientiae
624 3385 861 3437 inchoator,
882 3385 1066 3428 Joannes
1086 3387 1245 3430 divinae

210 3457 427 3511 sapientiae
458 3458 722 3500 terminator.
757 3457 921 3512 Moyses
950 3458 1057 3500 dixit
1078 3459 1092 3481 ⁶
1115 3473 1124 3500 :
1151 3475 1171 3500 a
1198 3459 1246 3503 In

255 3565 262 3584 ¹
282 3564 416 3605 Ezech„
435 3572 474 3607 11,
494 3566 526 3597 5.
539 3581 581 3590 -
599 3565 613 3587 ²
630 3565 721 3598 Psal.
743 3574 817 3607 xxi,
837 3568 890 3601 26.
907 3583 948 3591 -
969 3565 982 3585 ⁸
1001 3568 1014 3600 Ι
1036 3567 1133 3609 Tim„
1153 3576 1192 3611 11,
1214 3572 1244 3603 5.

212 3629 253 3637 —
270 3612 286 3636 ὗ
301 3613 437 3654 Martia,
456 3621 506 3655 xl,
529 3614 582 3646 27.
599 3631 641 3638 —-
659 3615 670 3634 ⁵
687 3615 796 3652 ,Ιοαηυ
814 3623 884 3657 xiv,
905 3617 937 3648 8.
958 3633 999 3641 —
1019 3616 1031 3636 ⁶
1051 3616 1148 3658 Gen„
1167 3625 1192 3659 1,
1211 3621 1240 3652 1.

2282 286 2333 325 19

1304 364 1514 418 principio
1543 364 1701 406 creavit
1729 364 1839 408 Deus
1858 368 2014 411 coelum
2034 371 2076 411 et
2100 372 2258 413 terram
2273 405 2284 424 ,
2309 388 2328 412 ι)

1301 435 1342 476 id
1384 437 1446 476 est
1486 435 1531 476 in
1573 435 1701 488 Filio,
1737 439 1971 481 secundum
2017 442 2329 495 Augustinum.

1301 506 1484 548 Joannes
1503 519 1606 548 vero
1627 507 1812 551 intonuit
1833 510 1847 531 ⁷
1872 525 1880 552 ε
1906 527 1925 550 «
1945 513 1991 552 In
2014 514 2221 568 principio
2246 520 2336 559 erat

1302 577 1490 619 Verbum
1514 610 1525 628 ,
1557 581 1597 620 et
1625 578 1813 622 Verbum
1840 585 1931 623 erat
1959 585 2071 637 apud
2101 587 2234 628 Deum
2251 621 2264 640 ,
2296 592 2339 631 et

1302 649 1412 691 Deus
1440 654 1530 691 erat
1558 650 1760 694 Verbum.
1796 653 1883 695 IIoc
1917 660 2005 697 erat
2045 657 2090 697 in
2131 660 2337 715 principio

1303 723 1417 775 apud
1441 723 1593 763 Deum.
1616 723 1767 765 Omnia
1792 738 1866 778 per
1887 727 2026 780 ipsum
2049 729 2158 771 facta
2177 736 2290 773 sunt.
2314 748 2333 772 υ

1305 793 1347 834 Si
1368 805 1475 846 ergo
1499 794 1550 835 ad
1571 795 1766 837 notitiam
1795 796 2000 840 Creatoris
2020 804 2233 853 perveniri
2254 817 2339 846 non

1303 867 1465 918 potest,
1483 866 1567 907 nisi
1582 879 1657 920 per
1677 868 1718 909 id
1740 870 1855 922 quod
1878 871 2034 914 sactum
2054 877 2116 915 cst
2129 891 2139 926 ;
2171 889 2339 920 necesse

1304 940 1384 989 est,
1408 941 1455 979 ut
1468 941 1566 980 ante
1586 941 1731 982 omnia
1750 944 1764 967 ⁸
1787 954 1798 983 z
1825 959 1844 983 (ι
1865 943 2051 987 Verbum
2073 960 2204 990 verax
2231 962 2340 1003 prae-

1304 1009 1422 1051 cedat
1441 1013 1497 1052 te.
1517 1025 1537 1049 ›)

1359 1081 1500 1123 Tertia
1531 1083 1640 1125 ratio
1670 1088 1733 1126 est
1753 1118 1765 1136 ,
1794 1087 1897 1140 quia
1916 1089 1929 1111 ⁹
1950 1089 1993 1130 in
2014 1090 2178 1134 Chr1sto
2200 1108 2219 1133 c<
2241 1099 2343 1137 sunt

1306 1168 1453 1197 omnes
1492 1156 1680 1198 thesauri
1718 1159 1936 1213 sapientiae
1977 1165 2017 1203 et
2049 1164 2236 1208 scientiae
2269 1167 2343 1210 Dei

1306 1227 1556 1269 absconditi.
1575 1243 1594 1267 >³
1616 1228 1734 1282 Ergo
1755 1230 1944 1275 Christus
1964 1238 2026 1277 est
2046 1238 2237 1281 medium
2255 1252 2342 1282 om-

1305 1299 1427 1341 nium
1470 1299 1757 1344 scientiarum.
1800 1303 1872 1345 Est
1910 1309 2053 1348 autem
2096 1311 2341 1364 septiforme

1307 1371 1496 1414 medium
1516 1384 1526 1412 :
1545 1374 1757 1426 essentiae,
1774 1377 1890 1429 quod
1918 1382 1979 1419 est
2002 1382 2342 1436 metaphysicuin

1307 1446 1348 1485 et
1389 1445 1578 1486 aeternali
1620 1446 1906 1499 originatione
1941 1451 2228 1507 primarium;
2264 1469 2341 1498 na-

1306 1516 1439 1565 turae,
1475 1514 1589 1567 quod
1621 1518 1684 1556 est
1716 1517 1971 1571 physicum,
2003 1524 2044 1562 et
2076 1527 2140 1565 est
2170 1525 2343 1569 virtuali

1307 1583 1536 1627 diffusione
1565 1588 1859 1641 pervalidum3
1891 1591 2125 1647 distantiae,
2150 1599 2263 1651 quod
2282 1604 2344 1642 est

1309 1658 1663 1700 mathematicum
1686 1693 1696 1711 ,
1725 1664 1765 1702 et
1797 1666 1860 1704 est
1888 1667 2063 1707 centrali
2099 1671 2343 1722 profusione

1307 1731 1597 1784 profundum;
1627 1733 1831 1777 doctrInae
1847 1768 1860 1788 ,
1895 1740 2009 1791 quod
2036 1744 2097 1783 est
2125 1742 2315 1796 logicum
2332 1778 2342 1798 ,

1308 1804 1350 1844 et
1366 1806 1427 1845 est
1442 1804 1684 1847 rationabili
1705 1809 2044 1854 manifestatione
2063 1815 2340 1870 praeclarum

1309 1875 1550 1928 modestiae,
1572 1877 1686 1931 quod
1714 1882 1776 1920 est
1804 1881 2018 1936 ethicum,
2042 1888 2083 1927 et
2112 1891 2174 1929 est
2194 1891 2346 1932 morali

1309 1947 1514 1989 electione
1534 1950 1825 2004 praecipuum;
1841 1955 2017 2007 justitiae
2030 1991 2040 2010 .,
2060 1960 2173 2013 quod
2194 1965 2256 2003 est
2274 1976 2345 2017 po-

1309 2018 1473 2061 liticum
1488 2052 1498 2071 ‚
1523 2023 1564 2062 et
1592 2025 1654 2063 est
1677 2024 1869 2076 judiciali
1891 2030 2207 2075 examinatione
2227 2048 2340 2089 prae-

1310 2091 1493 2144 celsum3
1510 2094 1760 2148 concordiae,
1774 2099 1888 2151 quod
1908 2100 2213 2158 theologicum,
2227 2111 2265 2148 et
2281 2113 2344 2150 est

1309 2162 1404 2203 utili
1424 2164 1716 2208 conciliatione
1743 2174 1956 2222 pacatum.
1987 2173 2174 2218 Medium
2200 2190 2341 2222 essen-

1310 2234 1382 2276 tiae
1401 2235 1483 2277 fuit
1503 2236 1701 2281 Cnms'rus
1719 2240 1763 2281 in
1777 2245 1938 2285 aeterna
1952 2249 2227 2299 generatione
2236 2266 2247 2302 3
2261 2265 2348 2295 ine-

1311 2306 1430 2349 dium
1452 2312 1617 2353 naturae
1637 2312 1718 2354 fuit
1737 2313 1936 2359 Cfflusrus
1962 2319 2008 2361 in
2029 2319 2344 2380 incarnatione;

1312 2379 1502 2422 medium
1531 2382 1742 2428 distantiae
1759 2388 1837 2430 fuit
1857 2389 2054 2435 Cnmsrus
2072 2395 2117 2437 in
2130 2398 2324 2450 passione
2332 2415 2343 2452 ;

1311 2452 1502 2495 medium
1524 2454 1728 2500 doctrinae
1748 2460 1828 2502 fuit
1848 2461 2046 2508 CHaisrus
2065 2468 2110 2509 in
2133 2482 2349 2514 resurrec-

1311 2523 1426 2566 tione
1463 2539 1472 2566 :
1505 2527 1694 2573 medium
1729 2533 1946 2577 modestiae
1977 2538 2057 2579 fuit
2084 2539 2282 2585 Cnaisrus
2304 2544 2348 2587 in

1313 2596 1585 2649 ascensione3
1616 2601 1806 2644 medium
1837 2606 2016 2659 Justitiae
2048 2612 2127 2653 erit
2159 2613 2348 2659 Christus

1313 2664 1357 2706 in
1376 2665 1521 2709 futuro
1548 2671 1769 2725 examine;
1793 2677 1983 2720 medium
2013 2685 2250 2728 concordiae
2269 2689 2350 2732 erit

1314 2735 1504 2780 Christus
1532 2740 1578 2782 in
1607 2745 1868 2799 sempiterna
1897 2750 2220 2800 beatificatione.
2255 2759 2347 2802 Pri-

1314 2823 1436 2853 mum
1465 2824 1573 2866 ergo
1602 2816 1792 2860 medium
1824 2824 1888 2863 est
1917 2826 2129 2882 essentiae,
2159 2833 2350 2875 aeternali

1315 2885 1589 2936 generatione
1626 2888 1899 2941 prImarium.
1930 2895 2033 2939 Esse
2067 2904 2211 2944 autem
2246 2916 2347 2946 cou-

1316 2957 1434 2999 venit
1449 2958 1589 3012 primo
1605 2962 1693 3003 enti
1714 2966 1950 3010 secundum
1977 2971 2188 3017 rationem
2210 2977 2349 3021 trisor-

1316 3041 1431 3072 mem
1455 3043 1465 3073 :
1489 3031 1618 3075 habet
1646 3036 1761 3078 enim
1791 3040 1982 3093 primum
2011 3057 2086 3087 ens
2116 3060 2205 3091 esse
2233 3062 2289 3093 ex
2307 3065 2352 3094 se

1316 3101 1409 3156 ipso
1423 3135 1434 3155 ,
1452 3105 1564 3157 quod
1586 3109 1647 3148 est
1667 3108 1710 3150 in
1730 3111 1893 3154 ratione
1912 3116 2110 3172 principii
2130 3122 2352 3176 originan·

1317 3174 1370 3215 tis
1389 3186 1398 3215 ι
1421 3175 1547 3218 Pater
1565 3181 1627 3220 est
1643 3180 1719 3235 huj
1727 3185 1908 3228 usmodi.
1930 3186 2067 3232 Habet
2087 3205 2177 3235 esse
2197 3206 2349 3237 secun-

1317 3245 1422 3287 dum
1460 3247 1649 3302 seipsum
1671 3284 1682 3303 ,
1715 3256 1828 3307 quod
1858 3261 1921 3301 est
1952 3260 1998 3302 in
2028 3264 2192 3306 ratione
2221 3267 2350 3310 medii

1318 3319 1618 3373 exemplanti53
1636 3323 1824 3370 Verbum
1845 3334 1908 3372 est
1925 3331 2191 3386 hujusmodi.
2213 3338 2350 3383 Habet

1319 3389 1447 3431 etiam
1480 3404 1571 3434 esse
1602 3400 1775 3451 propter
1803 3413 1847 3442 se
1877 3403 2039 3457 ipsum,
2063 3409 2178 3461 quod
2209 3415 2273 3453 est
2305 3413 2351 3454 in

1320 3461 1484 3505 ratione
1495 3465 1674 3509 termini
1695 3471 1924 3524 quietantis
1935 3489 1947 3527 ς
1971 3476 2154 3532 Spiritus
2173 3486 2348 3526 sanctus

1319 3588 1357 3636 8-
1387 3570 1397 3589 ⁷
1423 3572 1531 3612 Joan.‚
1557 3582 1583 3613 1,
1606 3577 1617 3607 1
1652 3579 1686 3609 et
1718 3588 1791 3621 seq.
1810 3597 1850 3605 —
1879 3583 1890 3602 ⁸
1918 3584 2036 3628 Eccli„
2061 3596 2185 3624 xxxvu
2232 3594 2287 3625 20.
2315 3612 2356 3620 -

1349 3617 1488 3661 Coloss„
1508 3628 1548 3662 11,
1569 3624 1599 3655 3.
2195 3616 2203 3633 ¹

2364 1330 2497 1359 Christus

2363 1373 2493 1401 medium

2364 1415 2498 1451 septifor-

2364 1468 2422 1488 me.
