2633 3878
45 2399 178 2433 Laqueus

1060 221 1299 264 PSALMUS
1329 221 1484 275 cxvnl
1493 254 1502 262 .

525 363 712 399 Articulus
731 358 923 397 secundus.

257 446 480 484 Secundum
522 445 759 487 subnotans,
792 440 928 478 subdit
967 452 975 476 :
1027 441 1240 476 Posuerunc.

211 509 248 547 Si
267 509 432 557 laqueos
458 506 688 556 posuerunt,
714 503 866 552 aliquid
891 502 1243 550 superposuerunt,

209 571 271 608 cui
307 571 473 618 laqueos
509 568 881 615 subterposuernnt‚
920 565 1019 601 sicut
1055 563 1243 610 scriptum

209 636 265 670 est
286 639 292 658 ¹
317 645 326 669 :
353 647 369 665 «
390 633 663 676 Narraverunt,
687 627 1030 666 utabsconderent
1050 626 1217 674 laqueos
1230 638 1240 671 3

208 695 407 732 dixerunt:
425 693 517 738 Quis
534 691 685 729 videbit
699 703 766 728 eos
779 692 823 727 Τ»
850 689 951 735 Quid
970 691 1100 726 autem
1112 698 1244 736 super-

207 759 437 805 posuerunt,
475 755 549 792 nisi
586 754 756 791 veritatis
794 751 1088 800 apparentiam,
1120 760 1242 798 quam

206 818 330 856 oculis
349 818 490 855 nostris
508 818 790 866 opposuerunt,
812 825 884 863 per
898 825 998 862 quas
1018 824 1089 850 nos
1106 813 1242 849 fallere

206 882 509 930 disposuerunt?
544 883 587 918 Et
623 882 733 925 nota,
760 879 862 916 circa
898 881 1152 926 peccatorum
1174 887 1243 924 po·

205 944 400 988 sidonem,
436 943 629 991 triplicem
659 941 1021 986 inordinationem3
1043 942 1140 988 puta
1166 950 1243 976 res-

203 1009 319 1054 pectu
350 1005 541 1054 proximi,
575 1007 754 1052 respectu
800 1004 879 1049 Dei,
923 1005 1103 1049 respectu
1140 1001 1199 1038 sui
1231 1013 1238 1038 :

205 1068 395 1116 quoniam
414 1068 650 1117 impugnant
667 1066 881 1104 fraternam
899 1065 1083 1112 gratiam,
1110 1074 1242 1112 super·

203 1141 297 1168 nam
327 1130 602 1176 reverentiam,
643 1129 837 1166 internam
871 1128 1165 1165 conscientiam.
1189 1127 1240 1164 De

203 1192 335 1241 prImo
372 1203 443 1240 per
475 1191 718 1229 Psalmistam
753 1189 951 1227 dicitur2:
975 1204 992 1223 n
1019 1191 1243 1227 Posuerunt

205 1254 300 1292 mihi
321 1254 428 1291 mala
459 1264 532 1302 pro
546 1253 685 1298 bonis;
707 1253 814 1290 mala
833 1253 977 1289 scilicet
995 1252 1241 1289 circumven-

206 1317 336 1363 tionis,
355 1327 428 1364 pro
449 1317 566 1353 bonis
586 1316 902 1360 interventionis3
935 1315 1110 1363 loquitur
1130 1315 1236 1351 enim

205 1382 323 1428 caput
340 1390 413 1427 pro
433 1377 636 1424 membris,
675 1378 845 1415 Christus
879 1388 952 1425 pro
978 1377 1204 1414 Christianis
1231 1387 1239 1413 :

206 1452 294 1479 ecce
328 1441 552 1478 inordinata
587 1440 730 1488 positio
768 1444 948 1488 respectu
981 1439 1166 1487 proximi.
1190 1441 1241 1476 De

205 1503 379 1541 secundo
396 1513 467 1551 per
482 1503 715 1550 Prophetam
731 1503 912 1550 psallitur
932 1504 964 1539 ³:
991 1516 1009 1536 «
1025 1505 1242 1539 Posuerunt

205 1566 245 1601 in
265 1565 406 1602 coelum
429 1576 473 1602 os
493 1576 610 1602 suum
633 1578 639 1601 :
669 1565 707 1601 in
729 1564 874 1601 coelum
907 1576 950 1601 os
976 1568 1143 1613 ponunt,
1172 1565 1240 1612 qui

204 1627 301 1664 dum
319 1627 456 1664 fideles
470 1627 632 1675 perfidis
651 1628 896 1673 argumentis
917 1627 1124 1664 obcoecare
1150 1638 1240 1674 pro-

203 1692 370 1737 ponunt,
396 1689 471 1737 ipsi
508 1689 657 1726 auctori
679 1693 714 1726 et
734 1689 1043 1726 consummatori
1072 1689 1166 1726 fidei
1201 1700 1241 1726 se

203 1755 436 1800 opponunt:
478 1762 566 1789 ecce
610 1752 836 1789 inordinata
879 1752 1022 1800 positio
1062 1755 1242 1800 respectu

205 1814 283 1851 Dei.
311 1815 362 1851 De
384 1814 494 1851 tertio
524 1814 706 1851 scribitur
726 1815 769 1850 '·:
796 1815 908 1851 «Viri
945 1815 1006 1851 isti
1024 1817 1244 1863 posuerunt

204 1876 476 1913 immunditias
494 1887 584 1913 suas
604 1876 644 1913 in
666 1877 853 1914 cordibus
881 1877 974 1922 suis,
1008 1880 1045 1914 et
1075 1878 1242 1914 scanda-

203 1939 287 1976 lum
306 1939 522 1987 iniquitatis
554 1951 633 1976 suae
671 1942 888 1977 statuerunt
925 1944 1062 1978 contra
1098 1940 1242 1977 faciem

203 2012 328 2039 suam.
351 2015 369 2036 »
391 2001 451 2039 Sic
479 2002 641 2048 faciunt,
674 2003 742 2051 qui
769 2003 950 2051 proprias
980 2003 1241 2051 coinquinant

203 2064 801 2109 conscientias,scandalizantes
829 2065 1037 2113 proximos
1075 2076 1148 2113 per
1183 2077 1242 2102 ar-

203 2131 315 2175 gutas
333 2129 506 2174 astutias,
528 2133 564 2166 et
597 2132 742 2166 astutas
760 2130 965 2175 versutias,
1000 2133 1036 2167 et
1064 2132 1240 2167 versutas

203 2191 399 2239 argutias:
423 2203 511 2229 ecce
531 2192 756 2230 inordinata
784 2193 928 2241 positio
960 2197 1138 2241 respectu
1165 2193 1238 2230 sui.

541 2299 731 2335 Articulus
759 2300 899 2334 tertius.

251 2380 420 2417 Tertium
450 2381 666 2425 denotans,
697 2381 791 2417 dicit
820 2393 828 2417 z
856 2383 1050 2428 Laqueum.
1086 2384 1153 2419 iste
1182 2383 1241 2419 la-

205 2453 332 2489 queus
355 2442 519 2479 latenter
543 2443 713 2490 positus,
737 2446 792 2479 est
814 2443 959 2480 falsitas
986 2443 1131 2488 latens,
1153 2456 1241 2491 quae

206 2506 261 2540 est
280 2514 399 2541 causa
416 2515 541 2551 casuS,
562 2504 659 2541 sicut
676 2505 817 2541 veritas
833 2515 1029 2553 apparens
1048 2508 1103 2542 est
1123 2516 1241 2543 eausa

203 2568 346 2603 motus.
371 2568 439 2603 Per
460 2566 635 2604 salsitatis
660 2568 807 2616 quippe
826 2567 1051 2614 latentiam,
1073 2568 1111 2604 in
1133 2579 1240 2605 erro-

204 2632 255 2668 ris
274 2632 429 2669 foveam
449 2632 641 2678 cadimus,
660 2633 753 2680 quia
769 2644 839 2681 per
857 2633 1048 2670 larvalem
1067 2633 1240 2671 veritatis

204 2695 474 2743 apparentiam
503 2695 598 2732 moti
629 2706 795 2732 sumus:
823 2707 911 2734 ecce
940 2696 1108 2744 laqueus
1136 2697 1240 2744 peri-

203 2757 375 2794 culosus.
406 2758 515 2795 Scitis
543 2758 720 2806 quibus?
757 2759 914 2796 Curiose
946 2760 1238 2807 spectantibus,

202 2820 398 2858 incuriose
419 2821 729 2868 expectantibus,
753 2821 940 2869 injuriose
962 2823 1237 2860 tractantibus:

203 2883 395 2930 quoniam
413 2883 486 2920 hos
511 2883 702 2930 involvit,
722 2884 795 2921 hos
824 2885 1146 2933 comprehendit,
1167 2886 1240 2923 hos

202 2945 344 2992 perdit.
366 2948 416 2982 De
431 2945 561 2993 primo
576 2947 588 2968 ⁵
606 2958 614 2983 ε
635 2959 653 2981 «
669 2949 896 2984 Peccantem
913 2947 1041 2985 virum
1057 2948 1239 2996 iniquum

203 3007 379 3044 involvet
405 3007 571 3055 laqueus
600 3020 608 3045 :
649 3024 666 3042 υ
697 3020 785 3046 ecce
818 3010 984 3058 laqueus
1015 3010 1234 3047 involvens

204 3070 253 3105 De
271 3068 446 3106 secundo
468 3070 481 3091 ⁶
504 3081 511 3105 :
545 3084 562 3104 «
581 3071 684 3108 Sicut
709 3072 834 3119 pisces
861 3071 1071 3120 capiuntur
1095 3072 1236 3118 hamo,

203 3134 239 3167 et
274 3130 373 3168 sicut
415 3142 508 3168 aves
545 3133 935 3181 comprehenduntur
972 3134 1144 3182 laqueo,
1183 3134 1238 3172 sic

202 3193 409 3241 capiuntur
438 3193 621 3231 homines
645 3195 685 3231 in
712 3199 888 3244 tempore
919 3196 1026 3233 malo
1055 3209 1063 3233 :
1095 3209 1113 3230 n
1148 3208 1236 3236 ecce

200 3255 367 3304 laqueus
398 3257 751 3306 comprehendens.
788 3260 836 3295 De
870 3259 982 3296 tertio
1012 3258 1025 3279 ⁷
1060 3272 1068 3296 :
1108 3271 1127 3293 «
1163 3261 1236 3306 Qui

201 3317 389 3366 laqueum
408 3319 474 3356 alii
495 3320 632 3367 ponit,
653 3320 797 3368 peribit
821 3320 861 3357 in
890 3321 959 3358 illo
984 3333 992 3358 ε
1015 3336 1033 3355 n
1066 3332 1155 3359 ecce
1174 3322 1236 3360 la·-

202 3390 328 3428 queus
347 3382 532 3430 perdens.

247 3464 477 3507 ¹P.<al.1.xi:1‚
500 3469 529 3499 6.
552 3485 585 3490 -
608 3467 618 3486 ²
636 3467 726 3498 [ἲς-αῖ.
748 3474 842 3500 Cvtll.
866 3470 896 3499 5.
918 3485 950 3490 —-
977 3468 988 3486 ³
1011 3467 1100 3499 Psnl.
1123 3475 1232 3508 Lxxu,

203 3513 233 3542 9.
256 3527 287 3535 -
304 3513 313 3530 ⁴
337 3514 467 3554 Ezech.,
489 3523 557 3554 xlv,
583 3520 612 3548 tl.
631 3533 670 3539 —
691 3516 704 3537 ⁵
721 3516 830 3555 prov„
854 3524 950 3557 xxix,
971 3520 1000 3548 u.
1019 3533 1059 3539 —
1079 3517 1091 3535 ⁶
1108 3517 1234 3553 Eccle..

2274 228 2353 267 459

1645 355 1835 391 Articulus
1863 360 2026 403 quartus.

1367 439 1556 482 Quartum
1583 440 1824 484 connotans,
1845 442 2129 486 consequenter
2156 441 2349 479 annectit:

1320 501 1365 535 Et
1386 500 1430 536 cle
1448 499 1630 536 mandatis
1652 502 1723 535 tuis
1740 510 1809 536 non
1830 503 1961 537 erravi.
1985 501 2048 538 Hic
2069 506 2232 550 apparet
2250 504 2353 552 peri-

1320 561 1372 597 tia
1401 562 1636 608 judicantis,
1665 562 1868 599 veritatem
1897 566 2154 611 apparentem
2175 576 2351 613 cernens,

1319 622 1527 660 falsitatem
1574 624 1759 662 latentem
1810 635 2051 662 concernens
2066 654 2078 672 ,
2125 627 2352 665 varietatem

1320 685 1560 732 discernens,
1583 690 1619 723 et
1639 688 1842 724 veritatem
1871 687 2086 725 decernens
2109 702 2116 726 :
2151 689 2240 726 ideo
2271 701 2352 727 non

1320 747 1461 784 erravit
1509 758 1533 784 a
1582 749 1777 786 mandatis
1826 750 2035 798 sophistice
2086 752 2351 800 impugnatis,

1319 810 1412 858 quia
1444 821 1525 847 non
1557 812 1700 848 erravit
1728 812 1767 848 in
1793 813 1945 859 judicio
1971 814 2155 851 veritatis.
2187 816 2229 851 Et
2262 817 2352 852 nota

1318 876 1393 910 tres
1420 883 1571 911 errores
1595 874 1842 922 perfidorum
1873 876 1976 912 circa
2006 877 2194 914 mandata
2227 889 2236 914 :
2269 877 2352 925 pri-

1317 947 1428 973 mum
1464 937 1565 974 circa
1606 937 1888 974 mandatorum
1929 938 2223 986 impositionem
2243 954 2254 987 3
2294 951 2352 977 se-

1319 999 1494 1035 cundum
1539 999 1642 1037 circa
1685 1000 1847 1038 illorum
1895 1001 2212 1038 observationem
2225 1014 2236 1048 3
2279 1005 2352 1039 ter·

1318 1060 1415 1097 tium
1457 1061 1559 1099 circa
1602 1062 1781 1110 ipsorum
1819 1063 2196 1112 praevaricationem.
2237 1064 2352 1101 Primi

1318 1124 1501 1162 dicebant
1547 1125 1842 1174 impositionem
1894 1125 2176 1163 mandatorum
2224 1138 2353 1164 mora-

1317 1186 1415 1224 lium
1451 1191 1590 1236 praeter
1633 1188 1877 1225 additionem
1912 1189 2236 1226 ceremonialium
2274 1201 2354 1228 non

1318 1260 1401 1286 esse
1431 1250 1678 1298 plenariam,
1715 1250 1878 1287 secundi
1911 1251 2115 1298 ponebant
2145 1252 2351 1289 mandato-

1317 1323 1406 1348 rum
1438 1312 1758 1350 observationem
1792 1324 1874 1350 non
1905 1324 1988 1350 esse
2025 1314 2161 1351 salutis
2193 1315 2353 1352 merito-

1317 1374 1442 1420 riam3
1474 1376 1573 1412 tertii
1605 1376 1834 1412 asserebant
1863 1376 2143 1413 mandatorum
2168 1378 2355 1425 praevari-

1319 1436 1514 1474 cationem
1534 1448 1614 1474 non
1639 1448 1721 1474 esse
1743 1438 1860 1475 morti
1886 1439 2180 1486 obligatoriam.
2205 1439 2354 1476 Primus

1318 1509 1426 1535 error
1446 1500 1648 1547 repellitur
1668 1501 1718 1537 ab
1739 1500 1927 1548 Apostolo
1945 1501 1959 1523 ⁸
1981 1513 1989 1537 ι
2013 1514 2030 1535 α
2050 1503 2208 1538 Gressus
2227 1504 2353 1539 rectos

1317 1560 1430 1598 facite
1457 1561 1628 1609 pedibus
1656 1563 1817 1608 vestris,
1840 1565 1882 1599 ut
1910 1574 1991 1600 non
2018 1564 2106 1612 quis
2126 1564 2354 1602 claudicans

1319 1627 1442 1670 erret,
1477 1625 1602 1672 magis
1635 1628 1766 1662 autem
1799 1629 1992 1663 sanetur:
2034 1640 2051 1660 »
2085 1627 2148 1663 hic
2177 1627 2354 1674 arguitur

1317 1687 1478 1724 illorum
1500 1687 1736 1724 claudicatio
1753 1716 1764 1734 ,
1787 1688 1855 1736 qui
1884 1698 2040 1725 servare
2071 1688 2270 1726 docebant
2297 1689 2353 1726 le—

1318 1760 1408 1796 gem
1429 1761 1520 1787 cum
1548 1750 1775 1797 Evangelio.
1810 1751 2012 1788 Secundus
2032 1761 2142 1788 error
2165 1751 2354 1790 refellitur

1318 1813 1369 1849 ab
1398 1823 1446 1850 eo
1467 1815 1481 1835 ⁹
1505 1825 1512 1849 :
1539 1828 1554 1846 «
1588 1813 1711 1850 Nolite
1740 1824 1870 1850 errare
1893 1825 1901 1850 :
1924 1815 2023 1851 Deus
2043 1823 2125 1850 non
2143 1814 2328 1852 irridetur
2341 1829 2352 1862 ;

1318 1886 1405 1923 quae
1425 1876 1531 1912 enim
1551 1876 1804 1913 seminaverit
1826 1876 1970 1922 homo,
1996 1876 2078 1914 haec
2098 1880 2134 1914 et
2161 1879 2280 1914 metet
2300 1891 2308 1914 ε
2332 1892 2349 1912 »

1317 1949 1364 1974 ex
1386 1938 1446 1974 his
1465 1938 1596 1974 verbis
1613 1938 1739 1975 refelli
1758 1941 1887 1986 potest
1912 1939 2072 1976 illorum
2092 1939 2260 1987 positio,
2284 1941 2352 1988 qui

1317 2000 1484 2036 salutem
1504 2011 1585 2036 non
1606 2000 1872 2037 attribuebant
1893 2001 2041 2037 meritis
2061 2002 2265 2047 humanis,
2281 2002 2352 2039 sed

1317 2061 1410 2100 fato.
1429 2062 1574 2099 Tertius
1594 2073 1702 2099 error
1721 2063 1943 2100 retunditur
1957 2063 2008 2100 ab
2022 2063 2107 2111 ipso
2121 2063 2148 2085 ¹⁰
2168 2076 2176 2100 :
2196 2076 2213 2097 (ι
2229 2064 2351 2101 Nolite

1316 2135 1446 2161 errare
1471 2137 1479 2161 z
1502 2136 1629 2173 neque
1651 2125 1872 2172 fornicarii,
1894 2136 2024 2174 neque
2049 2125 2168 2163 idolis
2180 2126 2352 2164 servien-

1315 2191 1386 2233 teS,
1406 2199 1535 2237 neque
1557 2189 1745 2236 adulteri,
1765 2200 1895 2238 neque
1915 2190 2080 2237 molles,
2099 2201 2227 2238 neque
2247 2201 2352 2228 mas—

1316 2251 1497 2288 culorum
1535 2252 1812 2289 concubitores
1827 2282 1837 2298 ,
1877 2263 2007 2301 neque
2051 2252 2156 2290 fures
2171 2282 2182 2300 ,
2220 2263 2351 2301 neque

1316 2313 1446 2360 avari,
1476 2324 1606 2362 neque
1636 2315 1805 2361 ebriosi,
1836 2325 1965 2363 neque
1990 2315 2201 2361 maledici,
2221 2326 2351 2364 neque

1315 2387 1476 2424 rapaces
1495 2387 1663 2424 regnum
1685 2378 1749 2414 Dei
1769 2378 2031 2425 possidebunt
2049 2391 2057 2415 :
2075 2392 2093 2413 »
2109 2378 2173 2415 hic
2189 2377 2350 2414 illorum

1315 2449 1424 2474 error
1444 2439 1697 2486 extinguitur,
1720 2440 1788 2487 qui
1809 2440 1945 2476 dicunt
1965 2440 2075 2488 quod
2100 2440 2233 2477 nullus
2258 2451 2349 2487 pee-

1315 2503 1423 2537 cator
1461 2501 1692 2538 aeternaliter
1734 2502 1917 2549 punietur
1934 2531 1945 2547 ,
1984 2502 2054 2539 sed
2094 2503 2211 2540 ctiam
2254 2502 2349 2539 mali

1315 2563 1496 2600 homines
1515 2567 1632 2612 atque
1654 2564 1857 2601 daemones
1876 2568 1965 2612 post
1984 2565 2105 2612 longa
2123 2567 2348 2613 temporum

1313 2626 1437 2673 spatia
1458 2625 1745 2663 beatitudinem
1762 2629 2065 2675 consequentur.

1745 2735 1917 2777 Epilogus.

1360 2818 1420 2855 Ait
1433 2828 1528 2865 ergo
1550 2817 1753 2865 Propheta,
1776 2819 1965 2864 tanquam
1984 2815 2078 2853 fidei
2097 2816 2206 2854 fortis
2224 2816 2345 2854 athle-

1312 2884 1351 2918 ta
1373 2894 1381 2918 :
1410 2883 1636 2926 Peccatores,
1656 2883 1849 2928 quantum
1878 2879 1930 2916 ad
1955 2879 2118 2917 fallaciae
2149 2880 2346 2928 composi-

1311 2944 1477 2990 tionem3
1500 2945 1699 2980 Posuerunt
1713 2943 1818 2987 milti,
1837 2944 2029 2991 quantum
2053 2942 2106 2980 ad
2119 2943 2344 2991 apparentis

1310 3005 1481 3044 veritatis
1507 3005 1886 3054 superpositionem3
1914 3006 2122 3052 Laqueum,
2151 3007 2343 3054 quantum

1311 3069 1363 3106 ad
1399 3068 1552 3106 latentis
1588 3067 1763 3105 falsitatis
1793 3067 2184 3115 subterpositionem3
2219 3070 2266 3104 Et
2301 3068 2344 3104 de

1309 3132 1490 3169 mandatis
1518 3134 1592 3168 tuis
1621 3143 1692 3168 non
1717 3133 1855 3177 erravi,
1889 3134 2080 3179 quantum
2114 3130 2163 3167 ad
2195 3130 2341 3178 peritiae

1305 3194 1524 3242 judiciariae
1545 3194 1898 3242 interpositionem.

1672 3308 1890 3336 VERSICULUS
1924 3309 1984 3334 XV.

1362 3386 1438 3420 111.
1461 3383 1670 3419 Hei-editore
1688 3384 1865 3428 acquisivi
1886 3383 2088 3417 testimonia
2106 3386 2182 3428 tua,
2202 3385 2273 3420 etc.
2292 3386 2342 3421 De

1309 3476 1360 3507 ix,
1390 3468 1422 3499 ΓΙ
1443 3483 1483 3489 -
1509 3467 1518 3480 ⁷
1542 3464 1657 3504 Fecit„
1682 3471 1774 3496 xxvii
1790 3490 1799 3504 ,
1821 3466 1874 3496 29.
1897 3482 1932 3487 —
1957 3463 1971 3485 ⁸
1994 3463 2107 3500 Helm,

1307 3518 1318 3533 ⁹
1340 3514 1469 3554 Galat„
1490 3521 1541 3554 vl,
1561 3515 1591 3544 ἶ.
1620 3529 1661 3536 —-
1685 3513 1706 3531 ¹⁰
1729 3513 1736 3544 Ι
1762 3512 1851 3550 Cor.,
1875 3520 1929 3552 vl,
1949 3514 1982 3544 9.

2136 3473 2203 3505 xii,
2233 3469 2280 3498 13.
2304 3485 2342 3490 —-

2391 898 2512 925 Errores

2383 939 2509 973 perfido-

2372 988 2437 1006 rum
2463 980 2517 1007 cir-

2372 1028 2406 1047 ca
2435 1029 2516 1048 man-

2373 1062 2449 1091 dala.

2371 2396 2509 2431 origenis

2370 2445 2461 2465 error.
