2633 3878
60 526 176 554 Hierat-

58 569 112 595 cha
125 569 183 595 vic-

54 610 182 637 toriosis-

50 658 152 686 simus.

59 2036 175 2065 Hierar-

39 2082 95 2109 cha
123 2082 183 2109 lar-

50 2125 156 2159 gifluus
164 2146 170 2154 .

887 210 942 253 IN
971 208 1350 254 HEXAEMERON.
1384 209 1558 252 SERMO
1591 210 1660 252 111.

210 301 489 344 sanctissima.
523 300 641 343 Unde
672 299 961 342 emanationes
988 302 1029 342 et
1060 299 1239 341 flumina

209 373 407 428 paradisi,
423 376 465 415 et
476 373 768 415 scaturitiones
782 372 964 414 sontium
979 371 1095 413 hunc
1106 370 1238 412 Deum

208 445 259 487 de
283 445 362 487 Deo
385 447 483 486 sunt
503 443 800 498 exprimentia.

263 516 420 567 Quarto
440 528 605 557 necesse
626 516 729 566 fuit,
753 515 863 566 quod
884 514 1114 556 Hierarcha
1134 525 1238 554 nos-

207 591 272 630 ter
291 591 397 630 csset
416 587 804 629 victoriosissimus.
834 601 853 626 α
874 586 1103 640 Expolians
1123 585 1238 626 enim

207 665 217 687 ¹
239 663 518 716 principatus,
542 665 582 703 et
607 665 854 716 potestates,
888 661 1078 703 traduxit
1107 659 1238 700 confi-

206 735 377 785 denter,
409 733 550 787 palam
583 733 854 788 triumphans
887 733 980 774 illos
1012 733 1055 773 in
1089 735 1240 773 semet-

205 807 312 860 ipso.
334 822 352 845 »
376 806 567 848 Christus
588 809 734 847 autem
755 807 855 847 vicit
875 806 1100 847 mundum.
1123 804 1240 846 Unde

207 877 401 920 Psalmus
422 878 522 919 dicit
537 879 575 918 ²:
592 878 809 919 «Attollite
830 880 988 931 portas,
1012 876 1236 930 principes,

205 952 386 1000 vestras,
420 954 461 990 et
488 949 737 999 elevamini,
764 952 899 1002 portae
926 948 1169 997 aeternales,
1200 950 1241 988 et

205 1020 396 1062 introibit
415 1019 504 1061 Rex
524 1021 689 1073 gloriae.
711 1036 730 1060 »
761 1020 968 1074 Spoliavit
988 1020 1203 1060 infernum
1227 1032 1235 1058 :

209 1107 230 1131 α
248 1091 262 1114 ³
281 1091 384 1142 Quis
414 1095 476 1133 est
503 1092 579 1133 iste
603 1092 692 1133 Rex
725 1092 906 1145 gloriae‘?
928 1091 1132 1132 Dominus
1152 1090 1237 1131 for-

203 1163 278 1215 tis,
301 1165 343 1204 et
363 1167 533 1217 potens,
557 1164 758 1205 Dominus
786 1167 935 1217 potens
956 1164 999 1203 in
1028 1162 1190 1216 praelio.
1214 1177 1233 1201 n

203 1233 471 1276 Restauravit
506 1234 755 1277 Paradisum
784 1238 797 1260 ¹
833 1250 842 1277 ε
881 1251 900 1273 (ι
934 1234 1034 1284 Quis
1067 1237 1129 1276 est
1162 1234 1241 1275 iste

204 1305 294 1346 Rex
332 1306 504 1359 gloriae‘?
546 1307 750 1348 Dominus
784 1307 1019 1356 virtutum,
1057 1307 1146 1359 ipse
1179 1308 1240 1346 est

205 1375 295 1417 Rex
317 1377 482 1430 gloriae.
506 1393 524 1415 ))
551 1377 726 1432 Necesse
748 1382 810 1420 est
831 1391 935 1432 ergo
958 1394 977 1416 <‹
995 1379 1007 1400 ⁵
1028 1380 1074 1419 ut
1096 1377 1140 1417 in
1162 1389 1241 1418 no-

205 1447 321 1488 mine
339 1447 438 1489 Jesu
457 1460 584 1489 omne
611 1461 728 1501 genu
751 1450 961 1500 flectatur,
985 1449 1238 1500 coelestium,

202 1519 482 1570 terrestrium,
500 1522 540 1560 et
554 1520 832 1562 infernorum.
849 1535 868 1558 »
884 1522 898 1542 6
919 1519 1052 1569 «Quis
1069 1523 1132 1560 est
1146 1520 1238 1570 iste,

203 1589 277 1642 qui
292 1591 406 1631 venit
421 1590 472 1631 de
490 1590 638 1642 Edom,
655 1591 795 1632 tinctis
810 1592 1003 1633 vestibus
1019 1592 1069 1632 de
1083 1591 1241 1632 Bosra‘?

201 1660 296 1713 Ego
325 1661 396 1715 qui
430 1661 581 1715 loquor
608 1662 840 1715 justitiam,
873 1667 914 1704 et
941 1666 1240 1717 propugnator

200 1733 251 1774 ad
273 1733 540 1775 salvandum.
564 1750 583 1772 »
608 1735 660 1776 Et
679 1736 773 1777 ideo
794 1736 949 1776 dicitur
968 1740 982 1762 ⁷
1009 1751 1028 1774 «
1048 1736 1190 1787 fortis,
1215 1750 1234 1773 n

200 1819 226 1847 a
245 1819 330 1860 quo
350 1811 527 1848 manant
546 1808 671 1849 fortia
689 1809 902 1862 praesidia.
922 1808 1039 1850 Unde
1053 1808 1066 1830 ⁸
1089 1824 1107 1847 «
1124 1821 1241 1849 mon-

200 1879 264 1919 tes
289 1879 333 1919 in
359 1879 539 1920 circuitu
559 1881 673 1934 ejus,
695 1895 713 1918 »
740 1883 781 1922 et
802 1881 946 1921 omnia
967 1881 1076 1921 bella
1095 1881 1237 1934 Scrip-

201 1951 400 1991 turarum
420 1952 663 1993 referuntur
682 1952 734 1994 ad
756 1952 976 1994 victoriam
999 1952 1167 1994 Christi.

260 2021 414 2071 Quinto
431 2025 615 2075 oportet,
637 2024 750 2077 quod
772 2023 1005 2065 Hierarcha
1024 2027 1169 2065 noster
1186 2023 1240 2065 sit

203 2092 443 2145 largifluus,
476 2098 647 2149 propter
677 2096 1022 2148 magnitudinem
1054 2095 1237 2137 influen-

203 2165 288 2207 tiae.
310 2165 427 2207 Unde
447 2166 501 2207 ad
519 2167 723 2221 Ephesios
745 2168 941 2209 scribitur
955 2168 969 2189 ⁹
994 2182 1002 2209 :
1026 2183 1045 2206 ε(
1068 2167 1240 2208 Unicui-

203 2249 286 2291 que
305 2240 501 2279 nostrum
527 2238 623 2279 data
647 2243 710 2280 est
741 2239 902 2292 gratia,
928 2241 1101 2293 propter
1127 2238 1240 2292 quod

201 2309 300 2351 dicit
323 2321 334 2351 :
361 2310 603 2352 Ascendens
629 2312 672 2352 in
699 2311 856 2364 altum,
880 2312 1091 2365 captivam
1117 2311 1240 2352 duxit

175 2382 502 2440 captivitatem.
526 2397 545 2420 n
568 2381 711 2434 Unde,
746 2384 855 2425 sicut
886 2385 1022 2425 nubes
1053 2383 1240 2424 ascendit

202 2455 250 2492 ut
270 2454 542 2505 postmodum
564 2454 707 2507 pluat;
731 2453 944 2506 Christus,
967 2457 1014 2496 ut
1033 2454 1145 2495 dona
1163 2466 1240 2495 sua

203 2521 357 2562 mittat.
379 2522 575 2564 Existens
596 2524 712 2564 enim
735 2525 779 2565 in
801 2527 938 2575 terra,
961 2524 1075 2565 dedit
1103 2524 1235 2577 Spiri-

203 2593 298 2633 tum
320 2597 513 2635 sanctum
542 2594 728 2646 occulte,
752 2595 981 2636 ascendens
1001 2595 1236 2637 manifeste.

204 2662 300 2705 Fuit
318 2668 461 2707 autem
482 2666 670 2707 Christus
688 2678 764 2720 per
785 2666 1034 2707 missionem
1057 2665 1238 2719 Spiritus

203 2737 335 2778 sancti
367 2737 599 2779 Hierarcha
627 2750 820 2791 purgans
851 2741 881 2764 ¹⁰
913 2751 923 2780 ε
952 2752 972 2777 (ι
992 2736 1145 2778 Factus
1176 2740 1238 2778 est

203 2812 375 2862 repente
395 2810 445 2851 de
464 2809 569 2851 coelo
587 2822 716 2851 sonus
734 2813 954 2863 tamquam
971 2809 1237 2851 advenientIS

204 2881 380 2934 spiritus
407 2881 698 2932 vehementis;
723 2895 743 2920 >2
768 2893 861 2923 ecce
886 2881 1106 2934 purgatio.
1136 2880 1234 2922 Hie-

202 2952 355 2993 rarcha
386 2952 635 2994 illuminans
669 2953 696 2978 ¹¹
727 2966 737 2993 t
769 2967 789 2991 «
817 2952 1119 3006 Apparuerunt
1155 2952 1238 2994 illis

204 3023 432 3076 dispertitae
462 3024 651 3077 linguae,
685 3027 892 3078 tanquam
924 3024 1057 3077 ignis;
1093 3039 1113 3064 1)
1141 3035 1236 3066 ecce

203 3094 473 3136 illuminatio.
521 3095 753 3137 Hierarcha
799 3107 1103 3137 consummans
1146 3097 1175 3119 ¹²
1222 3111 1232 3138 :

204 3181 224 3205 α
259 3165 459 3221 Seditque
487 3180 614 3222 super
642 3167 837 3220 singulos
866 3179 1016 3209 eorum
1047 3182 1057 3210 ;
1086 3183 1106 3207 1)
1142 3181 1236 3210 ecce

202 3239 416 3292 perfectio.
452 3240 518 3282 Ab
554 3240 635 3281 boc
673 3240 877 3292 largitore
915 3242 1091 3281 manant
1124 3240 1236 3282 dona

247 3345 414 3386 ‘Coloss.,
435 3353 474 3388 11,
497 3349 546 3379 15.
565 3363 604 3369 —
623 3346 637 3368 ²
655 3344 745 3378 Psal.
768 3353 870 3386 xxm,
892 3347 923 3385 7,
944 3346 1031 3377 9.—
1051 3346 1062 3366 ³
1085 3346 1182 3388 ibid,
1204 3348 1234 3380 8.

205 3411 242 3419 --
258 3393 273 3415 ⁸
292 3393 388 3435 ibid,
410 3396 458 3426 10.
473 3412 512 3417 -
528 3395 541 3416 ⁵
555 3393 693 3435 Philip„
717 3395 826 3434 11‚-10.
844 3411 882 3416 —
899 3394 910 3411 '⁵
929 3393 1007 3435 Iso„
1033 3397 1180 3435 LX111,1.
1195 3411 1237 3419 —·

205 3440 215 3459 ⁷
236 3440 313 3477 Ira..
334 3449 382 3482 1x,
397 3443 427 3474 6.
442 3459 483 3467 -
499 3443 511 3462 ⁸
531 3441 620 3474 Psal.
645 3449 762 3482 cxxlv,
783 3444 814 3472 2.
829 3459 870 3464 —
890 3443 902 3461 ⁰
923 3440 1059 3482 Ephes.,
1079 3450 1126 3481 iv,
1147 3443 1177 3474 7.
1198 3460 1233 3465 -—

207 3487 231 3505 ¹⁰
244 3488 330 3528 Act„
352 3496 389 3528 ιι,
409 3490 441 3521 2.
454 3506 496 3511 -
511 3490 533 3511 ¹¹
551 3488 650 3531 lbid.,
666 3490 698 3520 3.
714 3506 750 3511 —-
769 3488 791 3508 ¹²
811 3487 896 3520 ibid.
912 3505 954 3511 —
972 3487 996 3509 ¹³
1012 3488 1103 3521 Psal.
1126 3495 1235 3530 van,

206 3534 257 3564 ¹3-
273 3551 312 3558 -·
333 3535 355 3554 ¹⁴
376 3536 455 3577 Iso„
479 3544 526 3577 lx,
546 3538 576 3569 3.
597 3553 638 3560 —-
658 3537 683 3559 ¹⁸
704 3536 715 3568 1
740 3536 832 3577 Corn,
854 3543 917 3577 ΧΗ,
940 3538 1046 3568 12.-
1066 3537 1092 3559 ¹⁶
1108 3537 1193 3578 lac„
1210 3544 1234 3578 1,

2294 215 2343 252 47

1315 299 1517 351 gratuita,
1540 300 1580 340 et
1600 299 1808 352 quidquid
1827 299 2046 348 invenitur
2064 299 2110 354 in
2127 299 2347 353 Scriptura

1314 369 1550 411 diffusionis
1575 370 1617 410 in
1647 370 1758 419 sole,
1790 370 1858 411 vel
1884 371 1997 422 aliis,
2025 372 2267 412 referuntur
2293 372 2345 412 ad

1313 440 1561 493 largitorem
1580 442 1711 494 hujus
1732 441 1919 494 spiritus,
1941 442 2013 495 qui
2033 443 2216 495 Spiritus
2232 455 2346 483 sanc-

1315 515 1384 554 tus
1412 513 1596 554 dicitur:
1629 514 1822 566 spiritua,
1852 514 1950 566 quia
1983 527 2195 567 purgans;
2225 528 2343 556 sanc-

1313 587 1398 634 tus,
1416 585 1516 637 quia
1535 585 1749 624 instruens
1769 585 1796 607 ¹³
1819 599 1826 625 z
1848 600 1867 623 «
1887 583 2048 638 SpecIei
2063 586 2214 627 domus
2236 587 2344 627 divi-

1314 655 1411 696 dere
1431 655 1578 708 spolia.
1601 670 1620 693 ›)
1650 655 1699 696 Et
1721 655 1847 696 isaias
1867 655 1967 696 dicit
1989 655 2016 682 ¹³
2040 671 2048 696 :
2077 672 2096 694 (ι
2117 656 2347 699 Laetabun-

1314 729 1386 767 tur
1405 739 1546 767 coram
1567 729 1628 777 te,
1651 727 1760 768 sicut
1785 727 1978 768 exultant
2006 728 2208 780 victores,
2230 734 2349 783 capta

1315 797 1479 850 praeda,
1512 798 1684 852 quando
1713 799 1908 840 dividunt
1936 799 2084 852 spolia.
2113 815 2132 837 »
2167 800 2195 826 ¹⁵
2230 816 2248 838 α
2269 801 2348 841 Alii

1315 869 1440 910 datur
1455 882 1527 922 per
1541 868 1747 923 Spiritum
1766 871 1904 923 gratia
1923 870 1973 923 (a)
1997 883 2263 921 sermonum,
2278 873 2348 913 alii

1316 954 1475 994 genera
1493 943 1758 996 linguarum.
1780 958 1798 980 n
1824 943 1941 985 Unde
1962 944 2063 985 dicit
2085 959 2094 986 ι
2115 943 2270 986 «Pater
2290 946 2351 987 fu-

1316 1014 1401 1055 turi
1421 1015 1583 1056 saeculi.
1605 1030 1624 1053 ›)
1650 1014 1774 1056 Pater
1799 1018 1860 1056 est
1888 1016 2146 1069 principium
2167 1017 2350 1058 influen-

1316 1085 1489 1135 tiarum,
1513 1098 1588 1139 per
1611 1098 1718 1139 quas
1744 1086 1932 1127 vivimus
1952 1087 1996 1127 in
2015 1087 2158 1129 futuro
2179 1088 2350 1140 saeculo,

1317 1156 1418 1210 quia
1433 1158 1458 1179 ¹⁶
1479 1170 1640 1199 «omne
1659 1158 1807 1199 datum
1830 1158 2055 1211 optimum,
2078 1162 2119 1200 et
2139 1171 2265 1201 omne
2285 1160 2353 1201 do-

1316 1241 1422 1270 num
1453 1229 1686 1282 perfectum
1713 1230 1764 1271 de
1793 1242 1965 1271 sursum
1992 1233 2076 1282 est,
2099 1232 2353 1273 descendens

1317 1313 1342 1341 a
1362 1300 1485 1342 Patre
1508 1301 1739 1343 luminum.
1762 1317 1781 1339 ))
1808 1302 2011 1356 Sequitur
2034 1317 2042 1344 :
2071 1317 2090 1342 (ι
2109 1302 2354 1346 Voluntarie

1319 1372 1469 1424 genuit
1485 1385 1562 1414 nos
1580 1373 1712 1414 verbo
1733 1373 1937 1425 veritatis,
1959 1377 2008 1415 ut
2028 1374 2161 1416 simus
2179 1374 2352 1415 initium

1317 1445 1490 1498 aliquod
1522 1449 1730 1487 creaturae
1759 1448 1864 1499 ejus.
1888 1462 1907 1485 n
1936 1447 2057 1488 Modo
2089 1459 2238 1488 sumus
2270 1447 2353 1488 ini-

1317 1516 1430 1557 tium
1450 1520 1685 1567 creaturae3
1716 1521 1819 1558 tunc
1847 1518 2006 1558 erimus
2033 1518 2214 1571 simplex
2233 1531 2351 1559 crea-

1316 1589 1430 1628 tura.
1453 1587 1533 1628 Iste
1556 1588 1680 1629 Pater
1704 1592 1767 1629 est
1794 1589 2066 1641 largissimus
2085 1590 2113 1613 ¹⁷
2138 1604 2147 1631 :
2177 1590 2351 1631 «Amen

1316 1659 1408 1700 dleo
1428 1659 1549 1701 vobis
1573 1672 1582 1701 :
1607 1659 1651 1700 Si
1673 1660 1774 1712 quid
1795 1660 1996 1713 petieritis
2016 1660 2186 1702 Patrem
2207 1661 2250 1701 in
2270 1674 2351 1702 no-

1317 1730 1430 1771 mine
1474 1743 1586 1782 meo,
1624 1746 1643 1769 »
1686 1735 1762 1772 etc.
1804 1747 1823 1770 «
1842 1733 1871 1757 ¹⁸
1906 1732 2057 1785 Aperis
2094 1735 2140 1773 tu
2173 1745 2351 1774 manum

1315 1803 1455 1852 tuam,
1480 1816 1499 1839 »
1533 1805 1611 1842 etc.
1643 1803 1708 1841 «¹⁹
1733 1802 1953 1854 Homines,
1984 1806 2025 1844 et
2046 1805 2243 1857 ,iumenta
2267 1804 2348 1845 sal·

1315 1873 1451 1914 vabis.
1495 1873 1823 1916 inebriabuntur
1865 1874 1920 1915 ab
1960 1875 2154 1917 ubertate
2196 1875 2351 1918 domus

1314 1946 1416 1995 tuae,
1438 1959 1458 1983 ›)
1484 1947 1563 1986 etc.

1369 2016 1497 2057 Sexto
1516 2017 1638 2058 debet
1658 2016 1889 2058 Hierarcha
1907 2020 2049 2059 noster
2065 2030 2155 2059 esse
2174 2030 2343 2059 summe

1307 2087 1452 2139 ,iustus
1499 2091 1672 2141 propter
1719 2088 2040 2129 multitudinem
2081 2089 2260 2141 jnstitiae
2308 2092 2349 2130 et

1314 2159 1548 2212 aequitatis‚
1571 2159 1846 2200 infallibiliter
1865 2159 2146 2212 inquirentis,
2170 2160 2349 2214 irrepre-

1312 2230 1577 2272 hensibiliter
1596 2230 1879 2282 discutientis,
1902 2230 2235 2272 irrevocabiliter
2255 2244 2350 2273 sen-

1312 2302 1543 2343 tentiantis.
1591 2301 1719 2343 Isaias
1763 2302 1862 2344 dicit
1892 2302 1923 2324 ²⁰
1958 2316 1966 2343 ε
2010 2318 2029 2340 «
2060 2302 2150 2343 Erit
2182 2303 2349 2356 justitia

1313 2374 1538 2427 cingulum
1566 2373 1816 2415 lumborum
1849 2375 1941 2426 ejus
1966 2388 1974 2415 :
2004 2386 2090 2414 non
2111 2375 2346 2416 secundum

1311 2447 1522 2488 visionem
1552 2445 1775 2487 oculorum
1803 2445 2039 2498 judicabit,
2069 2460 2089 2483 »
2122 2449 2198 2487 etc.
2232 2446 2346 2500 Ergo

1313 2520 1375 2558 est
1405 2517 1515 2559 Deus
1539 2549 1550 2568 ‚
1586 2517 1688 2570 quia
1719 2529 1855 2570 purus
1888 2516 2016 2557 homo
2047 2529 2134 2558 non
2158 2517 2343 2570 Judicat‚

1312 2589 1393 2629 nisi
1431 2588 1664 2630 secundum
1701 2588 1860 2629 audita.
1897 2587 1962 2629 Ad
2000 2587 2129 2629 istum
2157 2589 2345 2641 judicem

1311 2660 1557 2700 referuntur
1576 2659 1723 2700 omnia
1746 2658 1908 2712 judicia
1940 2658 2254 2711 Scripturarum
2272 2691 2282 2709 ,
2305 2663 2347 2701 et

1310 2730 1404 2772 ideo
1423 2731 1577 2772 dicitur
1602 2746 1622 2770 «
1643 2729 1844 2784 Princeps
1873 2731 2003 2783 pacis.
2026 2746 2044 2769 »
2073 2730 2189 2772 Unde
2217 2731 2271 2772 ab
2295 2744 2345 2773 eo

1312 2804 1487 2842 manant
1511 2803 1630 2855 ,iusta
1656 2802 1833 2855 judicia.
1869 2801 2060 2843 Christus
2092 2805 2154 2843 est
2184 2802 2342 2854 David,

1310 2875 1386 2928 qui
1408 2875 1437 2899 ²¹
1460 2890 1478 2914 «
1496 2875 1658 2916 habens
1678 2875 1841 2916 clavem
1861 2875 2009 2928 aperit,
2032 2878 2073 2917 et
2093 2888 2218 2917 nemo
2235 2876 2345 2918 clau-

1310 2947 1392 2997 dit;
1415 2947 1590 2998 claudit,
1614 2949 1656 2988 et
1675 2959 1802 2988 nemo
1820 2947 1968 3001 aperit.
1987 2963 2007 2986 n
2029 2947 2164 2989 Clavis
2185 2949 2264 2990 ista
2283 2953 2344 2991 est

1309 3017 1564 3071 mysterium
1584 3017 1768 3059 unionis.

1364 3089 1506 3131 Tertia
1519 3089 1650 3132 clavis
1665 3093 1727 3131 est
1746 3089 1982 3131 intellectus
1992 3089 2118 3132 Verbi
2134 3091 2337 3145 inspirati,

1308 3173 1394 3203 non
1414 3162 1529 3203 enim
1556 3162 1604 3202 fit
1626 3161 1828 3202 revelatio
1841 3193 1850 3211 ‚
1871 3162 1950 3202 nisi
1971 3174 2046 3216 per
2064 3161 2250 3204 Verbum
2273 3163 2338 3204 in-

1310 3234 1516 3288 spiratum
1527 3264 1536 3274 .
1550 3232 1710 3274 Danieli
1725 3233 1932 3275 revelavit
1951 3233 2063 3275 Deus
2076 3246 2314 3276 sermonem
2328 3251 2337 3287 ;

1312 3333 1361 3372 17,
1386 3333 1434 3362 18.
1455 3347 1496 3354 —
1518 3330 1542 3352 ⁸⁷
1566 3330 1674 3370 loon„
1694 3335 1765 3369 xvi,
1793 3331 1845 3361 253.
1865 3346 1907 3353 —
1934 3329 1957 3351 '⁸
1977 3329 2064 3362 Psal.
2090 3338 2205 3371 ch1v‚
2227 3334 2276 3365 16.
2300 3351 2341 3357 -

1313 3381 1338 3402 ¹³
1358 3378 1449 3411 Psal.
1471 3385 1577 3419 xxxv,
1597 3379 1629 3418 7,
1657 3379 1688 3409 9.
1712 3395 1752 3400 —
1777 3377 1806 3398 ²⁰
1833 3377 1911 3417 lsa„
1934 3385 1982 3417 xi,
2005 3379 2036 3418 5,
2057 3379 2087 3410 3.
2111 3396 2152 3402 —
2176 3379 2200 3401 ἱ·
2223 3380 2339 3423 Αμοε.,

1309 3436 1349 3460 111
1384 3428 1415 3458 7.

1353 3451 1393 3527 ia)
1419 3485 1513 3527 Vulq.
1539 3484 1782 3526 interpretatio.
1803 3501 1845 3508 —
1874 3483 1915 3526 (b)
1942 3485 2058 3527 Suppl.
2088 3487 2275 3528 Propheta,
2306 3490 2342 3520 ut

1309 3545 1422 3576 supra.

2382 2030 2496 2058 Hierac-

2367 2071 2422 2098 οη
2433 2080 2510 2099 sum-

2380 2120 2426 2140 me
2437 2113 2504 2148 jus-

2416 2157 2472 2181 tus.
