2633 3878
91 2312 229 2338 130010105-

100 2353 223 2387 qualiter

108 2396 211 2421 docere

96 2437 229 2464 debeant.

263 279 341 316 444

262 363 358 412 quid
378 362 667 410 superandum,
689 361 877 410 quoniam
907 371 977 409 per
1004 360 1253 409 prudentiam
1274 373 1284 406 3

262 425 432 461 Mandata
472 428 555 469 tuo,
595 424 645 460 ad
684 423 955 461 denotandum
992 425 1152 470 propter
1188 422 1287 470 quid

258 485 546 534 superandum,
578 485 768 532 quoniam
800 488 959 533 propter
986 483 1284 529 obedientiam5

259 549 434 591 Quoniam
460 549 497 583 in
517 550 687 585 oetcrnum
714 549 804 583 mihi
823 551 897 591 est,
918 547 969 583 ad
990 545 1286 582 connotandum

257 612 394 656 praeter
442 609 538 656 quid
575 609 841 657 superandum
862 637 872 653 ,
921 607 1109 655 quoniam
1150 610 1286 655 praeter

258 670 517 708 deficientiam
530 699 540 717 ‚
561 682 630 708 seu
650 669 1049 718 imperseverantiam.

626 816 848 844 VERSICULUS
874 817 928 843 111.

304 923 361 957 99.
390 920 502 966 Super
532 930 647 956 ornnes
680 920 865 966 docentes,
899 923 969 956 etc.
1004 922 1072 956 Per
1094 918 1287 955 charitatis

258 982 484 1020 ferventiam
522 992 602 1018 non
638 982 767 1018 solum
809 981 992 1018 dilatatur
1031 980 1286 1027 intelligentia

257 1047 447 1091 quantum
467 1044 518 1081 ad
537 1043 753 1080 meditandi
775 1043 1005 1090 potentiam,
1028 1046 1061 1079 et
1082 1041 1285 1090 pugnandi

258 1105 525 1153 prudentiam,
548 1105 753 1142 sedetiam
781 1107 972 1152 quantum
1002 1104 1052 1140 ad
1079 1103 1285 1141 erudiendi

259 1167 561 1215 perspicaciam,
582 1178 669 1214 quae
688 1166 778 1203 facit
804 1166 964 1202 interius
984 1166 1141 1202 haurire
1161 1165 1200 1201 in
1224 1166 1284 1202 in—

257 1229 462 1265 tellectuali
487 1229 832 1277 contemplatione,
854 1227 962 1276 quod
982 1227 1157 1264 effundat
1177 1230 1284 1264 exte-

255 1290 335 1327 rius
372 1290 412 1326 in
449 1289 619 1327 sensuali
663 1290 881 1326 eruditione
898 1318 908 1334 ,
960 1289 1058 1326 sicut
1106 1289 1285 1326 decenter

255 1352 390 1389 edocet
406 1362 541 1389 versus
559 1352 627 1388 iste
645 1364 652 1388 :
675 1351 714 1388 in
732 1362 812 1400 quo
831 1362 1042 1400 possumus
1061 1354 1197 1388 notare
1214 1362 1285 1399 per

255 1414 436 1451 ordinem
451 1413 691 1450 eruditorem
705 1414 944 1459 inferiorem,
962 1416 996 1450 et
1013 1413 1256 1461 superiorem
1275 1425 1282 1449 :

254 1476 398 1513 scilicet
417 1475 678 1524 corporalem,
699 1479 735 1512 et
755 1475 1021 1524 spiritualem3
1046 1479 1080 1512 et
1101 1475 1284 1512 eruditio-

254 1550 344 1576 nem
364 1538 610 1585 interiorem,
631 1542 668 1575 et
687 1539 918 1575 exteriorem
940 1551 948 1575 :
972 1538 1154 1576 videlicet
1173 1549 1283 1575 men-

255 1601 395 1646 talem,
423 1603 460 1638 et
484 1601 673 1638 vocalem.
699 1601 756 1637 Ait
787 1601 892 1638 enim
920 1601 1096 1637 Psalmus
1130 1613 1137 1637 :
1173 1601 1286 1648 Super

254 1674 383 1708 onmes,
417 1666 505 1708 etc.,
537 1674 581 1700 ac
613 1663 644 1700 si
675 1663 813 1711 lingua
845 1663 1094 1711 eloqueretur
1128 1663 1282 1700 libera:

254 1727 376 1773 Super
394 1736 553 1763 omnem
573 1726 778 1763 doctorem
797 1726 1038 1771 inferiorem,
1059 1737 1127 1763 seu
1147 1737 1286 1774 corpo-

251 1787 390 1833 ralem,
423 1787 596 1824 intellexi
629 1791 664 1825 te
697 1788 900 1825 doctorem
931 1788 1189 1836 superiorem,
1216 1799 1284 1825 seu

251 1849 506 1897 spiritualem.
529 1850 791 1894 Quamobrem
822 1850 930 1898 quod
951 1850 1167 1887 testificaris
1189 1850 1284 1887 mihi

250 1921 320 1958 per
340 1910 560 1948 doctrinam
576 1912 816 1957 interiorem,
836 1912 917 1948 sive
938 1912 1166 1958 mentalem,
1182 1913 1285 1949 testi-

249 1972 358 2010 ficari
382 1973 552 2010 meditor
571 1974 754 2021 proximo
775 1984 844 2021 per
866 1973 1087 2011 doctrinam
1115 1974 1283 2012 exterio-

250 2045 348 2081 rem,
371 2034 452 2072 sive
472 2035 663 2073 vocalem.

589 2144 780 2179 Articulus
802 2145 956 2190 primus.

299 2224 356 2261 Ad
374 2225 546 2272 primum
573 2235 666 2272 ergo
690 2225 865 2273 respicit,
887 2226 996 2273 quod
1017 2225 1110 2262 dicit
1140 2237 1147 2261 :
1170 2227 1284 2273 Super

252 2297 366 2322 omnes
391 2287 547 2323 docentes
574 2297 639 2323 me.
673 2287 744 2331 Qui
776 2290 864 2324 sunt
892 2287 950 2323 isti
977 2287 1186 2334 docentes,
1210 2288 1283 2324 nisi

252 2348 477 2395 corporales
512 2348 724 2385 doctores?
755 2348 829 2385 Sed
864 2349 1029 2396 qualiter
1067 2349 1282 2386 docentes?

254 2411 403 2446 t'tinain
434 2410 710 2454 laudabiliter,
743 2413 785 2447 ut
812 2414 906 2458 puta
939 2411 1122 2448 docentes
1153 2412 1282 2449 vivere

255 2472 479 2518 prudenter,
511 2472 753 2518 obedienter,
775 2473 982 2521 sapienter,
1012 2477 1206 2521 quantum
1231 2475 1283 2511 ad

251 2535 446 2572 malorum
484 2534 814 2581 declinationem,
851 2535 1052 2572 bonorum
1085 2537 1281 2584 operatio-

252 2608 355 2643 nem,
372 2597 598 2633 divinorum
613 2597 998 2645 contemplationem.
1020 2600 1070 2635 De
1090 2598 1218 2646 primo
1242 2601 1252 2622 ¹
1271 2611 1279 2635 ε

255 2673 272 2692 1(
292 2662 375 2696 Non
396 2659 520 2695 multo
541 2659 631 2695 vino
650 2660 875 2703 servientes,
896 2660 997 2697 bene
1019 2660 1218 2707 doeen1e=,
1242 2663 1283 2698 ut

250 2721 501 2769 prudentiam
530 2721 697 2759 doceant
718 2734 726 2758 :
748 2737 764 2757 n
790 2734 879 2760 ecce
908 2723 1088 2760 doctrina
1111 2723 1283 2771 pruden-

252 2784 312 2820 tiae
334 2783 609 2820 declinatoriae.
633 2786 683 2821 De
703 2785 876 2821 secundo
897 2787 909 2807 ²
933 2797 940 2820 :
966 2799 983 2818 (1
1005 2788 1189 2822 Docentes
1215 2797 1282 2822 eos

251 2855 404 2882 servare
431 2845 566 2882 omnia
594 2856 853 2894 quaecumque
877 2847 1061 2884 mandavi
1095 2848 1211 2885 vobis
1233 2860 1240 2884 :
1262 2861 1278 2881 »

253 2917 342 2944 ecce
375 2906 552 2943 doctrina
580 2907 811 2944 obedientiae
844 2910 1088 2956 operatoriae.
1124 2912 1172 2946 00
1210 2912 1282 2946 ter·

251 2969 304 3006 tio
327 2970 341 2991 ³
379 2980 386 3004 :
412 2982 430 3001 «
462 2970 644 3005 nocentes
679 2980 838 3006 omnem
867 2970 1069 3007 hominem
1099 2972 1138 3007 in
1173 2972 1281 3008 omni

251 3030 467 3078 sapientia,
510 3032 551 3066 ut
591 3030 847 3068 exhibeamus
884 3042 1043 3069 omnem
1078 3033 1281 3070 hominem

250 3091 466 3139 perfectum
493 3092 534 3128 in
559 3093 720 3129 Cnmsro
744 3105 751 3129 :
775 3106 792 3126 n
816 3103 904 3129 ecce
932 3093 1110 3131 doctrina
1129 3095 1281 3142 sapien-

251 3155 311 3191 tiae
328 3154 674 3202 contemplatoriae.

564 3260 756 3295 Articulus
781 3259 965 3295 secundus.

301 3341 358 3378 Ad
378 3340 595 3378 secundum
615 3341 765 3389 aspicit,
787 3341 894 3389 quod
916 3340 1049 3389 adjicit
1069 3353 1077 3377 ε
1099 3343 1279 3379 Intelleoei'.

254 3401 355 3446 Quid
375 3405 502 3439 autem
521 3403 707 3440 intellexit
724 3414 840 3451 super
860 3403 1063 3440 inferiores
1085 3403 1280 3450 doctores,

298 3485 310 3507 1
330 3484 404 3523 Tit„
429 3493 464 3525 tl,
488 3487 519 3524 3,
544 3487 573 3517 4.
595 3503 635 3509 -
650 3486 661 3504 ²
680 3486 814 3526 Macrin,
835 3495 959 3526 xxvui,
980 3488 1029 3519 20.
1050 3505 1089 3510 —
1109 3487 1122 3509 ³
1142 3487 1281 3526 Colore,

256 3537 288 3572 1,
314 3533 362 3563 28.
391 3549 424 3554 —-
456 3532 468 3554 δ
496 3533 628 3571 Jerem.‚
654 3543 693 3573 x,
724 3536 774 3566 21.
801 3551 841 3557 —
867 3551 904 3557 —
935 3535 947 3556 ⁵
974 3536 1066 3576 Sap„
1100 3543 1156 3576 ιιι,
1186 3536 1216 3567 9.
1243 3552 1282 3558 —

958 269 1233 313 EXPOSlTlO
1265 269 1314 312 IN
1347 271 1694 314 PSALTERlUM.

1363 361 1436 398 nisi
1466 362 1708 410 superiorem
1740 362 1972 399 doctorem?
2010 363 2068 399 llli
2103 367 2325 412 corporales
2357 371 2394 406 et

1363 424 1566 461 sensibiles
1602 427 1714 470 sunt,
1745 427 1780 461 et
1809 424 1898 461 ideo
1936 425 2067 462 sentiri
2102 429 2290 473 possunt3
2324 429 2391 467 iste

1362 485 1571 533 spiritualis
1590 489 1626 523 et
1645 486 1915 523 intellectualis
1936 490 2011 533 051,
2035 489 2071 524 01
2089 488 2236 525 idcirco
2256 489 2394 526 intelli-

1363 548 1400 594 gi
1422 551 1557 595 potest.
1580 549 1653 585 Sed
1679 551 1790 594 nota,
1815 549 1925 596 quod
1949 549 1998 586 ad
2022 550 2251 598 hoc,.quod
2271 551 2394 599 aliqui

1363 609 1541 646 doctores
1578 610 1696 656 hujus
1728 609 1948 647 doctrinam
1985 611 2221 659 intelligant,
2259 613 2392 661 requi-

1362 674 1499 707 runtur
1532 671 1603 707 tria
1627 682 1634 706 :
1665 671 1810 708 50111001
1840 671 2024 709 instantia
2039 701 2050 719 ,
2072 674 2334 720 confidentia,
2356 677 2392 712 et

1361 731 1569 768 munditia.
1599 733 1669 768 Per
1700 732 1925 769 instantiam
1952 734 2113 771 intratur
2124 748 2134 780 ;
2164 747 2234 784 per
2267 736 2390 773 confi-

1363 794 1536 830 dentiam
1574 793 1816 841 impetratur,
1857 796 1967 842 quod
2001 797 2195 834 munditia
2229 797 2393 834 illustre-

1361 858 1423 892 tur
1444 855 1508 902 (a).
1532 857 1582 892 De
1607 855 1735 902 primo
1758 855 1770 876 ⁵
1801 869 1809 892 :
1836 872 1853 891 11
1882 857 1998 894 Stulte
2019 861 2181 904 egerunt
2201 861 2393 906 pastores,

1362 921 1398 954 et
1429 917 1638 954 Dominum
1670 929 1751 954 non
1789 919 2039 966 quaesierunt,
2073 923 2280 968 propterea
2309 931 2389 958 non

1361 979 1659 1026 i11tellcxerunt3
1680 994 1696 1013 »
1718 981 1827 1028 quasi
1852 981 1954 1017 dicat
1976 994 1983 1018 :
2007 982 2122 1019 Stulte
2141 985 2303 1029 egerunt
2321 993 2392 1031 per

1361 1041 1561 1077 stultitiam
1604 1042 1941 1090 praesumptionis,
1987 1046 2023 1079 et
2066 1044 2273 1081 Dominum
2309 1055 2391 1082 non

1361 1103 1597 1151 quaesierunt
1613 1114 1682 1150 per
1702 1103 1925 1140 instantiam
1946 1104 2132 1141 orationis
2149 1118 2159 1152 3
2182 1107 2392 1154 propterea

1361 1176 1442 1202 non
1465 1165 1738 1203 intellexerunt
1763 1177 1832 1214 per
1849 1167 2013 1212 gratiam
2034 1168 2388 1216 contemplationis.

1361 1231 1411 1265 Dc
1431 1228 1605 1265 secundo
1627 1229 1639 1251 5
1663 1240 1670 1263 :
1695 1243 1711 1263 (ι
1731 1228 1801 1273 Qui
1824 1229 2027 1266 confidunt
2043 1230 2083 1266 in
2103 1230 2229 1276 illum,
2250 1230 2391 1267 intelli-

1362 1294 1453 1338 gent
1471 1291 1698 1337 veritatem3
1721 1305 1737 1325 »
1774 1301 1818 1327 ac
1839 1291 1870 1327 si
1891 1291 2035 1328 diceret
2055 1303 2063 1328 ε
2091 1294 2161 1328 Per
2186 1292 2390 1330 confiden-

1360 1353 1455 1390 tiam
1485 1353 1752 1401 impetrabunt
1786 1353 2096 1400 intelligentiam.
2138 1356 2187 1390 00
2213 1354 2323 1392 tertio
2345 1356 2358 1377 ⁶
2382 1366 2390 1391 ε

1366 1428 1382 1449 (1
1402 1417 1524 1460 Quem
1546 1415 1704 1452 docebit
1731 1415 1954 1461 scientiam,
1984 1418 2020 1453 et
2039 1427 2158 1463 quem
2177 1416 2392 1463 intelligere

1359 1479 1474 1516 faciet
1493 1478 1671 1515 auditum
1688 1480 1706 1514 ⁶?
1726 1478 1941 1515 ablactatos
1972 1489 1995 1515 a
2018 1478 2118 1515 lacte
2134 1508 2146 1525 ,
2168 1479 2325 1516 avulsos
2345 1479 2389 1528 (b)

1361 1541 1411 1578 ab
1447 1540 1661 1587 uberibus;
1685 1555 1701 1574 »
1739 1543 1925 1588 tanquam
1964 1543 2140 1588 patenter
2178 1541 2390 1589 inquiens:

1360 1605 1483 1648 Quem
1505 1603 1662 1640 docebit
1688 1603 1889 1640 scientiam
1915 1614 1985 1650 per
2013 1603 2335 1651 inspirationem,
2357 1606 2394 1640 et

1360 1677 1479 1714 quem
1513 1665 1727 1712 intelligere
1754 1664 1868 1701 faciet
1894 1665 2069 1701 auditum
2092 1676 2163 1713 per
2193 1665 2392 1703 illumina-

1360 1728 1523 1771 tionem,
1543 1727 1616 1763 nisi
1638 1727 1853 1763 ablactatos
1875 1737 1898 1763 a
1917 1726 2028 1773 lacte,
2044 1726 2201 1764 avulsos
2221 1727 2271 1764 ab
2292 1727 2391 1764 ube-

1359 1790 1486 1835 ribus,
1509 1789 1550 1825 id
1572 1791 1625 1826 051
1640 1789 1851 1837 depuratos
1867 1792 2057 1837 quantum
2075 1790 2126 1825 ad
2145 1788 2392 1826 affectionem

1360 1851 1613 1895 etrationern,
1633 1861 1704 1898 per
1724 1850 2028 1887 delectationum
2050 1851 2091 1899 (c)
2109 1851 2390 1898 cogitationum

1359 1912 1577 1949 carnalium
1603 1912 1890 1959 separationem
1909 1914 1926 1948 ⁶?
1947 1912 2049 1950 Sicut
2078 1912 2183 1949 enim
2209 1912 2270 1950 lac
2291 1912 2393 1960 sugi-

1360 1977 1420 2011 tur
1449 1974 1499 2010 ab
1519 1973 1733 2019 uberibus,
1754 1976 1789 2010 et
1810 1973 1863 2010 sic
1895 1974 2172 2012 delectationes
2192 1986 2215 2012 a
2242 1974 2386 2022 cogita-

1360 2036 1548 2074 tionibus.

1697 2084 1882 2120 Artz'culus
1910 2085 2051 2120 tertius.

1406 2161 1464 2198 Ad
1492 2161 1647 2198 tertium
1683 2160 1891 2208 conspicit,
1913 2160 2023 2208 quod
2043 2160 2238 2197 connectit
2259 2173 2267 2198 z
2298 2161 2391 2205 Quia

1359 2225 1562 2260 testimonia
1592 2226 1667 2259 tua.
1690 2224 1877 2267 Quaenam
1903 2222 2145 2269 testimonia,
2168 2223 2242 2259 nisi
2263 2233 2389 2260 secre-

1359 2289 1489 2323 torum
1533 2286 1679 2322 indicia
1698 2287 1716 2321 ‘?
1755 2285 1902 2322 Scimus
1947 2286 2040 2333 quia
2082 2285 2298 2323 testificatio
2335 2288 2390 2323 est

1358 2349 1603 2385 occultorum
1624 2347 1824 2384 indicatio.
1847 2347 1975 2394 Unde,
1997 2347 2037 2383 ni
2057 2347 2195 2393 fallor,
2216 2347 2389 2384 psalmus

1357 2412 1473 2448 vocat
1498 2411 1538 2446 in
1569 2412 1678 2458 parte
1711 2409 1782 2446 ista
1804 2409 1937 2446 divina
1970 2410 2212 2455 testimonia,
2233 2409 2388 2447 divino-

1357 2485 1446 2510 rum
1466 2475 1705 2509 secretorum
1726 2472 1884 2508 indicia.
1907 2472 2013 2509 Talia
2038 2471 2259 2509 testimonia
2289 2472 2389 2510 testi-

1357 2536 1494 2572 ficatur
1531 2534 1589 2570 illi
1615 2534 1839 2580 Dominus,
1873 2533 1935 2570 cui
1970 2533 2170 2582 profunda
2205 2534 2391 2582 mysteria

1356 2598 1629 2645 interpretatur
1673 2596 1846 2632 interius.
1891 2596 1954 2632 Hic
1994 2596 2241 2643 notandum,
2280 2596 2390 2644 quod

1356 2658 1590 2706 tripartitum
1624 2657 1791 2704 legimus
1824 2657 1887 2694 Dei
1920 2658 2212 2705 testimonium3
2248 2657 2392 2695 scilicet

1357 2731 1561 2768 magnum,
1574 2720 1715 2766 majus,
1732 2720 1965 2756 maximum.
1980 2719 2152 2756 Primum
2165 2722 2388 2766 externum3

1356 2782 1577 2818 secundum
1614 2782 1838 2828 internum3
1879 2782 2033 2819 tertium
2071 2792 2300 2829 supernum.
2340 2784 2390 2818 De

1356 2844 1485 2892 primo
1507 2845 1519 2865 ⁷
1545 2857 1549 2877 :
1578 2857 1595 2877 «
1615 2843 1686 2888 Qui
1707 2854 1770 2879 me
1787 2843 1891 2880 misit
1909 2843 2107 2891 baptizare
2127 2843 2168 2880 in
2183 2854 2302 2892 aqua,
2323 2843 2390 2881 ille

1356 2907 1452 2943 mihi
1485 2907 1583 2943 dixit
1602 2919 1609 2943 :
1644 2909 1767 2954 Super
1787 2917 1906 2954 quem
1926 2906 2072 2943 videris
2092 2906 2276 2954 Spiritum
2302 2906 2389 2944 des-

1356 2969 1614 3014 cendentem,
1645 2970 1681 3005 01
1708 2972 1934 3005 manentem
1962 2980 2079 3017 super
2109 2980 2222 3016 eum,
2242 2970 2306 3007 hic
2334 2974 2390 3008 est

1357 3031 1424 3078 qui
1452 3030 1623 3077 baptizat
1650 3030 1690 3066 in
1720 3030 1861 3078 Spiritu
1888 3033 2045 3077 sanct03
2077 3033 2113 3068 et
2133 3042 2206 3078 ego
2225 3031 2331 3079 vidi,
2353 3035 2389 3070 et

1356 3093 1621 3130 testimonium
1642 3093 1839 3141 perhibui,
1862 3092 1956 3141 quia
1975 3092 2037 3128 hic
2058 3095 2113 3130 est
2131 3093 2234 3130 filius
2255 3092 2321 3130 Dei
2342 3104 2382 3129 z»

1358 3165 1446 3192 ecce
1482 3155 1749 3192 testimonium
1781 3154 1844 3191 Dei
1879 3165 2068 3201 magnum
2102 3156 2138 3191 01
2170 3157 2386 3192 externum.

1357 3219 1406 3253 De
1443 3216 1619 3253 secundo
1651 3218 1663 3239 ⁸
1692 3229 1701 3254 ε
1740 3229 1757 3251 κ
1790 3216 1861 3261 Qui
1900 3216 2023 3253 credit
2057 3216 2099 3253 in
2133 3216 2273 3253 Filium
2304 3216 2387 3262 liei,

1358 3278 1477 3316 habet
1496 3278 1762 3316 testimonium
1782 3278 1846 3315 Dei
1872 3279 1912 3315 iu
1937 3289 1977 3315 se
2007 3291 2016 3315 ε
2046 3293 2063 3313 »
2096 3289 2185 3315 ecce
2212 3277 2385 3314 testimo-

1358 3341 1469 3377 nium
1492 3340 1557 3377 001
1577 3341 1706 3387 majus
1727 3343 1763 3377 ct
1781 3340 1990 3377 internum.
2017 3342 2067 3377 00
2089 3340 2198 3377 tertio
2218 3338 2386 3386 legimus

1358 3440 1369 3457 ⁶
1402 3439 1481 3476 lm„
1515 3446 1645 3479 xxvm,
1674 3440 1704 3470 9.
1735 3455 1770 3460 —
1799 3437 1811 3459 ‘¹
1840 3438 1949 3477 Joan„
1981 3444 2009 3475 1,
2041 3438 2093 3469 34.
2124 3454 2164 3460 —
2195 3436 2209 3458 ⁸
2238 3437 2246 3467 1
2277 3438 2386 3478 Joan.‚

1359 3495 1390 3526 ν,
1416 3487 1566 3527 111-(α)
1590 3486 1670 3518 Coet.
1689 3485 1770 3518 edit.
1790 3484 2029 3517 illustratur.—
2052 3484 2092 3525 (b)
2115 3485 2195 3517 Item
2214 3485 2384 3527 appulsos.

1359 3553 1399 3558 —
1419 3536 1456 3575 (c)
1478 3535 1596 3576 Suppl.
1617 3537 1661 3566 et.
