2633 3878
81 2756 194 2782 Sacrifi—

66 2798 178 2825 ciorum

72 2848 182 2875 genera

55 2885 188 2918 quatuor.

1135 240 1373 282 PSALMUS
1401 242 1444 282 L.

225 350 322 380 sum
354 339 468 381 Deus
478 351 494 391 ;
530 338 641 379 malo
669 340 742 378 tuo
780 346 876 376 sum
905 334 1018 375 Deus
1050 335 1180 375 tuus:
1211 330 1252 370 id

224 412 306 459 est,
335 410 552 451 voluntate
581 420 695 459 mea,
726 405 881 447 scilicet
910 403 1109 453 essentia,
1139 401 1253 455 quod

224 484 286 522 est
311 481 422 522 bono
448 493 563 530 meo,
596 490 692 520 sum
724 477 854 527 Deus,
883 478 924 516 et
948 475 1007 515 sic
1034 474 1146 514 bono
1172 472 1254 513 erit

222 552 451 602 ablativus;
475 551 542 592 vel
564 563 574 590 :
595 549 712 591 Bono
733 559 828 588 meo
848 558 941 587 sum
968 545 1089 595 Deus,
1110 544 1153 584 id
1173 546 1249 592 est,

220 623 294 676 qui
314 626 376 663 est
395 634 535 672 meus;
558 621 601 662 id
622 622 703 670 est,
725 619 785 670 ei,
808 618 882 671 qui
899 620 961 659 est
983 616 1133 666 honus,
1157 626 1251 655 sum

220 694 349 744 Deus;
372 694 413 734 id
435 696 516 744 est,
540 693 592 733 ad
615 693 707 745 eJus
727 690 1008 740 voluntatem,
1032 691 1073 729 et
1092 687 1150 727 sic
1174 686 1253 727 erit

219 767 400 808 dativus.

274 841 338 879 16.
359 838 573 880 Peccatori
593 840 730 879 autem
749 835 869 878 dixit
891 835 1028 878 Deus:
1051 833 1185 879 Quare
1207 834 1253 873 ta

219 919 395 951 enarras
407 910 610 962 justicias
630 908 774 950 meas?
793 906 995 956 Dicimus,
1012 903 1127 957 quod
1147 915 1253 956 pree-

218 980 368 1022 dicatio
387 980 620 1034 prohibita,
645 991 743 1033 quae
769 979 817 1018 fit
845 979 1015 1030 propter
1037 977 1252 1029 quaestum

218 1052 510 1106 temporalem,
526 1055 568 1093 et
584 1053 756 1105 propter
776 1051 947 1091 inanem
966 1048 1165 1101 gloriam,
1182 1046 1250 1088 vel

218 1127 390 1179 propter
418 1124 617 1166 haeresim
650 1121 1026 1172 introducendam,
1057 1119 1126 1161 vel
1155 1130 1252 1172 quae

218 1197 266 1238 fit
284 1198 455 1250 propter
471 1196 649 1237 fratrum
670 1195 989 1236 conversionem
1003 1226 1014 1245 ,
1036 1193 1070 1234 si
1090 1192 1252 1234 crimen

218 1272 273 1312 sit
299 1271 568 1326 praedicantis
593 1270 825 1311 notorium.
847 1269 890 1310 Si
913 1269 1073 1310 crimen
1102 1267 1156 1308 sit
1181 1280 1250 1310 oc—

219 1343 404 1394 cultum,
433 1347 603 1397 propter
622 1344 803 1384 fratrum
824 1342 1147 1383 conversionem
1174 1353 1249 1395 po·

218 1417 298 1456 test
327 1415 572 1468 praedicare.
604 1413 712 1456 Vera
743 1413 985 1467 praedicatio
1016 1414 1252 1455 necessaria

219 1489 301 1537 est,
322 1486 422 1539 quia
451 1485 623 1539 quando
643 1497 728 1526 vox
748 1485 881 1526 vitam
901 1497 988 1525 non
1015 1486 1249 1537 remordet,

218 1556 351 1597 dulcis
369 1556 644 1610 symphonia,
668 1568 722 1596 ne
739 1555 792 1596 sit
812 1568 898 1597 vox
916 1555 1066 1608 Jacob,
1095 1559 1136 1597 et
1156 1569 1250 1598 ma-

216 1639 298 1668 nus
318 1626 445 1668 Esau.

271 1702 336 1739 17.
369 1700 431 1742 Tu
454 1709 548 1743 vero
572 1699 706 1743 odisti
726 1699 1022 1752 disciplinam.
1049 1699 1147 1741 Tria
1172 1712 1248 1752 ge·

215 1783 320 1812 nera
338 1773 607 1824 peccatorum
635 1771 705 1812 hic
732 1773 956 1812 notantur:
985 1773 1251 1824 contemptus

216 1842 469 1896 disciplinae,
516 1845 565 1884 ut
592 1843 684 1896 hic;
720 1843 895 1885 morbus
925 1843 1141 1892 avaritiae,
1182 1843 1251 1884 hic

219 1915 274 1966 (v.
301 1914 363 1965 18)
384 1929 392 1956 :
415 1915 464 1956 Si
481 1914 657 1957 videbas
676 1915 828 1967 furem,
852 1914 1047 1958 currebas
1065 1926 1161 1957 cum
1181 1925 1251 1967 e0,·

216 1986 370 2027 vitium
389 1986 590 2038 luxuriae,
611 1987 679 2027 hic
701 1986 829 2039 (ibid.)
846 1987 1029 2030 :Etcum
1040 1986 1249 2030 adulteris

211 2059 448 2110 portionem
468 2062 587 2101 taam
601 2059 802 2112 ponebas.

267 2131 334 2172 21.
358 2131 551 2185 Arquam
574 2135 627 2183 te,
650 2135 892 2175 etstacuam
917 2137 1067 2175 contra
1098 2133 1249 2184 faciem

215 2206 344 2245 laam.
366 2203 503 2245 Homo
522 2204 646 2245 debet
666 2205 750 2245 tria
772 2205 851 2246 sibi
875 2217 1133 2259 proponere:
1156 2218 1250 2259 pec·

213 2278 370 2327 catum,
390 2279 586 2328 mortem,
602 2280 643 2318 et
662 2277 811 2320 Deum.
831 2278 888 2320 De
908 2279 1046 2332 primo
1063 2281 1072 2303 ¹
1091 2293 1099 2319 ε
1120 2294 1139 2318 (1
1155 2278 1250 2320 Pec-

214 2351 356 2389 catum
389 2361 534 2390 meum
562 2352 710 2390 contra
737 2362 804 2390 me
833 2354 894 2391 est
926 2362 1107 2404 semper.
1140 2365 1159 2389 ›)
1191 2351 1248 2392 De

213 2419 400 2460 secundo
418 2424 458 2459 ²:
487 2435 507 2459 «
527 2420 625 2472 Fili,
649 2433 887 2463 memorare
906 2422 1139 2463 novissima
1159 2426 1247 2474 tua,

214 2493 255 2531 et
281 2490 325 2530 in
349 2493 558 2532 aeternum
587 2503 673 2532 non
709 2492 915 2545 peccabis,
940 2507 959 2531 ›>
982 2493 1039 2534 De
1062 2493 1185 2535 tertio
1205 2498 1244 2535 ³:

221 2577 240 2600 α
278 2562 446 2604 Illustra
501 2563 650 2604 faciem
710 2567 828 2606 tuam
893 2577 1024 2617 super
1073 2573 1247 2608 servum

213 2636 351 2675 tuum.
381 2648 401 2672 n

266 2706 331 2746 23.
356 2706 632 2759 Sacrificium
659 2706 804 2750 laudis
828 2708 897 2761 (a).
922 2708 969 2749 In
987 2710 1119 2750 veteri
1144 2709 1244 2751 Tes-

213 2779 421 2830 tamento,
445 2778 489 2819 in
511 2778 629 2832 lege,
651 2783 772 2821 erant
796 2783 980 2834 quatuor
1001 2793 1162 2834 genera
1181 2794 1246 2824 sa-

213 2849 484 2892 crificiorum.
517 2849 622 2891 Nam
648 2851 706 2892 ibi
737 2855 826 2893 erat
856 2853 1131 2905 sacrificium,
1165 2855 1247 2895 sci-

213 2920 310 2962 licet
341 2922 453 2974 quod
493 2935 579 2964 non
614 2925 751 2965 totum
786 2926 1107 2967 accendebatur.
1145 2927 1248 2969 Erat

217 2990 527 3044 holocaustum,
549 2994 704 3036 scilicet
722 2997 858 3037 totum
878 2996 1114 3039 incensum.
1131 2998 1249 3040 Obla-

216 3062 274 3103 tio
301 3062 454 3104 dicitur
481 3064 532 3105 de
559 3065 701 3117 duris,
724 3067 880 3108 scilicet
909 3067 961 3108 de
994 3080 1102 3121 pane
1129 3072 1170 3111 et
1197 3071 1249 3112 de

216 3132 360 3184 thure;
385 3133 590 3187 libamen,
612 3136 664 3177 de
688 3137 880 3191 liquidis,
903 3138 1057 3180 scilicet
1075 3140 1125 3181 de
1146 3141 1247 3183 vino

215 3206 256 3245 et
273 3204 381 3246 oleo.
403 3205 519 3248 Sicut
537 3207 581 3248 in
593 3208 689 3261 lege
705 3208 929 3262 Evangelii
946 3213 1046 3252 sunt
1059 3215 1246 3265 quatuor

215 3288 375 3328 genera
403 3278 706 3320 sacrificiorum
731 3295 739 3320 :
768 3293 869 3321 nam
899 3283 960 3322 est
993 3283 1245 3326 sacrificium

211 3347 408 3400 Justitiae;
432 3349 705 3403 poenitentiae,
727 3351 880 3403 laudiS,
900 3355 942 3393 et
961 3354 1246 3397 mortificatio-

261 3432 267 3448 ¹
290 3430 378 3464 Psal.
396 3439 430 3473 L,
451 3433 482 3464 5.
503 3449 543 3456 —
560 3433 570 3452 ²
590 3434 712 3470 Eccli..
733 3442 793 3476 vn,
817 3437 868 3468 40.
885 3452 918 3457 —
939 3436 1054 3469 ³Psal.
1080 3445 1167 3478 xxx,
1194 3441 1244 3471 Π.

219 3494 254 3500 ——
282 3478 292 3497 ⁴
315 3479 477 3521 Psal.1v,
500 3482 532 3512 6.
553 3498 592 3504 ·—
611 3483 622 3500 ⁵
647 3482 739 3515 Psal.
760 3491 799 3523 L,
834 3485 882 3516 18.
901 3500 939 3506 —
957 3485 969 3502 ⁰
993 3484 1096 3525 Rom„
1122 3493 1191 3527 xli,
1215 3489 1244 3519 1.

216 3541 256 3547 ——
280 3526 290 3544 ’
312 3526 399 3559 Psal.
427 3535 538 3568 exui,
566 3530 594 3562 2.
625 3545 663 3554 —
687 3529 701 3552 ⁸
728 3530 818 3563 Psal.
847 3539 971 3572 cxxxi,
1003 3534 1031 3565 1.
1051 3549 1090 3557 -
1113 3533 1127 3556 ⁹
1155 3533 1243 3566 Psal.

217 3579 344 3613 xxxxv,
365 3576 418 3613 16,
437 3577 466 3607 3.

2283 251 2360 290 219

1330 331 1411 371 nis.
1448 330 1506 372 De
1543 332 1681 384 primo
1707 333 1747 374 ⁸:
1790 350 1809 372 a
1837 335 2074 378 Sacrificate
2106 337 2360 380 sacrificium

1324 402 1522 456 justitiae;
1544 416 1562 441 n
1588 403 1639 444 de
1664 405 1846 446 secundo
1869 406 1910 447 ⁵:
1939 422 1958 446 (1
1985 407 2246 449 Sacrificium
2276 409 2360 452 Deo

1330 474 1504 528 spiritus
1535 476 1860 527 contribulatus;
1891 491 1909 514 1>
1930 478 1980 519 de
2006 480 2153 521 tertio:
2180 480 2358 535 Sacrifi-

1330 547 1442 588 cium
1475 545 1620 589 laudis
1651 547 1952 599 honorificabit
1982 560 2076 596 me,-
2104 551 2154 591 de
2185 557 2358 606 quarto,

1330 617 1611 670 Apostolus⁸z
1641 635 1659 658 «
1677 617 1886 661 Exhibete
1907 632 2082 674 corpora
2110 626 2250 664 vestra
2269 625 2362 666 hos-

1330 688 1432 729 tiam
1462 689 1698 740 vivcntein,
1740 690 1822 731 Deo
1853 691 2108 745 placentem,
2142 707 2160 730 »
2203 694 2241 735 id
2276 699 2357 747 est,

1331 760 1578 801 mortificate
1598 773 1770 802 carnem
1786 765 1986 804 vestram.
2005 763 2148 805 Prima
2161 765 2246 807 duo
2263 771 2360 809 sunt

1325 832 1715 885 ι]”115111101111110111111;
1754 835 1938 876 secunda
1957 835 2040 877 duo
2080 838 2180 877 sunt
2202 838 2359 890 justifi-

1331 906 1543 946 catorum.
1570 905 1619 958 (b)

1564 1062 1830 1108 PSALMUS
1862 1063 2042 1108 DAVlD
2073 1065 2127 1109 L.-

1383 1198 1421 1238 3,
1445 1196 1641 1239 Miserere
1654 1198 1751 1247 mei,
1772 1197 1896 1248 Deus,
1916 1198 2148 1240 secandam
2162 1210 2361 1253 magnam

1328 1267 1671 1311 misericordiam
1711 1273 1844 1311 tuam.
1887 1269 2065 1321 Audite,
2105 1274 2356 1323 peccatores.

1329 1339 1417 1380 Rex
1438 1339 1514 1380 iste
1533 1339 1578 1380 in
1597 1352 1767 1381 causam
1787 1340 1939 1382 ductus
1967 1341 2226 1392 considerat,
2248 1343 2359 1396 quod

1322 1411 1458 1464 Judex
1477 1423 1581 1452 suus
1600 1411 1685 1452 falli
1705 1423 1790 1452 non
1805 1414 1960 1465 potest,
1979 1412 2080 1466 quia
2093 1416 2155 1454 est
2169 1414 2356 1468 sapiens;

1326 1494 1402 1524 nec
1431 1483 1667 1536 corrumpi,
1699 1483 1802 1535 quia
1832 1486 1893 1524 est
1917 1485 2078 1535 J'ustus;
2111 1497 2189 1526 nec
2220 1485 2358 1537 vinci,

1327 1554 1426 1606 quia
1446 1554 1731 1607 omnipotens;
1761 1565 1898 1606 neque
1924 1554 2144 1606 declinari,
2172 1556 2273 1609 quia
2291 1558 2363 1608 [est

1326 1627 1510 1680 ubique:
1540 1626 1634 1667 ideo
1658 1626 1711 1667 ad
1739 1626 1873 1667 solam
1899 1627 2236 1669 misericordiam
2261 1641 2360 1670 con-

1326 1699 1458 1751 fugit,
1480 1698 1645 1739 dicens:
1670 1698 1865 1741 Miserere
1882 1697 1981 1749 mei,
2005 1700 2141 1748 Deus,
2163 1702 2242 1740 etc.
2258 1699 2362 1742 Volo

1326 1774 1544 1824 peccatum
1576 1782 1723 1811 meum
1754 1769 2036 1821 abscondere,
2067 1771 2140 1812 sed
2169 1774 2216 1812 tu
2251 1773 2363 1813 nosti

1326 1841 1483 1892 omnia;
1506 1840 1604 1883 volo
1617 1841 1825 1892 resistere,
1847 1841 1919 1882 sed
1930 1843 1979 1882 tu
1991 1844 2108 1895 potes
2128 1843 2285 1893 omnia;
2313 1843 2358 1896 (c)

1325 1914 1398 1955 sed
1429 1916 1478 1955 tu
1510 1913 1799 1967 complecteris
1821 1914 1967 1955 omnia
1998 1914 2119 1956 :ideo
2148 1916 2200 1956 ad
2229 1915 2360 1957 solam

1325 1984 1659 2026 misericordiam
1688 1984 1903 2037 confugio.
1931 1984 2036 2027 Nolo
2075 1989 2123 2027 ut
2154 1986 2285 2028 intres
2316 1987 2360 2028 in

1320 2057 1533 2110 Judicium
1552 2068 1653 2098 cum
1672 2068 1796 2098 servo
1818 2059 1907 2106 tuo,
1929 2060 1942 2081 ⁷
1972 2071 1991 2095 (ι
2010 2057 2112 2110 quia
2132 2070 2218 2099 non
2233 2059 2359 2112 justi-

1323 2130 1521 2171 ficabitur
1548 2129 1594 2170 in
1618 2131 1846 2182 conspectu
1874 2132 1948 2170 tuo
1975 2130 2114 2170 omnis
2144 2130 2309 2175 vivens.
2335 2145 2355 2170 1>

1324 2200 1428 2243 Peto
1447 2213 1534 2242 non
1554 2201 1788 2254 justitiam,
1821 2201 1893 2242 sed
1915 2200 2272 2254 misericordiam,
2294 2204 2357 2245 di-

1324 2286 1421 2317 cens
1437 2289 1445 2315 :
1464 2275 1663 2317 Miserere
1679 2275 1777 2326 mei,
1801 2276 1929 2316 Deus.
1955 2274 2152 2316 Subticeo
2172 2288 2357 2318 nomen:

1322 2358 1410 2388 non
1441 2347 1534 2388 dico
1565 2360 1574 2387 ε
1611 2345 1810 2387 Miserere
1841 2346 2001 2398 David,
2038 2346 2146 2388 sicut
2180 2360 2356 2391 consue-

1322 2431 1471 2462 veram
1500 2419 1637 2460 dicere
1664 2418 1705 2460 ⁸:
1737 2434 1757 2458 c(
1789 2419 2021 2470 Memento,
2046 2419 2241 2473 Domine,
2277 2422 2356 2464 Da-

1322 2491 1409 2541 vid,
1435 2506 1454 2530 »
1481 2493 1558 2532 etc.
1592 2491 1737 2544 Neque
1768 2491 1988 2533 blandiens
2019 2492 2157 2534 dicam
2177 2496 2191 2518 ⁹
2216 2507 2224 2534 z
2258 2510 2276 2533 «
2301 2495 2359 2536 Da

1322 2562 1550 2615 imperium
1578 2573 1711 2615 puero
1744 2564 1831 2612 tuo,
1863 2576 1881 2600 »
1915 2574 1991 2603 nec
2020 2563 2168 2605 saltem
2197 2577 2359 2608 «servo

1322 2637 1415 2685 tuo,
1447 2647 1465 2670 1)
1491 2633 1560 2675 vel
1586 2648 1604 2671 «
1632 2632 1720 2674 filio
1751 2633 1914 2675 ancillae
1943 2637 2059 2676 tuae:
2089 2650 2107 2673 »
2138 2636 2239 2689 quia
2266 2636 2360 2678 haec

1322 2704 1497 2746 nomina
1516 2706 1615 2745 sunt
1632 2704 1943 2746 familiaritatis.
1970 2705 2021 2747 Et
2040 2709 2198 2759 quanto
2220 2709 2358 2761 magis

1323 2776 1577 2818 beneficium
1600 2776 1706 2817 mihi
1725 2776 1925 2818 collatum
1946 2777 1996 2818 ad
2019 2779 2272 2820 memoriam
2287 2792 2355 2822 re-

1322 2849 1536 2899 ducerem,
1555 2851 1669 2889 tanto
1685 2849 1864 2901 gravius
1880 2850 2094 2902 sequentis
2113 2850 2249 2904 culpae
2267 2864 2357 2894 rea-

1321 2923 1415 2962 tum
1443 2932 1713 2962 accusarem:
1743 2932 1851 2973 ergo
1875 2921 2073 2964 Miserere
2093 2924 2196 2974 mei,
2228 2923 2350 2966 Deus.

1323 2991 1416 3034 Non
1439 2992 1574 3034 audeo
1593 2991 1766 3045 dicere:
1797 3007 1816 3032 α
1842 2992 1953 3034 Deus
1976 3005 2117 3045 meus3
2149 3008 2168 3032 ›)
2194 2994 2354 3036 solum-

1323 3063 1448 3105 modo
1468 3063 1603 3105 Deum
1623 3075 1823 3116 agnosco,
1847 3076 1991 3106 meum
2012 3077 2098 3107 non
2120 3078 2350 3119 praesumo.

1322 3134 1413 3187 Ego
1439 3134 1552 3176 enim
1582 3135 1811 3187 peccando,
1841 3137 1882 3176 te
1913 3135 2096 3189 perdidi;
2132 3136 2354 3178 inimicum

1321 3205 1555 3260 sequendo,
1582 3217 1608 3247 a
1631 3208 1672 3246 te
1703 3206 1874 3257 recess13
1908 3207 2069 3248 malum
2099 3207 2300 3259 amando,
2329 3220 2355 3250 a

1320 3278 1432 3319 bono
1469 3289 1538 3319 me
1576 3277 1790 3330 elongavi.
1829 3277 2064 3332 Sequitur:
2109 3279 2351 3321 Secundam

1319 3360 1520 3403 maynam
1553 3348 1892 3392 misericordiam
1913 3352 2046 3392 taam.
2069 3348 2236 3403 Contra,
2265 3362 2352 3392 non

1361 3484 1407 3525 (a)
1426 3484 1507 3516 caet.
1520 3483 1600 3515 edit.
1616 3492 1685 3515 11011
1702 3482 1828 3514 habent
1843 3481 2053 3523 Sacrificium
2071 3482 2232 3517 laudis.-
2256 3484 2299 3526 (b)
2318 3486 2353 3517 ln

1320 3533 1394 3564 caet.
1423 3531 1502 3563 edit.
1533 3530 1645 3562 omnis
1671 3530 1746 3562 11ωο
1772 3529 1885 3570 glossa
1908 3538 2009 3571 super
2028 3531 2149 3564 versic.
2176 3533 2215 3564 23
2242 3532 2352 3573 posita

1322 3581 1393 3611 erat
1414 3582 1491 3611 ante
1518 3587 1552 3610 v,
1579 3580 1626 3610 16.
1648 3594 1689 3603 --
1710 3578 1748 3618 (c)
1770 3577 1884 3619 suppl.
1905 3577 1985 3611 volo
2005 3577 2134 3621 sugere.
