2633 3878
48 593 148 629 Moyse
153 601 176 620 s.

119 911 186 938 Job.

48 1217 172 1253 Abigail.

1056 251 1297 294 PSALMUS
1327 252 1500 295 CXVIII.

209 348 276 375 mo
300 341 308 361 ¹
334 350 342 374 ε
369 351 386 372 «
406 338 517 375 Fluat
543 341 585 376 ut
611 348 677 375 ros
706 338 910 386 eloquium
936 350 1092 386 mcum;
1113 354 1130 374 »
1153 351 1242 377 ecce

208 400 416 438 rorifluum
442 400 671 448 eloquium,
701 399 811 448 quod
837 402 893 438 est
922 401 997 448 piae
1028 402 1241 439 voluntatis

208 461 424 509 indicium,
458 466 494 500 et
528 462 789 510 promittentis
824 463 1031 511 proprium
1043 477 1053 510 3
1090 464 1241 501 dicatur

209 527 340 561 autem
359 523 562 572 eloquium
583 524 875 572 assumptionis,
894 536 967 573 pro
987 536 1033 561 co
1055 526 1166 573 quod
1186 529 1242 562 cst

209 585 415 634 eloquium
442 586 584 634 Moysi,
611 586 679 634 qui
706 586 980 634 interpretatur
1009 588 1238 636 assumptio.

209 650 260 685 Dc
286 648 461 684 seeundo
480 649 494 669 ²
521 659 529 684 :
561 661 579 682 «
606 648 802 685 Dimittam
828 649 1039 686 adversum
1070 661 1133 686 me
1162 650 1242 687 elo-

209 710 346 758 quium
372 720 507 746 meum
535 722 543 746 ;
565 723 582 743 n
610 710 686 746 hoc
715 713 769 747 est
795 711 1000 758 eloquium
1027 713 1239 759 vetustatis,

208 772 289 808 sive
311 771 580 819 lugubritatis,
602 772 712 820 quod
733 771 938 809 dimittitur
957 785 980 810 a
1000 773 1122 811 beatis
1144 787 1152 811 :
1182 774 1240 811 di-

208 835 306 872 citur
330 838 461 872 autem
483 836 688 884 eloquium
706 836 950 882 ululationis,
969 847 1041 884 pro
1063 848 1109 874 eo
1131 837 1241 885 quod

208 900 264 933 est
293 897 495 945 eloquium
527 898 622 944 Job,
656 898 725 946 qui
756 898 1031 946 interpretatur
1060 899 1238 937 ululati0.

208 960 259 995 De
291 959 403 996 tertio
424 961 466 995 ³:
493 974 510 993 «
531 960 783 997 Benedictum
809 961 1014 1008 eloquium
1043 963 1154 997 tuum
1183 974 1190 997 ι
1221 975 1238 996 »

206 1020 312 1057 istud
338 1023 392 1058 est
419 1021 622 1069 eloquium
648 1022 851 1068 novitatis,
873 1023 955 1059 sive
972 1023 1242 1070 jucunditatis,

208 1082 319 1130 quod
350 1082 566 1120 admittitur
597 1095 620 1121 a
649 1084 774 1121 beatis
799 1097 806 1120 :
838 1085 979 1122 dicitur
1005 1088 1136 1123 autem
1162 1085 1242 1123 elo-

209 1145 349 1192 quium
369 1145 639 1193 exultationis,
660 1157 733 1194 pro
756 1158 803 1184 eo
824 1147 935 1195 quod
956 1150 1012 1184 cst
1037 1148 1242 1196 cloquium

208 1206 381 1254 Abigail,
403 1219 491 1255 quae
510 1208 785 1257 interpretatur
803 1209 923 1257 patris
943 1211 1065 1248 nostri
1091 1210 1241 1248 exulta-

207 1269 276 1307 tio.
303 1270 477 1307 Primum
501 1271 707 1319 eloquium
733 1271 923 1319 figuratur
945 1284 1016 1320 per
1040 1273 1239 1317 abbatem,

207 1332 402 1369 novitium
420 1336 658 1381 prostratum
686 1334 783 1381 erigi
810 1338 1048 1372 annuentem
1057 1348 1070 1382 ,-
1103 1346 1241 1373 secun-

209 1396 319 1442 dum,
337 1407 408 1444 per
426 1407 518 1434 eum
538 1399 711 1434 erectum
732 1400 939 1436 exuentem
949 1412 960 1445 3
979 1399 1150 1446 tertium,
1172 1410 1242 1448 per

208 1459 394 1496 eumdem
415 1461 576 1497 exutum
594 1459 837 1498 induentem.

546 1566 734 1601 Articulus
759 1567 900 1603 tertius.

253 1647 422 1685 Tertium
440 1647 689 1693 subnotatur,
709 1659 800 1685 cum
821 1648 997 1696 sequitur
1013 1660 1022 1685 ε
1039 1651 1087 1685 Et
1105 1652 1237 1687 vivam.

205 1712 301 1747 Ecce
326 1710 424 1756 vita,
451 1720 573 1758 quam
598 1710 752 1747 affectat
783 1713 820 1747 et
846 1713 1035 1759 expectat.
1062 1713 1106 1748 Et
1131 1715 1238 1759 nota,

207 1771 317 1820 quod
337 1771 417 1809 vita
436 1771 647 1820 spiritualis
667 1775 724 1809 est
743 1772 950 1820 triformis,-
974 1773 1158 1821 quaedam
1178 1774 1239 1811 in·-

205 1833 355 1880 formis,
377 1834 563 1882 quaedam
584 1834 866 1881 christiformis,
890 1836 1074 1883 quaedam
1095 1836 1240 1873 deifor-

206 1895 280 1932 mis
298 1907 306 1932 :
327 1896 455 1944 prima
475 1896 555 1933 vita
575 1899 630 1933 est
649 1897 874 1946 sophistica,
893 1898 1068 1936 secunda
1087 1902 1241 1947 aposto-

204 1957 303 2003 lica,
333 1957 443 1994 tertia
474 1959 664 2006 angelica.
703 1962 751 1996 De
784 1960 913 2008 prima
945 1962 958 1983 ³
995 1973 1001 1996 :
1041 1974 1058 1995 «
1091 1963 1240 1998 Nomen

204 2019 329 2058 habes
354 2021 465 2069 quod
490 2021 620 2067 vivas,
649 2025 686 2059 et
709 2025 890 2059 mortuus
918 2033 958 2060 es
981 2035 988 2059 ε
1011 2037 1028 2057 >)
1053 2034 1141 2061 ecce
1161 2025 1240 2061 vita

204 2081 383 2119 informis
406 2086 443 2120 et
466 2083 690 2131 sophistica.
721 2086 772 2121 De
803 2085 978 2122 secunda
1008 2087 1020 2107 ⁵
1049 2098 1057 2121 :
1097 2098 1114 2119 «
1143 2087 1239 2123 Vivo

204 2146 337 2182 autem
358 2145 439 2192 Jam
465 2156 547 2183 non
570 2156 667 2194 ego,
698 2146 794 2183 vivit
821 2157 916 2184 vero
950 2148 989 2183 in
1020 2158 1082 2184 me
1115 2148 1241 2185 Chris-

206 2208 266 2244 tus
286 2218 295 2244 :
318 2221 337 2243 >³
362 2217 451 2245 ecce
469 2207 551 2245 vita
576 2208 844 2246 christiformis
873 2211 909 2246 et
936 2209 1165 2257 apostolica.
1188 2212 1239 2247 De

203 2269 318 2307 tertia
336 2270 349 2292 θ
371 2281 379 2306 :
403 2283 421 2304 «
441 2270 477 2309 Si
495 2270 640 2308 mortui
660 2282 796 2308 sumus
818 2282 909 2308 cum
928 2271 1095 2318 Christo,
1116 2271 1240 2309 credi-

204 2342 294 2368 mus
309 2332 421 2380 quod
441 2332 559 2370 etiam
581 2333 698 2370 simul
718 2333 898 2370 vivemus
916 2344 1006 2370 cum
1026 2333 1176 2371 Christo
1193 2346 1201 2371 :
1218 2348 1236 2369 »

205 2403 295 2430 ecce
324 2394 405 2431 vita
437 2394 638 2431 deiformis
667 2398 705 2432 et
733 2395 930 2442 angelica,
964 2395 1048 2432 haec
1077 2398 1134 2433 est
1161 2396 1241 2433 vita

207 2465 295 2503 quae
313 2455 508 2504 appetitur
527 2467 550 2493 a
575 2457 797 2503 psalmista,
816 2468 889 2504 pro
916 2468 995 2504 qua
1023 2458 1240 2495 contemni-

206 2519 270 2554 tur
289 2517 370 2555 vita
388 2517 472 2556 ista.

532 2619 722 2655 Articulus
748 2622 912 2665 quartus.

257 2710 446 2754 Quartum
485 2711 719 2746 connotatur
735 2736 747 2754 ,
788 2719 878 2745 eum
915 2709 1109 2756 praedictis
1147 2720 1241 2747 con-

209 2770 376 2808 nectitur
408 2782 416 2807 :
444 2772 490 2807 Ec
519 2781 589 2807 non
615 2771 815 2815 confundas
842 2782 895 2807 me
926 2772 971 2808 ab
997 2775 1243 2819 eaepectacz'one

208 2844 303 2879 mea,
325 2833 472 2870 scilicet
489 2835 634 2870 aeterna
651 2832 800 2879 laetitia,
822 2833 871 2870 de
896 2844 975 2882 qua
993 2834 1176 2872 scribitur
1195 2836 1207 2857 ⁷
1231 2848 1239 2872 :

214 2908 232 2929 (ι
245 2895 469 2942 Expectatio
481 2894 693 2942 justorum,
710 2895 850 2933 laetitia.
871 2910 888 2932 »
905 2898 948 2933 Et
967 2898 1062 2934 nota
1081 2897 1130 2934 de
1152 2908 1243 2935 con-

210 2955 366 2994 fusione
382 2956 584 3005 praedicta,
602 2957 712 3006 quod
725 2958 842 2994 nlmis
862 2958 1047 2995 confusus
1068 2959 1154 3006 erit,
1175 2960 1242 3008 qui

210 3017 335 3055 vitam
363 3019 622 3067 temporalem
649 3020 914 3068 prendiderit‚
950 3022 987 3057 et
1019 3021 1243 3060 aeternalem

211 3079 429 3126 perdiderit
442 3094 452 3127 3
474 3081 544 3118 sed
567 3081 737 3130 amplius
761 3082 946 3120 confusus
974 3083 1065 3129 erit,
1091 3083 1159 3132 qui
1188 3084 1244 3121 vi·

212 3144 294 3179 tam
308 3142 566 3190 temporalem
579 3143 808 3192 perdiderit,
829 3146 866 3181 et
882 3144 1004 3182 vitam
1020 3145 1244 3184 aeternalem

212 3214 295 3241 non
322 3203 586 3252 prendiderit3
608 3205 679 3243 sed
698 3206 920 3244 nullatenus
945 3207 1130 3245 confusus
1157 3208 1242 3256 erit,

215 3266 284 3315 qui
303 3267 425 3305 vitam
444 3267 704 3316 temporalem
723 3279 805 3306 non
820 3269 1048 3317 perdiderit,
1069 3270 1138 3308 sed
1155 3281 1246 3308 ven-

218 3329 373 3378 diderit,
395 3332 432 3368 et
450 3330 572 3369 vitam
591 3333 777 3369 [eternam
792 3331 1048 3379 prendiderit.
1070 3333 1246 3377 Quorum

262 3427 401 3469 ¹Deut.,
422 3439 541 3472 xxxii,
569 3434 600 3464 2.
621 3449 662 3456 -
681 3433 692 3451 ¹
709 3432 782 3470 Job,
809 3440 849 3474 x,
872 3435 901 3465 1.
923 3450 964 3456 -
990 3433 1001 3451 ³
1021 3434 1029 3465 Ι
1054 3433 1145 3475 Κεφ,
1163 3441 1246 3476 xxv,

221 3476 272 3507 32·
300 3493 340 3500 —
366 3479 379 3501 ⁴
405 3479 516 3521 Apoc.,
547 3487 609 3521 111,
638 3484 667 3513 1.
690 3498 731 3505 —
749 3482 763 3503 ⁶
783 3480 873 3520 Gal„
897 3489 941 3523 11,
969 3483 1019 3514 20.
1039 3499 1077 3505 -
1109 3482 1121 3501 ⁶
1142 3481 1247 3524 Rom„

221 3530 277 3563 vi,
303 3526 333 3556 8.
361 3542 396 3549 —
427 3526 437 3540 ³
465 3528 578 3566 Prov.,
607 3535 648 3568 x,
678 3530 728 3562 28.
756 3547 795 3553 —
820 3529 833 3550 8
857 3529 992 3569 Jerem„
1020 3536 1111 3570 xvii,
1143 3531 1248 3564 13.—

2270 268 2346 307 467

1317 342 1491 390 prinium
1511 347 1693 392 congruit
1712 348 1936 395 flagitiosis3
1959 352 2193 399 secundum,
2213 363 2348 402 super-

1317 406 1498 453 stitiosis,
1523 408 1697 455 tertium,
1730 411 1935 457 refigiosis.
1972 415 2022 451 De
2048 415 2184 462 primis
2217 417 2349 454 scribi-

1316 469 1379 504 tnr
1405 469 1418 490 ⁸
1441 481 1449 504 :
1471 469 1684 517 «Domine,
1712 482 1850 509 omnes
1880 474 1948 521 qui
1981 478 2015 512 te
2048 476 2346 526 derelinquunt,

1318 530 1619 569 confundentur.
1652 547 1670 567 »
1704 534 1814 571 Tales
1848 535 2004 573 fuerunt
2038 538 2246 586 flagitiosi,
2281 542 2350 589 qui

1318 591 1413 627 dum
1435 593 1687 632 criminaliter
1707 596 1959 644 delinquunt,
1983 600 2193 637 Dominum
2215 603 2350 649 prohi-

1317 652 1487 690 bitorem
1507 656 1718 694 criminum
1739 658 2037 707 derelinquunt,
2059 662 2129 698 sed
2154 663 2228 710 ipsi
2256 675 2350 701 con-

1315 713 1551 764 fundentur3
1580 729 1673 755 nam
1708 720 1774 756 etsi
1816 721 2093 770 derelinquant
2129 724 2351 772 prohibito-

1317 787 1428 824 rem,
1450 789 1531 815 non
1551 779 1833 830 derelinquunt
1866 784 2049 822 ultorem.
2083 787 2134 823 De
2171 788 2352 825 secundis

1317 839 1509 877 traditur⁹
1527 853 1535 877 :
1552 854 1570 876 «
1588 844 1799 887 Quomodo
1821 846 2074 885 confunditur
2092 848 2168 896 fur,
2190 850 2351 897 quando

1318 901 1642 950 deprehenditur,
1661 905 1715 942 sic
1737 907 1889 944 confusi
1909 912 1998 945 sunt
2019 910 2163 947 domus
2182 913 2312 950 lsrael.
2331 927 2348 948 »

1317 964 1426 1001 Tales
1451 967 1632 1004 Israelitae
1661 971 1749 1006 sunt
1773 969 2012 1018 hypocritae,
2039 972 2107 1019 qui
2135 973 2354 1011 simulacris

1318 1026 1614 1066 simulationum
1640 1031 1834 1078 serviunt,
1861 1035 1897 1069 et
1925 1033 2095 1079 gloriam
2127 1036 2205 1072 Deo
2238 1036 2351 1074 <lehi—-

1290 1132 1292 1135 ,
1318 1091 1397 1125 tam
1410 1089 1549 1128 furtive
1563 1092 1734 1140 rapiunt.
1755 1095 1806 1130 De
1826 1094 1913 1131 aliis
1932 1095 2076 1143 legitur
2093 1096 2120 1120 ¹⁰
2141 1109 2148 1134 :
2175 1112 2192 1131 «
2212 1098 2351 1146 Filioli,

1317 1155 1472 1189 manete
1499 1152 1541 1190 in
1574 1164 1642 1200 eo,
1671 1157 1714 1191 ut
1742 1167 1832 1192 cum
1861 1158 2110 1206 apparuerit,
2136 1159 2354 1198 habeamus

1317 1213 1531 1262 fiduciam,
1551 1219 1588 1254 et
1606 1227 1688 1254 non
1709 1219 2004 1257 confundamur
2025 1221 2076 1258 ab
2098 1232 2160 1260 eo.
2182 1237 2199 1256 »
2223 1223 2282 1260 Sic
2301 1223 2354 1261 fa-

1319 1276 1446 1314 ciebat
1465 1279 1688 1326 Apostolus,
1716 1291 1806 1317 cum
1833 1281 1991 1319 dicebat
2010 1283 2035 1306 ¹¹
2061 1296 2069 1320 :
2096 1298 2112 1318 a
2132 1285 2237 1332 Scio,
2259 1287 2354 1334 quia

1316 1338 1393 1377 hoc
1426 1339 1523 1376 mihi
1555 1342 1763 1388 proveniet
1797 1343 1850 1380 ad
1883 1345 2050 1383 salutem
2083 1356 2153 1394 per
2183 1351 2353 1386 vestram

1318 1401 1563 1449 orationem,
1589 1406 1627 1440 et
1653 1405 2058 1444 subministrationem
2084 1409 2241 1457 spiritus
2265 1412 2354 1448 Jesu

1316 1463 1481 1510 Christi,
1527 1466 1746 1504 secundum
1793 1470 2104 1516 expectationem
2155 1475 2192 1509 et
2241 1484 2352 1522 spem

1315 1536 1461 1572 meam,
1483 1527 1578 1575 quia
1597 1529 1638 1566 in
1656 1529 1768 1568 nullo
1794 1530 2029 1569 confundar.
2050 1546 2068 1568 »

1748 1638 1920 1680 Epilogus.

1364 1716 1423 1753 Ait
1450 1727 1543 1764 ergo
1571 1718 1786 1766 Propheta,
1806 1722 1998 1768 tanquam
2015 1732 2187 1770 persona
2207 1724 2352 1763 devota

1316 1778 1531 1815 coelestium
1562 1780 1845 1827 perfectionem
1878 1783 2150 1832 considerans,
2182 1789 2218 1824 et
2249 1787 2351 1836 ipso-

1315 1851 1404 1877 rum
1435 1841 1759 1879 communionem
1794 1843 2024 1883 desiderans
2052 1859 2060 1883 :
2097 1847 2244 1896 Suscipe
2275 1861 2350 1896 me,

1315 1904 1509 1950 quantum
1543 1903 1595 1940 ad
1629 1905 1859 1952 petitionem
1895 1908 2152 1957 professoris,
2188 1910 2351 1958 dignam

1315 1965 1542 2013 acceptione
1551 1979 1562 2013 3
1585 1968 1776 2004 secundum
1803 1969 1982 2016 eloquium
2010 1975 2132 2018 tuum,
2159 1976 2351 2020 quantum

1315 2026 1364 2064 ad
1383 2027 1689 2075 promissionem
1709 2029 1935 2078 Salvatoris,
1952 2032 2116 2079 dignam
2132 2035 2328 2072 solutione
2336 2049 2347 2082 3

1315 2092 1348 2125 et
1375 2092 1517 2136 vivam,
1549 2093 1744 2138 quantum
1779 2093 1831 2129 ad
1862 2094 2079 2142 appetitum
2110 2096 2199 2134 vitae
2231 2108 2348 2146 supe-

1314 2152 1450 2199 rioris,
1486 2153 1654 2200 dignum
1685 2154 1937 2204 impletione;
1973 2161 2005 2194 et
2041 2169 2111 2195 non
2147 2160 2349 2205 confundas

1313 2225 1382 2261 me,
1404 2216 1492 2260 etc„
1512 2219 1707 2263 quantum
1729 2216 1782 2254 ad
1803 2221 2071 2268 contemptum
2091 2221 2178 2259 vitae
2195 2221 2351 2260 inferio·

1315 2276 1380 2324 ris,
1402 2276 1613 2325 indignum
1633 2278 1878 2318 confusione.

1694 2428 1914 2458 VBRSICULUS
1941 2430 1977 2457 V.

1366 2530 1444 2565 117.
1467 2529 1611 2576 Adjuva
1629 2541 1683 2567 me
1699 2558 1708 2573 ‚
1728 2535 1762 2568 et
1782 2534 1901 2569 salvus
1921 2543 1978 2569 ero
1989 2561 2001 2580 ,
2023 2535 2095 2571 etc.
2118 2535 2350 2574 Praecinente

1317 2592 1569 2638 quaternario
1590 2593 1851 2641 praecedente,
1870 2594 2131 2634 defectionem
2151 2602 2351 2647 contemp-

1315 2651 1466 2690 tibilem
1485 2663 1568 2691 esse
1588 2656 1850 2702 cognovimus
1861 2668 1873 2703 3
1894 2657 2119 2696 succinente
2138 2669 2234 2698 vero
2254 2671 2350 2709 prae-

1316 2718 1442 2761 sente,
1468 2715 1752 2763 perfectionem
1779 2719 2036 2767 appetibilem
2067 2721 2230 2760 existere
2255 2733 2349 2771 eog-

1316 2787 1539 2816 noscemus.
1560 2779 1746 2817 perfectio
1767 2781 1931 2829 quidem
1949 2780 2038 2830 ista,
2060 2794 2182 2833 quam
2202 2785 2350 2823 descri-

1316 2840 1374 2879 bit
1398 2841 1626 2890 Psalmista,
1647 2847 1702 2882 est
1720 2844 1892 2892 perfecta
1917 2846 2077 2895 militia,
2106 2858 2187 2896 qua
2213 2848 2353 2887 militat

1317 2903 1489 2942 Ecclesia
1514 2905 1617 2943 clrca
1636 2908 1779 2953 Deum,
1800 2907 1903 2946 circa
1921 2908 2095 2957 hostem,
2117 2910 2221 2949 circa.
2239 2922 2353 2949 mun·

1318 2965 1436 3013 dum,
1459 2967 1562 3006 circa
1580 2979 1753 3007 carnem.
1776 2972 1847 3009 Iste
1877 2971 2022 3010 modus
2040 2972 2236 3012 militandi
2255 2985 2353 3023 qua-

1319 3027 1526 3067 drimodus
1554 3031 1594 3068 in
1621 3035 1792 3080 quatuor
1814 3033 1964 3082 patebit
1984 3035 2175 3073 versibus
2203 3036 2353 3075 Primus

1318 3090 1435 3138 igitur
1455 3102 1590 3130 versus
1609 3094 1739 3142 docet,
1760 3096 1968 3144 quomodo
1990 3098 2093 3135 circa
2113 3099 2234 3136 Deum
2252 3099 2353 3136 mili-

1318 3155 1400 3191 tare
1428 3154 1641 3204 debemus,
1675 3157 1821 3196 scilicet
1851 3159 1958 3197 bona
1991 3159 2125 3198 divina
2157 3162 2353 3210 petendo,

1318 3216 1490 3264 reposIta
1522 3217 1744 3266 rapiendo,
1775 3220 1936 3258 latentia
1971 3222 2264 3270 perquirendo,
2296 3223 2353 3261 fu-

1319 3277 1464 3325 gientia
1497 3281 1790 3329 persequendo.
1828 3284 1911 3320 Haec
1948 3286 2078 3321 autem
2115 3285 2224 3322 bona
2259 3285 2355 3334 petit

1320 3350 1438 3378 orans
1446 3369 1458 3388 ,
1480 3341 1582 3389 rapit
1610 3343 1790 3391 plorans,
1814 3345 2006 3393 perquirit
2031 3345 2244 3394 meditans,
2265 3358 2354 3396 per-

1320 3402 1496 3451 sequitur
1512 3413 1782 3451 perseverans.

1325 3484 1487 3564 ⁹Jggem„
1520 3494 1564 3528 11,
1589 3489 1638 3521 26.
1667 3507 1707 3513 —
1740 3491 1761 3509 '⁶
1789 3491 1797 3522 1
1825 3491 1934 3532 doun„
1960 3498 2003 3533 11,
2024 3494 2075 3526 28.
2097 3511 2137 3517 -—
2166 3496 2188 3517 ¹¹
2219 3494 2352 3537 Philip..

1323 3541 1347 3574 1,
1369 3556 1385 3563 ..
1414 3559 1419 3564 .
