2633 3878
286 272 362 309 514

285 354 407 392 oculis
434 352 606 400 pietatis,
625 364 643 384 (ι
657 350 847 398 quoniam
865 349 965 385 tacta
984 360 1071 384 sum
1093 348 1194 383 vilis.
1218 362 1235 381 »
1266 349 1306 384 Et

284 419 396 460 nota,
419 413 530 461 quod
555 411 727 460 postulat
761 410 949 457 Propheta
979 410 1218 446 dominicam
1252 408 1308 444 vi-

283 478 434 512 sionem
447 477 606 522 propter
619 472 810 519 triplicem
822 472 1012 507 rationem
1028 484 1037 505 :
1051 473 1210 517 propter
1224 469 1308 505 vin-

284 535 588 578 demiationem,
618 533 886 570 afflictionem.
919 536 950 567 et
980 531 1267 567 desolationem
1296 542 1303 565 ε

283 607 452 644 quorum
464 597 635 642 primum
647 595 810 641 pertinet
820 593 869 629 ad
882 593 1031 628 bonum
1044 592 1237 636 ablatu1n3
1252 601 1307 626 se-

283 658 480 702 cundum,
501 657 552 692 ad
573 656 720 692 malum
741 655 913 696 illatum3
939 653 1106 696 tertium,
1130 652 1180 688 ad
1202 651 1307 687 exilii

281 719 508 756 incolatum.
529 720 578 754 De
598 718 725 765 primo
744 728 752 751 :
776 731 793 748 «
809 714 1102 758 t‘ide,Domine,
1124 716 1160 749 et
1179 712 1306 749 consi-

282 780 391 826 dera,
431 795 447 814 u
487 790 604 826 quem
634 776 936 814 vindemiaveris
973 776 1026 811 ita
1053 786 1061 811 ι
1087 785 1174 811 6666
1209 774 1306 809 visio

280 841 610 877 vindemiationis.
633 842 682 876 De
702 838 876 875 secundo
899 837 908 857 ¹
932 849 940 873 ε
961 850 978 869 «
998 836 1106 880 Vide,
1131 835 1306 878 Domine,

280 903 531 939 afflictionem
556 912 696 945 meam,
717 900 906 947 quoniam
927 902 1075 934 erectus
1100 900 1154 933 cst
1177 896 1305 931 inimi-

281 974 347 1000 cus
377 977 387 999 :
425 977 443 998 u
483 974 571 1000 ecce
615 962 713 998 visio
750 960 984 997 afflictionis.
1020 961 1069 994 De
1104 957 1214 993 tertio
1246 957 1259 977 ²
1296 968 1303 991 :

285 1039 302 1059 α
321 1025 434 1073 Aperi
455 1024 591 1062 oculos
617 1027 726 1067 tuos,
747 1025 782 1058 et
802 1022 889 1057 vide
915 1019 1196 1056 desolationem
1216 1027 1307 1053 nos-

280 1089 405 1124 tram:
427 1100 443 1120 »
469 1096 557 1122 6666
577 1085 675 1121 visio
696 1082 963 1120 desolationis,

593 1187 780 1224 Articulus
803 1184 987 1221 secundus.

327 1270 548 1309 Secundum
581 1267 795 1316 promitur,
830 1276 919 1302 cum
956 1264 1219 1312 proponitur:
1260 1264 1305 1299 Et

280 1337 376 1380 cripe
407 1343 470 1368 me.
500 1329 671 1368 Liberari
704 1328 900 1365 desiderat
931 1336 954 1362 a
990 1325 1152 1371 vilitate,
1187 1334 1306 1371 quain

280 1395 434 1439 tolerat,
464 1396 501 1429 et
528 1391 728 1429 munerari
753 1389 978 1433 nobilitate,
1011 1397 1130 1434 quain
1163 1388 1304 1432 sperat.

277 1456 430 1493 Tolerat
463 1454 568 1491 enim
601 1451 872 1499 impotentiam
904 1459 985 1486 non
1019 1447 1235 1495 peccandi,
1273 1450 1308 1484 et

279 1522 406 1567 sperat
426 1528 507 1554 non
521 1519 672 1553 tantum
690 1515 906 1562 potentiam
922 1522 1003 1549 non
1016 1510 1220 1559 peccandi,
1238 1508 1307 1545 sed

279 1581 550 1629 impotentiam
592 1578 797 1627 peccandi.
853 1579 938 1613 liaec
983 1579 1038 1612 est
1080 1572 1308 1621 impotentia

280 1643 446 1688 nobilis,
467 1642 561 1690 quia
579 1651 660 1677 non
691 1638 925 1676 infirmitatis
954 1637 1111 1683 signum
1138 1638 1218 1680 est,
1239 1634 1309 1671 sed

282 1705 451 1747 virmtis;
475 1703 573 1739 sicut
601 1702 670 1738 illa
698 1700 929 1748 impotentia
956 1698 1080 1734 existit
1105 1696 1306 1743 ignobilis,

282 1766 472 1813 quoniam
497 1763 728 1800 infirmitatis
759 1762 914 1808 signum
935 1764 1012 1805 est,
1034 1769 1114 1795 non
1142 1757 1303 1794 virtutis.

283 1829 323 1863 Et
344 1830 436 1863 nota
452 1853 463 1871 ‚
484 1825 594 1873 quod
621 1824 717 1872 eripi
743 1827 922 1871 precatur
948 1821 1140 1868 Propheta
1165 1819 1215 1856 ab
1235 1819 1308 1854 hac

281 1887 448 1935 ignobili
483 1885 711 1934 impotentia
746 1884 886 1931 triplici
925 1883 973 1919 de
1011 1893 1129 1918 causa
1165 1893 1173 1916 :
1216 1880 1310 1927 quia

282 1952 447 1986 tentatur
461 1962 471 1994 ;
502 1948 595 1995 quia
613 1947 841 1990 tribulatur3
865 1945 957 1992 quia
990 1943 1165 1991 quodam
1186 1941 1307 1977 modo

284 2011 495 2047 devoratur
533 2019 603 2056 per
637 2008 766 2053 illam,
807 2005 1117 2049 considerando,
1156 2002 1309 2039 deside-

283 2071 435 2116 rando,
475 2069 678 2117 operando
720 2068 990 2116 operationem
1027 2065 1215 2101 illicitam.
1259 2065 1308 2099 De

284 2134 412 2180 primo
436 2142 506 2179 per
527 2131 767 2167 psalmistam
788 2129 928 2166 dicitur
947 2129 960 2150 ³
987 2141 994 2161 :
1023 2141 1040 2160 «
1059 2126 1251 2171 Quoniam
1269 2124 1309 2160 in

285 2198 320 2231 te
340 2193 482 2240 eripiar
507 2203 530 2229 a
558 2191 767 2228 tentatione
788 2203 795 2226 :
818 2203 837 2225 »
870 2201 958 2226 ecce
978 2188 1124 2235 ereptio
1147 2198 1168 2223 a
1187 2188 1309 2222 tenta-

286 2256 388 2292 tione
409 2253 697 2292 considerandi.
719 2254 770 2288 De
790 2251 964 2287 secundo
983 2260 1052 2296 per
1078 2248 1309 2294 Prophetam

284 2314 525 2364 psallitur⁴:
565 2326 583 2348 α
613 2313 808 2357 Quoniam
841 2323 889 2348 ex
922 2311 1030 2347 omni
1061 2309 1310 2345 tribulatione

283 2377 456 2426 eripuisti
490 2387 553 2413 me
594 2389 602 2410 :
633 2390 650 2409 n
688 2385 775 2411 ecce
816 2373 962 2420 ereptio
999 2383 1022 2408 a
1058 2370 1310 2407 tribulatione

283 2438 546 2476 desiderandi.
579 2439 628 2474 De
658 2437 768 2473 tertio
803 2435 1003 2478 scribitur,
1033 2432 1142 2480 quod
1170 2431 1311 2468 Tobias

277 2501 411 2547 junior
428 2500 525 2536 dixit
544 2499 593 2535 de
613 2498 759 2544 Angelo
780 2498 794 2520 ⁵
824 2509 832 2532 :
859 2510 876 2528 «
895 2496 1082 2542 Meipsum
1103 2505 1125 2530 a
1145 2493 1310 2528 devora-

283 2562 385 2598 tione
417 2561 533 2609 piscis
556 2560 710 2607 eripuit.
742 2572 758 2592 n
790 2560 859 2594 Per
889 2556 1107 2593 maximum
1137 2554 1309 2601 piscem,

283 2622 494 2659 animalem
531 2620 783 2666 intelligimus
829 2618 1078 2666 passionem,
1119 2626 1205 2662 quae
1238 2613 1312 2649 nisi

284 2684 527 2731 praefocetur,
547 2681 726 2718 interficit
745 2682 973 2727 operantem
985 2691 995 2724 3
1016 2678 1047 2713 si
1065 2676 1309 2724 praefocetur,

285 2745 406 2781 reficit
419 2744 696 2792 praefocantem
713 2755 720 2779 :
739 2753 827 2779 ecee
848 2740 992 2787 ereptio
1013 2750 1037 2775 a
1057 2737 1311 2774 devoratione

285 2805 489 2853 operandi.

627 2852 810 2886 Articulus
831 2851 970 2885 tercius.

334 2928 502 2964 Tertium
527 2927 775 2975 propalatur,
805 2937 894 2962 cum
914 2923 1195 2972 pronunciatur
1224 2934 1231 2958 :
1261 2923 1310 2958 Ec

287 2991 395 3035 quem
414 2989 672 3034 tuam.Legem
687 2987 819 3033 utique
833 2986 920 3021 vitae
941 2989 976 3022 et
990 2984 1215 3031 disciplinae,
1234 2993 1313 3030 qua

289 3053 422 3099 utique
443 3061 505 3087 me
526 3051 618 3087 sacis
638 3050 837 3086 moraliter
859 3049 1003 3093 vivere,
1026 3050 1104 3083 tam
1124 3045 1311 3087 interiori,

288 3124 408 3160 quam
431 3112 611 3149 exteriori
632 3111 806 3147 homine.
837 3113 879 3146 Et
899 3112 992 3145 nota
1020 3108 1066 3144 de
1098 3108 1182 3153 lege
1215 3105 1310 3142 vivi-

287 3173 380 3217 fica,
409 3173 519 3221 quod
544 3173 765 3209 invenimus
790 3172 917 3217 legem
947 3170 1034 3205 vitae
1054 3169 1243 3215 triplicem
1270 3166 1312 3202 in

287 3236 504 3282 Scriptura3
532 3234 677 3271 seilicet
703 3234 831 3279 legem
856 3233 943 3268 vitae
970 3229 1187 3273 interioris,
1209 3230 1312 3264 exte-

286 3298 413 3343 rim-ts,
439 3301 475 3334 et
499 3296 722 3345 superioris.
750 3295 877 3332 Prima
901 3294 964 3330 lex
989 3292 1191 3328 hominem
1214 3290 1310 3326 inte-

285 3358 430 3395 riorem
466 3358 627 3400 liberat;
666 3356 838 3394 secunda
874 3355 937 3392 lex
976 3353 1026 3390 ab
1063 3351 1235 3389 interiori
1271 3350 1311 3386 in

328 3442 336 3461 ¹
362 3440 489 3478 Thr-en„
510 3448 536 3478 1,
555 3442 586 3472 9.
605 3457 647 3462 -
667 3440 678 3458 ²
697 3440 794 3479 Dan,
814 3445 860 3477 ix,
881 3439 930 3468 18.
954 3453 987 3458 -
1009 3435 1023 3457 ³
1041 3434 1131 3466 Psal.
1151 3441 1238 3472 xvii,
1259 3434 1308 3464 30.

285 3504 323 3510 -—
339 3487 353 3508 ὁ
372 3487 460 3518 Psal.
482 3495 557 3527 1.111,
579 3489 608 3518 9.
630 3503 669 3510 -
688 3487 702 3508 ⁸
722 3486 808 3523 Tota„
831 3493 893 3524 xu,
917 3486 947 3515 3.
964 3500 1004 3506 —
1022 3484 1033 3501 θ
1052 3483 1152 3520 Rom„
1176 3487 1256 3519 vm,
1278 3482 1307 3511 2.

981 259 1249 303 EXPOSITIO
1280 260 1333 301 IN
1364 262 1712 305 PSALTERIUM.

1381 350 1610 387 exteriorem
1630 351 1818 387 exuberat
1826 362 1838 396 ς
1868 350 1979 388 tertia
2009 350 2073 387 lex
2103 350 2306 390 hominem
2324 355 2404 390 tam
2425 356 2559 426 Lexlvitae

2423 399 2479 435 trip
2492 407 2538 428 ex.

1379 410 1601 447 interiorem
1614 439 1625 456 ,
1665 422 1786 458 quam
1819 411 2051 448 exteriorem
2081 415 2314 449 remunerat.
2353 415 2404 451 De

1379 472 1505 518 prima
1533 472 1713 508 scribitur
1740 473 1790 509 ab
1817 472 2001 519 Apostolo
2026 473 2039 494 ⁶
2070 484 2077 509 ε
2109 485 2128 508 (1
2149 474 2223 510 Lex
2250 474 2406 520 spiritus

1381 533 1466 568 vitae
1487 533 1525 568 in
1545 536 1706 570 (juiusro
1725 536 1807 570 Jesu
1828 533 2009 570 liberavit
2031 545 2094 570 me
2115 545 2138 570 a
2157 534 2240 580 lege
2258 535 2407 582 peccati

1381 596 1417 629 et
1437 594 1570 629 mortis
1592 606 1599 629 :
1624 608 1640 627 u
1666 605 1752 630 ecce
1774 595 1838 630 lex
1857 595 1945 630 vitre
1971 594 2165 631 interioris
2184 595 2407 633 interiorem

1381 654 1582 690 hominem
1601 655 1814 690 liberantis.
1834 657 1884 691 De
1897 656 2071 692 secunda
2085 655 2225 702 legitur
2238 658 2251 679 ⁷
2271 668 2279 693 :
2301 669 2317 690 «
2332 659 2408 694 Lex,

1381 716 1564 761 sapientis
1584 716 1671 751 t'ons
1692 715 1792 758 vitre,
1809 718 1850 751 ut
1865 716 2032 752 declinet
2049 727 2072 752 a
2087 717 2200 753 ruina
2216 717 2371 763 mortis,
2386 731 2404 752 »

1381 776 1474 822 quia
1493 776 1568 821 lex,
1591 787 1670 822 qua
1690 776 1885 823 sapienter
1904 776 1998 813 vivit
2011 777 2133 813 homo
2159 777 2332 824 interior,
2353 782 2409 815 est

1380 836 1468 872 fons
1498 837 1602 873 foras
1635 838 1855 874 exuberans
1882 841 2059 885 respectu
2091 838 2200 883 vitae,
2233 849 2313 885 qua
2341 839 2409 876 de-

1383 900 1512 933 center
1541 898 1636 934 vivit
1662 898 1783 935 homo
1811 899 1997 944 exterior,
2019 902 2209 946 quatenus
2234 899 2285 936 ab
2305 901 2407 936 exte-

1382 958 1475 994 riori
1489 958 1650 996 homine
1665 959 1764 995 nulli
1782 959 1895 995 detur
1913 960 2067 996 occasio
2080 960 2256 997 mortalis
2268 960 2407 997 ruinae:

1384 1029 1472 1055 ecce
1498 1019 1563 1055 lex
1583 1020 1669 1056 vitae
1690 1020 1891 1056 exterioris
1912 1021 1963 1057 ab
1992 1021 2151 1058 homine
2177 1021 2351 1058 interiori
2369 1021 2410 1058 in

1382 1080 1615 1117 exteriorem
1647 1082 1906 1118 exuberantis.
1949 1083 1999 1118 De
2032 1082 2144 1118 tertia
2183 1082 2324 1119 dicitur
2352 1083 2366 1105 ⁸
2398 1096 2407 1120 :

1385 1154 1404 1175 «
1424 1144 1523 1178 Deus
1555 1142 1699 1179 creavit
1728 1142 1776 1178 de
1798 1146 1898 1179 terra
1916 1142 2121 1179 hominem
2134 1156 2146 1187 ‚-
2165 1156 2183 1177 »
2209 1146 2245 1180 et
2276 1143 2378 1181 infra
2399 1156 2408 1180 :

1385 1217 1403 1236 (ι
1430 1205 1528 1249 Lege
1558 1203 1644 1240 vitae
1669 1203 1910 1240 haereditavit
1936 1205 2048 1251 illos;
2069 1218 2086 1239 n
2111 1205 2205 1252 quia
2224 1205 2410 1243 nimirum

1380 1263 1447 1300 illa
1462 1264 1563 1310 lege,
1580 1265 1653 1300 sub
1669 1275 1748 1312 qua
1763 1264 1929 1301 militant
1943 1265 2113 1302 coelestes
2128 1266 2273 1303 militiae
2290 1266 2409 1303 haere-

1382 1325 1552 1369 ditarioe,
1592 1326 1722 1362 statuit
1759 1326 1962 1363 hominem
1992 1327 2202 1364 formatum
2215 1340 2226 1373 3
2256 1327 2326 1364 sed
2364 1337 2411 1364 ea

1382 1386 1552 1423 destituit
1580 1387 1843 1423 deformatum
1858 1401 1868 1433 ;
1902 1388 1972 1424 sed
1999 1388 2139 1424 eadem
2157 1388 2322 1424 restituit
2347 1398 2412 1424 re-

1381 1447 1593 1485 formatum
1610 1461 1617 1484 :
1634 1459 1722 1485 ecce
1742 1449 1804 1485 lex
1822 1449 1909 1486 vitae
1923 1449 2146 1496 superioris,
2162 1452 2242 1486 tam
2253 1448 2411 1485 interio-

1381 1520 1480 1556 rem,
1499 1521 1621 1557 quam
1641 1510 1873 1547 exteriorem
1892 1511 2095 1547 hominem
2113 1509 2410 1548 remunerantis.

1714 1615 1899 1649 Articulus
1920 1617 2085 1659 quartus.

1432 1696 1621 1738 Quartum
1640 1694 1852 1742 probatur,
1874 1705 1964 1730 cum
1994 1695 2184 1741 Propheta
2207 1693 2409 1742 profatur:

1383 1758 1464 1793 Non
1482 1767 1559 1792 sum
1583 1757 1713 1792 oblitus
1733 1768 1741 1791 :
1765 1755 1930 1803 qualiter
1953 1759 2042 1792 sunt
2067 1755 2201 1800 obliti,
2229 1755 2298 1802 qui
2323 1757 2413 1792 sunt

1383 1818 1599 1854 mortaliter
1622 1817 1789 1864 polluti,
1820 1828 1888 1853 seu
1920 1816 2173 1853 criminaliter
2203 1816 2410 1863 prostituti.

1384 1882 1426 1916 Et
1460 1882 1573 1924 nota,
1610 1879 1720 1926 quod
1748 1878 1834 1915 talis
1872 1878 2021 1915 oblivio
2053 1878 2286 1915 creberrime
2316 1877 2415 1914 solet

1385 1941 1610 1987 contingere
1638 1941 1843 1977 occasione
1874 1940 2161 1988 prosperitatis,
2187 1939 2253 1976 vel
2277 1939 2414 1976 adver-

1385 2003 1504 2038 sitatis
1519 2030 1530 2047 ,
1552 2002 1616 2038 vel
1636 2002 1874 2038 infidelitatis
1890 2029 1902 2047 ,
1923 2002 2019 2039 sicut
2035 2005 2140 2049 patet
2157 2001 2198 2038 in
2217 2000 2415 2038 mentibus
2450 2003 2451 2006 ’

1385 2063 1558 2107 tumidis,
1582 2063 1743 2109 timidis,
1766 2063 1983 2100 obcaecatis.
2003 2065 2053 2099 De
2072 2063 2201 2110 primo
2217 2063 2231 2086 ⁹
2252 2074 2261 2099 ε
2289 2075 2306 2097 «
2325 2064 2415 2100 Sue·

1387 2126 1617 2162 cedentibus
1648 2125 1845 2173 prosperis
1875 2126 2105 2173 praepositus
2137 2125 2414 2173 pincernarum

1387 2188 1531 2223 oblitus
1551 2190 1607 2223 est
1628 2187 1845 2234 interpretis
1865 2187 1924 2222 sui
1949 2199 1956 2223 :
1980 2200 1998 2222 »
2022 2198 2110 2224 ecce
2132 2186 2281 2223 oblivio
2301 2185 2415 2223 tumi-

1388 2249 1448 2284 dae
1490 2248 1630 2284 mentis
1645 2276 1655 2293 ,
1695 2247 1901 2284 occasione
1942 2247 2221 2294 prosperitatis.
2267 2248 2318 2283 De
2355 2256 2415 2282 se-

1388 2310 1518 2346 cundo
1540 2310 1566 2331 ¹0
1588 2321 1596 2344 :
1619 2322 1636 2342 «
1657 2309 1825 2356 Repulsa
1845 2312 1900 2344 est
1919 2309 1966 2355 ((1)
1988 2308 2119 2344 anima
2138 2318 2248 2352 mea,
2270 2306 2414 2344 oblitus

1387 2381 1473 2406 sum
1492 2371 1693 2406 bonorum
1723 2382 1730 2405 :
1753 2383 1770 2403 »
1806 2380 1893 2406 ecce
1916 2369 2064 2406 oblivio
2090 2368 2235 2405 timidae
2253 2367 2412 2414 mentis,

1387 2433 1590 2468 occasione
1606 2431 1862 2468 adversitatis.
1882 2433 1931 2467 De
1951 2430 2061 2467 tertio
2082 2431 2108 2452 ¹¹
2129 2442 2137 2465 :
2157 2442 2176 2463 «
2195 2429 2344 2467 Oblitus
2359 2431 2416 2466 est

1387 2490 1502 2526 Israel
1520 2490 1676 2527 factoris
1695 2489 1770 2535 sui,
1793 2491 1829 2526 ct
1843 2489 2053 2525 aedificavit
2072 2487 2262 2525 delubra:
2285 2500 2303 2523 »
2326 2497 2415 2524 ecce

1388 2551 1537 2588 oblivio
1565 2552 1769 2588 obcaecatae
1805 2550 1966 2595 mentis,
2005 2549 2210 2587 occasione
2241 2547 2416 2586 infideli-

1387 2613 1486 2650 tat1s.

1816 2659 1987 2700 Epilogus.

1435 2736 1636 2772 humiliter
1655 2735 1770 2782 igitur
1789 2746 1834 2772 ac
1849 2734 2066 2782 specialiter
2080 2725 2197 2771 orans
2209 2733 2414 2782 Propheta,

1389 2798 1502 2845 quasi
1517 2800 1773 2844 compunctus
1788 2807 1861 2844 pro
1885 2795 2053 2832 naturali
2068 2795 2214 2842 justitia
2229 2794 2414 2841 relegata,

1387 2860 1441 2894 sic
1465 2859 1518 2895 ait
1533 2870 1541 2894 ε
1562 2859 1654 2895 Vide
1672 2859 1913 2894 humilitatem
1931 2857 2260 2904 meam,quantum
2273 2854 2324 2891 ad
2337 2854 2414 2890 ori-

1389 2920 1560 2966 ginalem
1570 2919 1874 2965 destitutionem,
1885 2929 1963 2966 qua
1971 2917 2145 2965 privatur
2152 2915 2324 2964 potentia
2333 2925 2415 2952 non

1387 2981 1600 3028 peccandi3
1619 2984 1665 3018 Ec
1689 2984 1786 3028 eripe
1804 2992 1869 3022 me,
1882 2982 2072 3027 quantum
2089 2978 2140 3015 ad
2156 2977 2315 3014 finalem
2332 2987 2413 3013 res-

1390 3043 1624 3088 titutionem,
1644 3053 1725 3090 qua
1750 3043 1926 3090 speratur
1949 3039 2180 3088 impotentia
2197 3037 2388 3086 peccandi
2400 3049 2412 3082 ;

1391 3105 1488 3147 Quia
1509 3106 1617 3150 leqem
1634 3109 1752 3149 tuam,
1769 3104 1958 3150 quantum
1981 3102 2032 3138 ad
2052 3101 2246 3138 moralem
2268 3099 2415 3136 institu-

1388 3166 1556 3211 tionem,
1583 3176 1663 3213 qua
1688 3165 1832 3211 ligatur
1850 3164 2079 3211 impotentia
2099 3173 2181 3200 non
2202 3159 2410 3210 peccandi;

1389 3229 1472 3264 Non
1500 3237 1578 3263 sum
1606 3228 1754 3272 oblitus,
1782 3228 1972 3273 quantum
1997 3225 2049 3262 ad
2076 3224 2283 3262 mortalem
2300 3232 2412 3270 pros-

1389 3288 1609 3325 titutionem
1625 3317 1638 3335 ,
1659 3298 1739 3335 qua
1757 3287 1911 3324 laxatur
1928 3287 2103 3335 potentia
2120 3283 2322 3333 peccandi.

1389 3397 1423 3401 —
1447 3380 1456 3397 ⁷
1481 3379 1591 3419 Pron„
1616 3386 1695 3418 xiii,
1718 3379 1767 3409 14.
1787 3396 1829 3402 —
1847 3378 1861 3400 ⁸
1879 3377 1993 3418 Eccli„
2019 3384 2103 3416 xvii,
2121 3378 2156 3416 1,
2173 3376 2202 3406 9.
2223 3390 2263 3399 -
2281 3374 2296 3396 ⁹
2315 3373 2409 3415 Gen„

1391 3432 1449 3465 xr,
1468 3427 1519 3456 23.
1535 3442 1576 3448 ——-
1598 3425 1626 3447 ¹·
1650 3425 1778 3464 Τὴν-οη,
1799 3432 1854 3464 111,
1876 3426 1925 3456 17.
1943 3441 1977 3447 —
1997 3424 2019 3445 ⁵¹
2039 3423 2124 3459 Ose„
2144 3428 2218 3460 vm,
2237 3421 2288 3453 14.

1429 3481 1478 3521 (a)
1500 3481 1617 3522 Suppl.
1639 3490 1660 3513 a
1676 3489 1770 3521 pace.
