2633 3878
325 268 399 305 1ἓὸ

747 387 914 428 Epilogus.

367 476 544 520 Loquens
573 481 666 518 ergo
696 469 888 517 Propheta
916 472 1101 515 tanquam
1126 465 1343 513 poenitens,

320 536 602 572 irritamentum
621 533 843 580 exprimens
863 528 1101 566 difficultatis
1122 527 1173 563 ad
1193 527 1346 563 bonita-

319 601 416 642 tem,
439 597 582 633 scilicet
597 595 798 641 judaicam
829 591 1118 628 fabulositatem
1134 616 1145 634 ,
1167 589 1219 624 ait
1242 600 1250 624 :
1273 591 1346 625 Im·-

318 662 399 706 qui,
427 659 467 695 in
494 670 574 707 quo
603 660 758 695 notatur
783 656 966 703 iniquitas
998 665 1085 701 quae
1117 653 1343 700 componit;

318 723 567 758 Narrare-unt
591 747 602 764 ,
634 720 674 755 in
709 729 788 765 quo
822 718 1054 753 connotatur
1086 715 1230 751 falsitas
1257 725 1346 762 quae

317 783 524 831 proponit;
558 783 829 824 FabuIaMones,
855 779 896 815 in
927 789 1006 826 quo
1040 778 1246 814 denotatur
1274 787 1344 812 va-

318 846 417 882 nitas
436 856 523 893 quoe
543 842 728 892 supponit
740 855 750 889 ;
777 842 846 878 secl
865 852 934 878 non
953 844 993 877 ut
1015 843 1072 876 lem
1091 844 1154 875 tua
1174 866 1185 884 ,
1205 839 1245 874 in
1265 848 1345 884 quo

317 907 548 944 subnotatur
569 905 709 942 veritas
723 933 733 950 ‚
765 915 852 951 quae
872 901 1182 940 fabulationibus
1212 911 1251 936 se
1274 909 1344 946 op-

317 969 439 1016 ponit.

682 1065 901 1093 VERSICULUS
927 1065 979 1089 Vl.

364 1159 419 1194 86.
459 1157 587 1193 Omnia
615 1155 789 1190 mandata
827 1156 888 1188 tua
913 1155 1071 1196 veritas,
1105 1153 1174 1187 etc.
1210 1152 1348 1186 Versus

313 1217 576 1266 praeambulus
606 1215 834 1252 versabatur
863 1214 965 1250 circa
992 1212 1255 1249 fabulationes
1282 1212 1344 1257 111-

315 1280 473 1320 daicas;
496 1288 631 1313 versus
652 1277 720 1312 iste
749 1278 926 1312 versatur
954 1274 1058 1310 circa
1077 1273 1346 1310 cavillationes

316 1339 525 1377 haereticas.
567 1341 607 1375 111
640 1339 750 1384 cujus
788 1337 886 1373 serie
925 1337 1180 1372 enucleantur
1217 1335 1349 1381 aperte

317 1403 596 1440 mandatorum
617 1402 874 1445 universitas,
893 1400 1169 1437 universorum
1190 1397 1347 1441 veritas,

317 1467 616 1513 persecutorum
636 1464 832 1500 temeritas
845 1491 856 1509 ,
879 1466 915 1500 et
937 1462 1206 1510 professorum
1226 1459 1348 1496 since-

317 1528 409 1564 ritas
455 1539 464 1563 :
494 1526 727 1563 universitas
765 1529 821 1563 est
846 1525 1069 1570 difformis3
1103 1522 1172 1559 sed
1209 1521 1350 1558 veritas

318 1593 372 1626 est
390 1589 603 1626 conformis
624 1601 632 1625 :
653 1588 847 1625 temeritas
867 1590 922 1624 est
942 1585 1130 1624 deformis
1147 1596 1157 1630 ;
1180 1583 1249 1621 sed
1269 1585 1349 1619 sin-

318 1651 455 1687 ceritas
476 1652 532 1687 est
553 1650 770 1688 deiformis.

652 1756 842 1790 Articulus
868 1755 1017 1799 primus.

369 1838 642 1874 Mandatorum
662 1836 894 1873 universitas
915 1835 1143 1882 explicatur,
1177 1844 1267 1870 cum
1297 1833 1353 1869 di-

163 1914 302 1942 Manum
322 1901 453 1937 citur:
487 1901 615 1936 Omnia
647 1899 822 1935 mandata
855 1902 928 1933 tua.
958 1898 1134 1941 Quorum
1165 1895 1354 1931 nonnulla

163 1957 226 1983 Dei.

321 1964 411 1998 sunt
441 1962 491 1998 ab
520 1961 708 1997 haereticis
736 1961 997 2008 impugnata:
1020 1969 1092 1994 nec
1121 1957 1204 1994 sine
1237 1968 1354 1994 causa

322 2023 505 2060 dicuntur
524 2023 710 2059 mandata
731 2025 796 2058 tua
812 2050 823 2067 ,
851 2020 963 2069 quasi
984 2023 1059 2056 tuae
1078 2019 1220 2056 visioni
1236 2047 1247 2065 ,
1272 2021 1354 2055 ten-

321 2086 440 2130 tioni‚
471 2088 507 2122 et
535 2084 708 2121 fruitioni
737 2082 1010 2131 promerendae
1039 2084 1075 2118 et
1104 2080 1354 2128 capessendae

322 2158 496 2194 congrua
530 2159 538 2183 :
571 2149 606 2182 et
637 2145 727 2182 ideo
755 2144 981 2189 credenda,
1015 2143 1228 2189 eligenda,
1265 2142 1354 2178 dili-

322 2210 463 2256 genda.
493 2212 543 2246 De
562 2209 692 2257 primo
716 2211 725 2231 ¹
749 2220 757 2244 :
786 2222 803 2242 α
822 2207 1011 2244 Mandatis
1035 2206 1110 2242 tuis
1130 2204 1280 2241 credidi
1302 2217 1310 2240 z
1333 2217 1350 2237 n

323 2282 411 2308 ecce
449 2271 607 2308 credere
637 2280 855 2315 congruum
900 2268 1055 2304 visioni.
1093 2270 1141 2303 116
1180 2266 1353 2303 secundo

326 2333 541 2380 Propheta²
564 2345 572 2368 :
601 2332 809 2368 «Mandata
829 2334 895 2367 tua
915 2331 1013 2377 elegi
1039 2343 1077 2366 s»
1102 2339 1190 2366 ecce
1213 2329 1354 2375 eligere

324 2405 544 2440 congruum
570 2394 744 2430 tenti0ni.
779 2395 826 2429 Dc
852 2392 963 2429 tertio
991 2390 1221 2438 prophetica
1252 2390 1356 2437 psal-

325 2456 460 2492 modia
475 2458 512 2491 ³:
539 2469 556 2489 «
574 2455 755 2492 Mandata
775 2457 840 2490 tua
862 2453 979 2490 dilexi
1002 2465 1010 2489 ;
1030 2466 1046 2485 »
1084 2462 1172 2488 6006
1193 2450 1355 2498 diligere

324 2527 544 2564 congruum
563 2515 748 2553 fruitioni.

643 2619 828 2655 Articulus
854 2619 1040 2654 secundus.

373 2702 647 2739 universorum
664 2701 804 2737 veritas
821 2702 1029 2744 eructatur,
1045 2710 1135 2736 cum
1150 2698 1331 2735 subditur
1346 2710 1353 2733 :

331 2767 484 2800 Veritas.
507 2765 603 2800 Nam
624 2762 809 2798 mandata
829 2761 1017 2809 praedicta
1030 2788 1039 2804 ,
1059 2772 1147 2808 quae
1167 2759 1356 2806 disjungit

327 2826 515 2870 varietas,
536 2824 740 2870 conjungit
757 2823 898 2860 veritas
915 2835 923 2858 ε
942 2833 1030 2869 quae
1043 2832 1216 2869 namque
1237 2821 1360 2857 dictat

328 2886 493 2929 veritas,
520 2896 601 2922 non
620 2888 785 2932 possunt
809 2895 890 2921 non
919 2895 1000 2921 esse
1026 2883 1180 2920 veritas.
1203 2883 1239 2920 Si
1261 2883 1358 2919 forte

329 2949 486 2986 dubitas
507 2947 712 2995 quomodo
730 2947 917 2983 mandata
937 2946 1012 2982 sint
1027 2946 1188 2990 veritas,
1211 2956 1300 2981 cum
1320 2944 1360 2980 in

328 3010 423 3054 illis,
438 3019 510 3046 nec
530 3009 671 3045 veritas
689 3008 844 3044 videtur
864 3019 946 3044 esse
961 3035 973 3052 ‚
992 3017 1064 3044 nec
1088 3006 1235 3043 falsitas
1247 3019 1257 3052 3
1279 3006 1360 3042 11ωο

330 3071 522 3108 dubitatio
544 3069 656 3106 citius
686 3069 860 3114 solvitur,
883 3069 914 3104 si
933 3068 1213 3104 mandatorum
1240 3066 1359 3113 signi-

172 3148 309 3175 ,x1andm
330 3133 458 3170 ficatio
476 3132 631 3180 plenius
651 3132 839 3178 aperitur.
862 3132 958 3166 Nam
978 3140 1113 3166 revera
1134 3129 1231 3165 nihil
1252 3128 1361 3165 aliud

171 3189 251 3224 quid.

330 3198 418 3231 sunt
436 3193 645 3239 mandata,
677 3203 798 3240 quam
815 3192 905 3238 jura
925 3191 1058 3227 divina
1082 3191 1217 3227 manui
1244 3190 1336 3226 data
1349 3219 1360 3236 ,

331 3256 394 3292 vel
414 3255 571 3292 effectui
590 3253 865 3291 commendata
879 3281 888 3298 ,
908 3253 957 3289 de
980 3252 1126 3299 quibus
1154 3252 1264 3287 nulla
1291 3251 1360 3287 du-

332 3317 468 3360 bietaS,
491 3316 587 3364 quin
607 3316 693 3363 ipsa
711 3315 786 3351 sint
803 3314 945 3352 veritas
967 3326 975 3350 ε
997 3313 1108 3350 verbi
1129 3323 1260 3358 causa,
1281 3323 1362 3349 non

379 3416 384 3431 ¹
409 3412 500 3445 Psal.
528 3413 613 3452 hoc,
634 3414 684 3445 66.
705 3430 746 3437 -
774 3413 785 3431 ²
807 3412 904 3452 thid„
930 3413 996 3444 173.
1017 3428 1055 3436 —
1082 3410 1096 3432 ⁸
1117 3410 1213 3450 1bid.,
1238 3412 1306 3442 159.
1324 3427 1365 3433 -

335 3460 349 3481 ⁶
370 3459 489 3498 Επεὶ,
517 3468 582 3501 xit,
610 3463 669 3500 15,
698 3462 754 3500 14,
781 3462 838 3501 13,
859 3459 969 3501 quoad
996 3467 1145 3491 sensum.
1166 3474 1206 3481 —
1224 3458 1237 3479 ⁸
1257 3458 1360 3496 Joczn„

338 3513 418 3546 xvi,
447 3507 494 3538 ¹3.
524 3524 563 3530 —
592 3508 605 3529 ⁶
630 3509 744 3546 Prov„
769 3515 871 3547 xxw,
901 3508 952 3539 28.
981 3523 1019 3529 —
1048 3505 1060 3524 ⁷
1091 3506 1169 3545 1811„
1200 3512 1303 3544 xxvi,
1335 3508 1364 3536 1.

1021 253 1289 296 1‹3XPOSt'1·10
1321 253 1371 294 ΙΝ
1403 254 1752 298 PSALTERlUM.

1418 344 1653 390 furandum,
1673 356 1753 383 non
1773 347 2076 393 moechandum,
2096 359 2176 385 non
2196 352 2416 390 necandum
2431 382 2440 398 ,

1420 407 1456 442 et
1475 405 1636 452 similia,
1658 411 1745 444 sunt
1765 408 1896 445 divina
1912 409 2002 455 jura
2013 437 2023 455 ,
2043 420 2129 456 quae
2147 411 2278 448 nullus
2296 413 2444 452 haesitat

1420 478 1501 504 esse
1522 479 1634 514 vera3
1656 481 1743 517 quae
1757 471 1891 507 manui
1908 470 2064 516 dantur,
2085 472 2148 508 vel
2167 472 2317 511 effectui
2340 487 2444 513 com-

1420 529 1669 575 mendantur,
1690 542 1780 568 cum
1803 543 1872 578 per
1891 533 2155 579 legislatorem
2174 536 2384 574 mandatur
2398 538 2411 559 ¹
2432 551 2439 575 :

1423 604 1440 623 «
1460 593 1543 627 Non
1564 591 1753 628 furaberis
1768 622 1777 634 ,
1801 604 1881 630 non
1910 596 2168 632 moechaberis
2182 624 2194 642 ,
2223 607 2304 634 non
2332 608 2445 636 neca-

1419 652 1520 688 bis.»
1543 653 1745 699 Quocirca,
1766 655 1797 690 si
1814 665 1894 691 non
1916 656 2072 694 dubitas
2094 658 2189 705 quin
2203 659 2292 705 jura
2310 661 2445 697 manui

1422 713 1512 750 data
1542 714 1616 750 sint
1644 715 1804 761 veritas,
1837 716 1976 754 frustra
2005 718 2161 755 dubitas
2189 731 2240 756 an
2260 722 2446 758 mandata

1421 775 1495 810 sint
1514 774 1667 812 veritas.
1699 779 1741 812 Et
1760 779 1852 814 nota
1869 805 1880 823 ,
1903 779 2012 825 quod
2031 779 2113 817 haec
2132 782 2274 818 veritas
2302 783 2446 820 divini-

1421 840 1481 872 tus
1501 837 1689 883 eruditur,
1721 839 1771 876 ab
1796 839 2021 878 infidelibus
2043 842 2188 888 oditur,
2215 854 2239 880 a
2262 844 2449 882 fidelibus

1422 899 1649 937 custoditur.
1683 901 1828 945 Quaeris
1847 930 1858 948 ,
1893 913 1974 950 quo
1998 903 2145 940 modo?
2171 905 2353 943 Eruditur
2374 906 2448 943 im-

1422 961 1637 1010 mittend03
1666 964 1796 1000 oditur
1817 965 2034 1002 omittendo
2048 993 2060 1010 ,
2082 967 2297 1004 custoditur
2317 977 2384 1005 ore
2414 971 2450 1006 et

1423 1034 1541 1071 opere
1563 1025 1800 1062 confitendo.
1833 1028 1883 1062 De
1902 1027 2028 1074 primo
2045 1027 2058 1048 ⁵
2087 1040 2094 1063 :
2127 1041 2145 1062 «
2163 1028 2324 1076 Spiritus
2348 1029 2450 1066 veri-

1423 1086 1508 1122 tatis
1528 1086 1684 1124 docebit
1702 1099 1772 1124 vos
1794 1099 1952 1125 omnem
1971 1090 2195 1126 veritatem:
2214 1105 2230 1123 »
2255 1102 2344 1128 ecce
2365 1102 2450 1129 eru-

1424 1148 1519 1185 ditio
1538 1148 1789 1186 immittentis.
1808 1152 1857 1186 De
1873 1151 2047 1187 secundo
2062 1152 2075 1173 6
2092 1164 2099 1187 :
2128 1164 2144 1185 <t
2160 1151 2308 1198 Lingua
2330 1152 2449 1190 fallax
2476 1195 2480 1198 ,

1423 1221 1503 1247 non
1525 1215 1629 1248 amat
1655 1213 1856 1249 veritatem
1879 1226 1888 1249 :
1910 1228 1926 1247 »
1953 1224 2041 1250 ecce
2062 1214 2199 1250 odium
2225 1215 2449 1252 obnitentis

1425 1276 1474 1310 De
1495 1274 1649 1310 terti07:
1670 1287 1686 1308 «
1703 1275 1950 1321 ingrediatur
1971 1286 2066 1322 gens
2081 1277 2207 1323 justa,
2229 1278 2451 1315 custodiens

1423 1335 1622 1372 veritatem
1642 1349 1649 1372 :
1671 1350 1690 1371 »
1718 1347 1805 1373 ecce
1826 1338 2006 1374 custodia
2028 1339 2258 1376 confitentis.

1765 1442 1948 1477 Articulus
1975 1444 2114 1478 tertius.

1474 1526 1767 1561 Persecutorum
1787 1525 1983 1562 temeritas
1999 1527 2215 1572 enarratur,
2233 1536 2323 1562 cum
2341 1526 2453 1563 addi-

1425 1588 1487 1622 tur
1509 1598 1516 1622 :
1539 1588 1663 1632 Iniqui
1682 1589 1860 1633 persecuti
1878 1590 1961 1623 sunt
1981 1599 2045 1623 me.
2077 1587 2186 1624 Tales
2212 1587 2337 1636 iniqui
2365 1591 2454 1624 sunt

1425 1648 1607 1685 satellites
1626 1648 1747 1684 hostis
1767 1648 1942 1696 antiqui,
1973 1651 2009 1685 et
2035 1648 2254 1696 specialiter
2284 1649 2454 1686 haeretici

1425 1710 1605 1746 fidelium
1623 1710 1788 1756 inimici,
1809 1710 1978 1747 famulos
1997 1710 2070 1755 'Dei
2091 1712 2127 1747 et
2148 1711 2331 1748 articulos
2360 1711 2454 1747 fidei

1427 1772 1661 1809 creberrime
1685 1772 1890 1819 persecuti.
1919 1772 1985 1808 Hic
2013 1775 2136 1820 potest
2161 1773 2316 1819 notari,
2343 1773 2454 1820 quod

1426 1834 1593 1871 haeretici
1612 1833 1795 1880 leguntur
1815 1834 2028 1870 catholicos
2047 1833 2247 1881 tripliciter
2273 1844 2455 1882 persecu·

1426 1896 1476 1941 ti,
1499 1895 1643 1932 scilicet
1662 1895 1796 1942 quoad
1827 1894 2047 1931 doctrinam
2061 1923 2072 1940 ,
2104 1895 2239 1942 quoad
2264 1896 2428 1942 gratiam
2443 1923 2454 1940 ‚

1428 1957 1563 2005 quoad
1575 1957 1694 1993 vitam
1710 1969 1720 2002 3
1736 1955 1926 2003 quoniam
1941 1958 2006 1992 aut
2018 1956 2237 1993 doctrinam
2254 1956 2454 2003 auferunt,

1429 2021 1495 2055 aut
1514 2018 1722 2066 perfidiam
1740 2017 1966 2065 proferunt,
1999 2020 2065 2054 aut
2092 2028 2249 2065 poenam
2271 2017 2454 2056 inferunt.

1428 2080 1555 2117 Prima
1573 2080 1790 2127 persecutio
1807 2079 2028 2125 denotatur,
2051 2079 2202 2116 dicente
2221 2079 2406 2127 Apostolo
2419 2081 2455 2116 ¹³:

1434 2144 1541 2179 «Nos
1559 2142 1750 2189 persecuti
1769 2143 1870 2186 sunt,
1893 2143 1929 2177 et
1950 2143 2026 2177 Deo
2046 2151 2127 2177 non
2145 2140 2312 2188 placent,
2334 2143 2370 2178 et
2388 2141 2457 2178 ho-

1429 2204 1602 2240 minibus
1634 2203 1914 2247 adversantur,
1956 2202 2206 2250 prohibentes
2243 2213 2316 2239 nos
2345 2203 2457 2251 loqui

1430 2265 1634 2311 gentibus,
1656 2267 1698 2300 ut
1716 2264 1833 2300 salvae
1854 2264 1974 2300 fiant:
1998 2277 2015 2298 »
2037 2274 2126 2300 ecce
2149 2264 2367 2310 persecutio
2389 2264 2457 2301 ab·

1429 2326 1548 2363 lativa
1579 2326 1777 2363 doctrinm.
1812 2325 1989 2362 Secunda
2023 2325 2242 2372 persecutio
2266 2325 2457 2372 {designa-

1430 2392 1503 2433 tur,
1528 2388 1595 2423 ubi
1616 2387 1756 2424 dicitur
1777 2398 1824 2423 ex
1844 2390 1952 2434 parte
1974 2387 2112 2434 populi
2131 2387 2259 2423 fidelis
2283 2388 2296 2409 ⁹
2316 2400 2324 2423 :
2351 2400 2369 2421 «
2389 2389 2456 2424 Su-

1431 2460 1500 2497 per
1520 2451 1671 2485 montes
1690 2449 1881 2496 persecuti
1902 2451 1990 2484 sunt
2009 2459 2080 2484 nos
2098 2477 2107 2493 ,
2137 2448 2177 2484 in
2197 2448 2349 2485 deserto
2369 2449 2459 2485 insi-

1432 2511 1525 2547 diati
1540 2513 1628 2547 sunt
1643 2510 1759 2546 nobis
1777 2522 1784 2546 :
1803 2523 1819 2543 »
1840 2509 1936 2557 quid
1952 2512 2006 2546 est
2021 2509 2207 2557 persequi
2222 2520 2339 2558 super
2348 2520 2460 2547 mon-

1432 2575 1489 2609 tes
1502 2600 1513 2618 ,
1546 2573 1620 2607 nisi
1655 2571 1855 2608 haereticos
1883 2571 2083 2608 catholicis
2111 2571 2311 2608 adversari
2345 2582 2462 2619 super

1436 2634 1664 2671 altissimam
1681 2633 1869 2681 Justitiam
1889 2633 1997 2678 fidei,
2019 2633 2068 2669 de
2089 2643 2168 2680 qua
2189 2633 2390 2670 psalmista
2402 2634 2429 2656 ¹⁰
2451 2645 2459 2669 :

1437 2710 1454 2730 a
1473 2696 1622 2733 lustitia
1642 2699 1727 2740 tua,
1753 2695 1851 2732 sicut
1869 2697 2021 2731 montes
2045 2695 2109 2731 Dei
2123 2695 2141 2730 ⁶?
2155 2708 2172 2729 »
2198 2697 2272 2731 Aut
2291 2694 2388 2742 quid
2407 2695 2462 2731 in-

1434 2758 1568 2794 sidiari
1588 2758 1627 2793 in
1644 2757 1812 2802 deserto,
1837 2756 1911 2792 nisi
1932 2755 2165 2793 calumniari
2183 2755 2223 2792 in
2245 2758 2392 2792 secreto
2412 2755 2461 2792 fi-

1435 2819 1499 2856 dei
1528 2821 1793 2863 sacramento,
1825 2828 1906 2854 non
1936 2817 2066 2854 solum
2095 2816 2286 2853 sensitivis
2313 2816 2464 2854 viribus

1435 2881 1663 2927 inexperto,
1694 2879 1763 2915 sed
1791 2879 1907 2915 etiam
1928 2879 1977 2915 ab
2013 2877 2256 2914 intellectivis
2275 2878 2428 2915 deserto
2445 2879 2462 2914 ἱ)

1435 2942 1543 2979 Tales
1561 2941 1808 2978 insidiatores
1829 2943 1917 2977 sunt
1935 2940 2114 2988 plerique
2139 2939 2464 2987 pseudoprophe-

1435 3006 1505 3048 tae,
1527 3003 1592 3050 qui
1616 3005 1894 3049 comparantur
1913 3002 2126 3048 vulpibus»,
2156 3001 2205 3037 de
2237 3001 2380 3048 quibus
2409 3001 2465 3037 le-

1438 3066 1566 3112 gimus
1586 3065 1611 3087 ¹¹
1634 3077 1642 3101 :
1670 3064 1817 3109 «Quasi
1838 3063 1977 3111 vulpes
2007 3063 2047 3099 111
2078 3062 2240 3099 desertis
2266 3062 2466 3110 prophetae

1436 3127 1518 3171 tui,
1550 3126 1689 3171 lsrael,
1724 3129 1850 3172 erant;
1869 3139 1885 3159 n
1911 3135 2000 3162 ecce
2023 3124 2241 3172 persecutio
2273 3124 2467 3172 prolativa

1437 3188 1624 3236 perfidiae.
1647 3187 1771 3224 Tertia
1800 3186 2018 3234 persecutio
2051 3185 2284 3231 declaratur,
2315 3184 2466 3220 dicente

1438 3249 1586 3297 populo
1607 3260 1675 3286 ore
1694 3248 1922 3296 prophetico
1938 3247 1965 3271 ¹²
1982 3260 1990 3284 :
2008 3260 2025 3281 «
2044 3246 2255 3285 confortati
2273 3247 2375 3291 sunt,
2397 3245 2466 3292 qui

1438 3310 1631 3358 persecuti
1649 3313 1738 3347 sunt
1754 3321 1816 3346 me
1829 3337 1841 3356 ,
1861 3309 2009 3346 inimici
2027 3308 2105 3344 mei
2124 3307 2264 3354 injuste
2279 3333 2291 3352 ,
2314 3319 2332 3341 »
2357 3306 2467 3353 quod

1439 3428 1479 3434 —
1509 3409 1522 3430 8
1550 3410 1558 3439 1
1596 3407 1716 3448 Thess,
1751 3415 1793 3446 ιι,
1830 3408 1885 3446 15,
1922 3408 1968 3436 16.
1999 3422 2040 3427 -
2071 3405 2082 3422 ⁸
2115 3402 2242 3441 leren„
2278 3410 2322 3441 ιν,
2354 3405 2403 3435 19,
2427 3421 2467 3427 -

1443 3458 1466 3478 ¹⁰
1493 3455 1582 3488 Psal.
1612 3462 1716 3494 XXXV,
1740 3456 1771 3484 7.
1801 3470 1840 3476 -
1873 3453 1898 3474 ¹¹
1926 3450 2056 3490 Ezech„
2085 3457 2167 3490 xm,
2194 3451 2225 3481 4.
2252 3467 2292 3474 —
2323 3450 2348 3472 ¹²
2375 3450 2464 3482 Psal.

1442 3510 1566 3541 va111‚
1590 3503 1620 3533 5.

2473 1548 2607 1578 Haeretici

2489 1590 2601 1625 antiqui

2496 1631 2590 1658 hostis

2488 1675 2581 1702 satelli
2587 1689 2597 1695 -

2516 1717 2572 1743 tes.

2480 1767 2615 1796 Haeretici

2484 1809 2602 1845 triplici-

2474 1852 2518 1878 ter
2563 1859 2613 1878 ca·-

2475 1891 2599 1920 tholicos

2503 1933 2582 1961 inse-

2475 1975 2614 2008 quantur.
