<?xml version="1.0" encoding="UTF-8"?>
<!DOCTYPE html PUBLIC "-//W3C//DTD XHTML 1.0 Transitional//EN"
    "http://www.w3.org/TR/xhtml1/DTD/xhtml1-transitional.dtd">
<html xmlns="http://www.w3.org/1999/xhtml" xml:lang="en" lang="en">
 <head>
  <title>
</title>
<meta http-equiv="Content-Type" content="text/html;charset=utf-8" />
  <meta name='ocr-system' content='tesseract 3.04.00' />
  <meta name='ocr-capabilities' content='ocr_page ocr_carea ocr_par ocr_line ocrx_word'/>
</head>
<body>
  <div class='ocr_page' id='page_1' title='image "./operaomniasixtiv09bonauoft/operaomniasixtiv09bonauoft_0730.png"; bbox 0 0 2633 3878; ppageno 0'>
   <div class='ocr_carea' id='block_1_1' title="bbox 223 305 301 344">
    <p class='ocr_par' dir='ltr' id='par_1_1' title="bbox 223 305 301 344">
     <span class='ocr_line' id='line_1_1' title="bbox 223 305 301 344; baseline 0 0"><span class='ocrx_word' id='word_1_1' title='bbox 223 305 301 344; x_wconf 66' lang='lat' dir='ltr'>6ffl3</span> 
     </span>
    </p>
   </div>
   <div class='ocr_carea' id='block_1_2' title="bbox 218 389 1152 3502">
    <p class='ocr_par' dir='ltr' id='par_1_2' title="bbox 221 389 1148 619">
     <span class='ocr_line' id='line_1_2' title="bbox 221 389 1147 433; baseline -0.002 -9"><span class='ocrx_word' id='word_1_2' title='bbox 221 391 271 424; x_wconf 90' lang='lat' dir='ltr'>De</span> <span class='ocrx_word' id='word_1_3' title='bbox 291 389 499 432; x_wconf 83' lang='lat' dir='ltr'>quadruplici</span> <span class='ocrx_word' id='word_1_4' title='bbox 518 398 641 431; x_wconf 77' lang='lat' dir='ltr'>genere</span> <span class='ocrx_word' id='word_1_5' title='bbox 656 389 847 432; x_wconf 88' lang='lat' dir='ltr'>hominum,</span> <span class='ocrx_word' id='word_1_6' title='bbox 862 392 896 423; x_wconf 88' lang='lat' dir='ltr'>et</span> <span class='ocrx_word' id='word_1_7' title='bbox 915 390 962 433; x_wconf 87' lang='grc' dir='ltr'>(α)</span> <span class='ocrx_word' id='word_1_8' title='bbox 975 391 1016 423; x_wconf 90' lang='lat' dir='ltr'>de</span> <span class='ocrx_word' id='word_1_9' title='bbox 1035 399 1147 423; x_wconf 88' lang='lat' dir='ltr'>resur-</span> 
     </span>
     <span class='ocr_line' id='line_1_3' title="bbox 262 437 1145 478; baseline -0.001 -8"><span class='ocrx_word' id='word_1_10' title='bbox 262 438 411 470; x_wconf 85' lang='lat' dir='ltr'>rectione</span> <span class='ocrx_word' id='word_1_11' title='bbox 426 437 645 478; x_wconf 69' lang='lat' dir='ltr'><strong>quadruplici.</strong></span> <span class='ocrx_word' id='word_1_12' title='bbox 662 439 711 470; x_wconf 83' lang='lat' dir='ltr'>Ad</span> <span class='ocrx_word' id='word_1_13' title='bbox 724 438 1008 471; x_wconf 75' lang='lat' dir='ltr'><strong>resurrectionem</strong></span> <span class='ocrx_word' id='word_1_14' title='bbox 1023 438 1145 470; x_wconf 72' lang='lat' dir='ltr'>anima:</span> 
     </span>
     <span class='ocr_line' id='line_1_4' title="bbox 261 485 1146 526; baseline 0 -10"><span class='ocrx_word' id='word_1_15' title='bbox 261 486 326 517; x_wconf 83' lang='lat' dir='ltr'>tria</span> <span class='ocrx_word' id='word_1_16' title='bbox 344 488 421 517; x_wconf 91' lang='lat' dir='ltr'>sunt</span> <span class='ocrx_word' id='word_1_17' title='bbox 437 485 638 517; x_wconf 84' lang='lat' dir='ltr'>necessaria.</span> <span class='ocrx_word' id='word_1_18' title='bbox 659 486 767 523; x_wconf 87' lang='lat' dir='ltr'>Quare</span> <span class='ocrx_word' id='word_1_19' title='bbox 792 486 897 517; x_wconf 85' lang='lat' dir='ltr'>sancti</span> <span class='ocrx_word' id='word_1_20' title='bbox 920 485 1073 518; x_wconf 87' lang='lat' dir='ltr'>dicantur</span> <span class='ocrx_word' id='word_1_21' title='bbox 1092 485 1146 526; x_wconf 87' lang='lat' dir='ltr'>ju—</span> 
     </span>
     <span class='ocr_line' id='line_1_5' title="bbox 262 532 1148 574; baseline 0.001 -11"><span class='ocrx_word' id='word_1_22' title='bbox 262 533 373 564; x_wconf 84' lang='lat' dir='ltr'>dicare</span> <span class='ocrx_word' id='word_1_23' title='bbox 393 532 427 563; x_wconf 91' lang='lat' dir='ltr'>in</span> <span class='ocrx_word' id='word_1_24' title='bbox 446 532 558 564; x_wconf 80' lang='lat' dir='ltr'>futuro</span> <span class='ocrx_word' id='word_1_25' title='bbox 580 543 586 563; x_wconf 93' lang='lat'>:</span> <span class='ocrx_word' id='word_1_26' title='bbox 615 536 755 574; x_wconf 77' lang='lat' dir='ltr'>propter</span> <span class='ocrx_word' id='word_1_27' title='bbox 782 533 856 566; x_wconf 84' lang='lat' dir='ltr'>tria.</span> <span class='ocrx_word' id='word_1_28' title='bbox 879 533 976 571; x_wconf 89' lang='lat' dir='ltr'>Quod</span> <span class='ocrx_word' id='word_1_29' title='bbox 1005 536 1148 574; x_wconf 85' lang='lat' dir='ltr'>quatuor</span> 
     </span>
     <span class='ocr_line' id='line_1_6' title="bbox 262 579 578 619; baseline 0.003 -9"><span class='ocrx_word' id='word_1_30' title='bbox 262 582 340 610; x_wconf 86' lang='lat' dir='ltr'>sunt</span> <span class='ocrx_word' id='word_1_31' title='bbox 357 579 484 619; x_wconf 78' lang='lat' dir='ltr'>judicia</span> <span class='ocrx_word' id='word_1_32' title='bbox 505 579 578 612; x_wconf 84' lang='lat' dir='ltr'>Dei.</span> 
     </span>
    </p>

    <p class='ocr_par' dir='ltr' id='par_1_3' title="bbox 221 624 1146 760">
     <span class='ocr_line' id='line_1_7' title="bbox 221 624 1141 668; baseline 0.001 -12"><span class='ocrx_word' id='word_1_33' title='bbox 221 625 328 664; x_wconf 80' lang='lat' dir='ltr'>Quare</span> <span class='ocrx_word' id='word_1_34' title='bbox 345 628 550 665; x_wconf 79' lang='lat' dir='ltr'>fremuerunt</span> <span class='ocrx_word' id='word_1_35' title='bbox 566 628 697 668; x_wconf 70' lang='lat' dir='ltr'>qentes&#39;,</span> <span class='ocrx_word' id='word_1_36' title='bbox 719 627 843 659; x_wconf 83' lang='lat' dir='ltr'>Psalm.</span> <span class='ocrx_word' id='word_1_37' title='bbox 863 629 894 659; x_wconf 84' lang='lat'>2.</span> <span class='ocrx_word' id='word_1_38' title='bbox 915 627 1075 667; x_wconf 85' lang='lat' dir='ltr'>Congrua</span> <span class='ocrx_word' id='word_1_39' title='bbox 1097 624 1141 666; x_wconf 85' lang='lat' dir='ltr'>(b)</span> 
     </span>
     <span class='ocr_line' id='line_1_8' title="bbox 261 672 1146 715; baseline 0 -11"><span class='ocrx_word' id='word_1_40' title='bbox 261 672 444 705; x_wconf 86' lang='lat' dir='ltr'>similitudo</span> <span class='ocrx_word' id='word_1_41' title='bbox 470 673 683 705; x_wconf 77' lang='lat' dir='ltr'>vinculorum</span> <span class='ocrx_word' id='word_1_42' title='bbox 704 675 746 715; x_wconf 90' lang='lat' dir='ltr'>(c)</span> <span class='ocrx_word' id='word_1_43' title='bbox 767 677 801 706; x_wconf 89' lang='lat' dir='ltr'>et</span> <span class='ocrx_word' id='word_1_44' title='bbox 825 674 1074 706; x_wconf 82' lang='lat' dir='ltr'>mandatorum.</span> <span class='ocrx_word' id='word_1_45' title='bbox 1098 674 1146 705; x_wconf 87' lang='lat' dir='ltr'>De</span> 
     </span>
     <span class='ocr_line' id='line_1_9' title="bbox 257 719 786 760; baseline 0.002 -10"><span class='ocrx_word' id='word_1_46' title='bbox 257 719 338 759; x_wconf 70' lang='lat' dir='ltr'>jugo</span> <span class='ocrx_word' id='word_1_47' title='bbox 360 723 391 751; x_wconf 86' lang='lat' dir='ltr'>et</span> <span class='ocrx_word' id='word_1_48' title='bbox 411 719 619 760; x_wconf 84' lang='lat' dir='ltr'>subjectione</span> <span class='ocrx_word' id='word_1_49' title='bbox 641 721 786 754; x_wconf 76' lang='lat' dir='ltr'>diversa.</span> 
     </span>
    </p>

    <p class='ocr_par' dir='ltr' id='par_1_4' title="bbox 220 766 1147 904">
     <span class='ocr_line' id='line_1_10' title="bbox 220 766 1143 809; baseline 0.002 -12"><span class='ocrx_word' id='word_1_50' title='bbox 220 766 368 798; x_wconf 73' lang='lat' dir='ltr'>Ecclesia</span> <span class='ocrx_word' id='word_1_51' title='bbox 396 767 516 799; x_wconf 88' lang='lat' dir='ltr'>dicitur</span> <span class='ocrx_word' id='word_1_52' title='bbox 543 768 722 800; x_wconf 78' lang='lat' dir='ltr'>haereditas</span> <span class='ocrx_word' id='word_1_53' title='bbox 755 768 877 801; x_wconf 76' lang='lat' dir='ltr'>Christi</span> <span class='ocrx_word' id='word_1_54' title='bbox 904 770 1041 809; x_wconf 86' lang='lat' dir='ltr'>propter</span> <span class='ocrx_word' id='word_1_55' title='bbox 1069 767 1143 800; x_wconf 87' lang='lat' dir='ltr'>tria.</span> 
     </span>
     <span class='ocr_line' id='line_1_11' title="bbox 261 813 1147 857; baseline 0.002 -13"><span class='ocrx_word' id='word_1_56' title='bbox 261 813 394 845; x_wconf 76' lang='lat' dir='ltr'>Electus</span> <span class='ocrx_word' id='word_1_57' title='bbox 420 814 521 846; x_wconf 81' lang='lat' dir='ltr'>debet</span> <span class='ocrx_word' id='word_1_58' title='bbox 546 815 673 847; x_wconf 79' lang='lat' dir='ltr'>servire</span> <span class='ocrx_word' id='word_1_59' title='bbox 701 817 771 847; x_wconf 85' lang='lat' dir='ltr'>Deo</span> <span class='ocrx_word' id='word_1_60' title='bbox 797 818 937 857; x_wconf 86' lang='lat' dir='ltr'>propter</span> <span class='ocrx_word' id='word_1_61' title='bbox 961 815 1035 847; x_wconf 85' lang='lat' dir='ltr'>tria.</span> <span class='ocrx_word' id='word_1_62' title='bbox 1058 816 1147 847; x_wconf 90' lang='lat' dir='ltr'>Deus</span> 
     </span>
     <span class='ocr_line' id='line_1_12' title="bbox 261 860 855 904; baseline 0.007 -13"><span class='ocrx_word' id='word_1_63' title='bbox 261 860 381 892; x_wconf 88' lang='lat' dir='ltr'>dicitur</span> <span class='ocrx_word' id='word_1_64' title='bbox 401 861 531 902; x_wconf 81' lang='lat' dir='ltr'>patiens</span> <span class='ocrx_word' id='word_1_65' title='bbox 553 865 691 903; x_wconf 83' lang='lat' dir='ltr'>propter</span> <span class='ocrx_word' id='word_1_66' title='bbox 710 863 773 895; x_wconf 89' lang='lat' dir='ltr'>tria</span> <span class='ocrx_word' id='word_1_67' title='bbox 797 864 855 904; x_wconf 82' lang='lat' dir='ltr'>(d).</span> 
     </span>
    </p>

    <p class='ocr_par' dir='ltr' id='par_1_5' title="bbox 221 907 1148 1043">
     <span class='ocr_line' id='line_1_13' title="bbox 221 907 1148 952; baseline 0.004 -14"><span class='ocrx_word' id='word_1_68' title='bbox 221 908 316 939; x_wconf 86' lang='lat' dir='ltr'>Dona</span> <span class='ocrx_word' id='word_1_69' title='bbox 335 907 399 939; x_wconf 83' lang='lat' dir='ltr'>alia</span> <span class='ocrx_word' id='word_1_70' title='bbox 416 910 560 950; x_wconf 62' lang='lat' dir='ltr'>naturae,</span> <span class='ocrx_word' id='word_1_71' title='bbox 577 909 640 942; x_wconf 84' lang='lat' dir='ltr'>alia</span> <span class='ocrx_word' id='word_1_72' title='bbox 655 910 773 952; x_wconf 64' lang='lat' dir='ltr'>gratiae</span> <span class='ocrx_word' id='word_1_73' title='bbox 795 912 845 951; x_wconf 93' lang='lat' dir='ltr'>(e).</span> <span class='ocrx_word' id='word_1_74' title='bbox 863 911 973 949; x_wconf 82' lang='lat' dir='ltr'>Quare</span> <span class='ocrx_word' id='word_1_75' title='bbox 988 911 1078 942; x_wconf 86' lang='lat' dir='ltr'>Deus</span> <span class='ocrx_word' id='word_1_76' title='bbox 1094 909 1148 941; x_wconf 89' lang='lat' dir='ltr'>di-</span> 
     </span>
     <span class='ocr_line' id='line_1_14' title="bbox 261 956 1147 999; baseline 0.002 -13"><span class='ocrx_word' id='word_1_77' title='bbox 261 958 354 987; x_wconf 86' lang='lat' dir='ltr'>catur</span> <span class='ocrx_word' id='word_1_78' title='bbox 377 956 488 996; x_wconf 83' lang='lat' dir='ltr'>potius</span> <span class='ocrx_word' id='word_1_79' title='bbox 505 966 579 989; x_wconf 87' lang='lat' dir='ltr'>esse</span> <span class='ocrx_word' id='word_1_80' title='bbox 598 957 632 989; x_wconf 92' lang='lat' dir='ltr'>in</span> <span class='ocrx_word' id='word_1_81' title='bbox 651 958 738 990; x_wconf 89' lang='lat' dir='ltr'>coelo</span> <span class='ocrx_word' id='word_1_82' title='bbox 759 967 862 999; x_wconf 88' lang='lat' dir='ltr'>quam</span> <span class='ocrx_word' id='word_1_83' title='bbox 883 958 980 999; x_wconf 90' lang='lat' dir='ltr'>alibi;</span> <span class='ocrx_word' id='word_1_84' title='bbox 1004 960 1037 989; x_wconf 88' lang='lat' dir='ltr'>ct</span> <span class='ocrx_word' id='word_1_85' title='bbox 1057 956 1147 998; x_wconf 89' lang='lat' dir='ltr'>quod</span> 
     </span>
     <span class='ocr_line' id='line_1_15' title="bbox 259 1002 610 1043; baseline 0.009 -10"><span class='ocrx_word' id='word_1_86' title='bbox 259 1002 382 1043; x_wconf 75' lang='lat' dir='ltr'>triplex</span> <span class='ocrx_word' id='word_1_87' title='bbox 407 1003 447 1034; x_wconf 88' lang='lat' dir='ltr'>sit</span> <span class='ocrx_word' id='word_1_88' title='bbox 473 1004 610 1036; x_wconf 82' lang='lat' dir='ltr'>coelum.</span> 
     </span>
    </p>

    <p class='ocr_par' dir='ltr' id='par_1_6' title="bbox 218 1047 1146 1186">
     <span class='ocr_line' id='line_1_16' title="bbox 218 1047 1145 1091; baseline 0.004 -14"><span class='ocrx_word' id='word_1_89' title='bbox 218 1047 369 1087; x_wconf 81' lang='lat' dir='ltr'><strong><em>Domine,</em></strong></span> <span class='ocrx_word' id='word_1_90' title='bbox 387 1049 470 1090; x_wconf 81' lang='lat' dir='ltr'>quid</span> <span class='ocrx_word' id='word_1_91' title='bbox 496 1050 718 1091; x_wconf 77' lang='lat' dir='ltr'>multiplicati</span> <span class='ocrx_word' id='word_1_92' title='bbox 739 1054 828 1091; x_wconf 79' lang='lat' dir='ltr'>sunt,</span> <span class='ocrx_word' id='word_1_93' title='bbox 850 1052 975 1084; x_wconf 85' lang='lat' dir='ltr'>Psalm.</span> <span class='ocrx_word' id='word_1_94' title='bbox 996 1052 1026 1082; x_wconf 88' lang='lat'>3.</span> <span class='ocrx_word' id='word_1_95' title='bbox 1048 1050 1145 1088; x_wconf 87' lang='lat' dir='ltr'>Quod</span> 
     </span>
     <span class='ocr_line' id='line_1_17' title="bbox 259 1095 1146 1137; baseline 0.002 -11"><span class='ocrx_word' id='word_1_96' title='bbox 259 1095 408 1137; x_wconf 87' lang='lat' dir='ltr'>quinque</span> <span class='ocrx_word' id='word_1_97' title='bbox 422 1097 530 1128; x_wconf 88' lang='lat' dir='ltr'>modis</span> <span class='ocrx_word' id='word_1_98' title='bbox 544 1102 696 1130; x_wconf 87' lang='lat' dir='ltr'>sumatur</span> <span class='ocrx_word' id='word_1_99' title='bbox 707 1100 740 1130; x_wconf 94' lang='lat' dir='ltr'>in</span> <span class='ocrx_word' id='word_1_100' title='bbox 759 1099 892 1131; x_wconf 84' lang='lat' dir='ltr'>Psalmo</span> <span class='ocrx_word' id='word_1_101' title='bbox 910 1098 1035 1130; x_wconf 88' lang='lat' dir='ltr'>titulus.</span> <span class='ocrx_word' id='word_1_102' title='bbox 1049 1097 1146 1135; x_wconf 85' lang='lat' dir='ltr'>Quod</span> 
     </span>
     <span class='ocr_line' id='line_1_18' title="bbox 260 1144 1144 1186; baseline 0.002 -12"><span class='ocrx_word' id='word_1_103' title='bbox 260 1144 350 1175; x_wconf 81' lang='lat' dir='ltr'>Deus</span> <span class='ocrx_word' id='word_1_104' title='bbox 363 1144 516 1185; x_wconf 78' lang='lat' dir='ltr'>providet</span> <span class='ocrx_word' id='word_1_105' title='bbox 526 1145 598 1176; x_wconf 81' lang='lat' dir='ltr'>tria.</span> <span class='ocrx_word' id='word_1_106' title='bbox 612 1147 659 1177; x_wconf 85' lang='lat' dir='ltr'>De</span> <span class='ocrx_word' id='word_1_107' title='bbox 669 1146 949 1186; x_wconf 74' lang='lat' dir='ltr'>multiplicatione</span> <span class='ocrx_word' id='word_1_108' title='bbox 961 1144 1144 1186; x_wconf 84' lang='lat' dir='ltr'>multiplici.</span> 
     </span>
    </p>

    <p class='ocr_par' dir='ltr' id='par_1_7' title="bbox 219 1190 1146 1281">
     <span class='ocr_line' id='line_1_19' title="bbox 219 1190 1146 1234; baseline 0.002 -13"><span class='ocrx_word' id='word_1_109' title='bbox 219 1190 316 1228; x_wconf 86' lang='lat' dir='ltr'>Quod</span> <span class='ocrx_word' id='word_1_110' title='bbox 329 1200 420 1222; x_wconf 85' lang='lat' dir='ltr'>mors</span> <span class='ocrx_word' id='word_1_111' title='bbox 434 1191 556 1222; x_wconf 88' lang='lat' dir='ltr'>Christi</span> <span class='ocrx_word' id='word_1_112' title='bbox 576 1192 619 1231; x_wconf 75' lang='lat' dir='ltr'>(f)</span> <span class='ocrx_word' id='word_1_113' title='bbox 637 1193 833 1225; x_wconf 82' lang='lat' dir='ltr'>dormitioni</span> <span class='ocrx_word' id='word_1_114' title='bbox 851 1195 1080 1234; x_wconf 86' lang='lat' dir='ltr'>comparatur.</span> <span class='ocrx_word' id='word_1_115' title='bbox 1099 1192 1146 1223; x_wconf 85' lang='lat' dir='ltr'>Dc</span> 
     </span>
     <span class='ocr_line' id='line_1_20' title="bbox 259 1238 947 1281; baseline 0.004 -12"><span class='ocrx_word' id='word_1_116' title='bbox 259 1238 389 1270; x_wconf 85' lang='lat' dir='ltr'>cantico</span> <span class='ocrx_word' id='word_1_117' title='bbox 409 1238 546 1270; x_wconf 81' lang='lat' dir='ltr'>Psalmi.</span> <span class='ocrx_word' id='word_1_118' title='bbox 568 1240 615 1271; x_wconf 88' lang='lat' dir='ltr'>De</span> <span class='ocrx_word' id='word_1_119' title='bbox 638 1239 718 1281; x_wconf 83' lang='lat' dir='ltr'>fuga</span> <span class='ocrx_word' id='word_1_120' title='bbox 737 1242 947 1272; x_wconf 86' lang='lat' dir='ltr'>sanctorum.</span> 
     </span>
    </p>

    <p class='ocr_par' dir='ltr' id='par_1_8' title="bbox 220 1286 1149 1517">
     <span class='ocr_line' id='line_1_21' title="bbox 220 1286 1146 1329; baseline 0.002 -11"><span class='ocrx_word' id='word_1_121' title='bbox 220 1286 302 1318; x_wconf 82' lang='lat' dir='ltr'>Cum</span> <span class='ocrx_word' id='word_1_122' title='bbox 322 1287 524 1327; x_wconf 76' lang='lat' dir='ltr'>invocarem,</span> <span class='ocrx_word' id='word_1_123' title='bbox 547 1288 738 1329; x_wconf 69' lang='lat' dir='ltr'>exaudivit,</span> <span class='ocrx_word' id='word_1_124' title='bbox 762 1289 884 1321; x_wconf 81' lang='lat' dir='ltr'>Psalm.</span> <span class='ocrx_word' id='word_1_125' title='bbox 907 1291 937 1322; x_wconf 85' lang='lat'>4.</span> <span class='ocrx_word' id='word_1_126' title='bbox 966 1288 1146 1327; x_wconf 89' lang='lat' dir='ltr'>Quomodo</span> 
     </span>
     <span class='ocr_line' id='line_1_22' title="bbox 259 1333 1149 1377; baseline 0.004 -14"><span class='ocrx_word' id='word_1_127' title='bbox 259 1333 333 1364; x_wconf 84' lang='lat' dir='ltr'>finis</span> <span class='ocrx_word' id='word_1_128' title='bbox 376 1334 520 1366; x_wconf 78' lang='lat' dir='ltr'>diversis</span> <span class='ocrx_word' id='word_1_129' title='bbox 564 1336 675 1367; x_wconf 88' lang='lat' dir='ltr'>modis</span> <span class='ocrx_word' id='word_1_130' title='bbox 715 1336 902 1377; x_wconf 69' lang='lat' dir='ltr'>accipitur?</span> <span class='ocrx_word' id='word_1_131' title='bbox 940 1337 988 1367; x_wconf 89' lang='lat' dir='ltr'>De</span> <span class='ocrx_word' id='word_1_132' title='bbox 1016 1335 1149 1367; x_wconf 84' lang='lat' dir='ltr'>diversa</span> 
     </span>
     <span class='ocr_line' id='line_1_23' title="bbox 258 1380 1146 1423; baseline 0.002 -12"><span class='ocrx_word' id='word_1_133' title='bbox 258 1380 565 1413; x_wconf 76' lang='lat' dir='ltr'>consummatione.</span> <span class='ocrx_word' id='word_1_134' title='bbox 580 1383 666 1420; x_wconf 88' lang='lat' dir='ltr'>Quid</span> <span class='ocrx_word' id='word_1_135' title='bbox 689 1383 857 1423; x_wconf 82' lang='lat' dir='ltr'>significet</span> <span class='ocrx_word' id='word_1_136' title='bbox 874 1382 1078 1423; x_wconf 86' lang='lat' dir='ltr'>Diapsalma.</span> <span class='ocrx_word' id='word_1_137' title='bbox 1095 1382 1146 1415; x_wconf 89' lang='lat' dir='ltr'>Si-</span> 
     </span>
     <span class='ocr_line' id='line_1_24' title="bbox 258 1430 1146 1470; baseline 0.003 -12"><span class='ocrx_word' id='word_1_138' title='bbox 258 1431 398 1467; x_wconf 77' lang='lat' dir='ltr'>gnatum</span> <span class='ocrx_word' id='word_1_139' title='bbox 423 1431 507 1469; x_wconf 85' lang='lat' dir='ltr'>quot</span> <span class='ocrx_word' id='word_1_140' title='bbox 531 1430 641 1461; x_wconf 89' lang='lat' dir='ltr'>modis</span> <span class='ocrx_word' id='word_1_141' title='bbox 662 1431 792 1462; x_wconf 86' lang='lat' dir='ltr'>dicatur</span> <span class='ocrx_word' id='word_1_142' title='bbox 813 1430 863 1470; x_wconf 78' lang='lat' dir='ltr'>(e).</span> <span class='ocrx_word' id='word_1_143' title='bbox 889 1431 1042 1462; x_wconf 75' lang='lat' dir='ltr'>Diversae</span> <span class='ocrx_word' id='word_1_144' title='bbox 1066 1430 1146 1461; x_wconf 90' lang='lat' dir='ltr'>dor·</span> 
     </span>
     <span class='ocr_line' id='line_1_25' title="bbox 258 1475 632 1517; baseline 0.008 -12"><span class='ocrx_word' id='word_1_145' title='bbox 258 1475 385 1506; x_wconf 88' lang='lat' dir='ltr'>miendi</span> <span class='ocrx_word' id='word_1_146' title='bbox 407 1476 559 1507; x_wconf 83' lang='lat' dir='ltr'>rationes</span> <span class='ocrx_word' id='word_1_147' title='bbox 580 1478 632 1517; x_wconf 84' lang='lat' dir='ltr'>(e).</span> 
     </span>
    </p>

    <p class='ocr_par' dir='ltr' id='par_1_9' title="bbox 224 1521 1150 1744">
     <span class='ocr_line' id='line_1_26' title="bbox 224 1521 1146 1566; baseline 0.003 -13"><span class='ocrx_word' id='word_1_148' title='bbox 224 1521 328 1553; x_wconf 71' lang='lat' dir='ltr'>Verba</span> <span class='ocrx_word' id='word_1_149' title='bbox 354 1533 424 1554; x_wconf 81' lang='lat' dir='ltr'>mea</span> <span class='ocrx_word' id='word_1_150' title='bbox 452 1523 591 1555; x_wconf 62' lang='lat' dir='ltr'>&lt;turibus</span> <span class='ocrx_word' id='word_1_151' title='bbox 613 1526 765 1566; x_wconf 79' lang='lat' dir='ltr'>percipe,</span> <span class='ocrx_word' id='word_1_152' title='bbox 787 1525 945 1564; x_wconf 82' lang='lat' dir='ltr'>Domine,</span> <span class='ocrx_word' id='word_1_153' title='bbox 972 1525 1095 1557; x_wconf 87' lang='lat' dir='ltr'>Psalm.</span> <span class='ocrx_word' id='word_1_154' title='bbox 1116 1526 1146 1556; x_wconf 84' lang='lat'>5.</span> 
     </span>
     <span class='ocr_line' id='line_1_27' title="bbox 260 1569 1146 1612; baseline 0.003 -12"><span class='ocrx_word' id='word_1_155' title='bbox 260 1569 411 1601; x_wconf 77' lang='lat' dir='ltr'>Libertas</span> <span class='ocrx_word' id='word_1_156' title='bbox 436 1570 596 1603; x_wconf 83' lang='lat' dir='ltr'>Ecclesiae</span> <span class='ocrx_word' id='word_1_157' title='bbox 623 1572 802 1612; x_wconf 77' lang='lat' dir='ltr'>multiplex</span> <span class='ocrx_word' id='word_1_158' title='bbox 820 1572 873 1612; x_wconf 78' lang='lat' dir='ltr'>(e).</span> <span class='ocrx_word' id='word_1_159' title='bbox 896 1572 994 1609; x_wconf 90' lang='lat' dir='ltr'>Quod</span> <span class='ocrx_word' id='word_1_160' title='bbox 1023 1572 1146 1604; x_wconf 87' lang='lat' dir='ltr'>dicitur</span> 
     </span>
     <span class='ocr_line' id='line_1_28' title="bbox 261 1617 1150 1659; baseline 0.003 -12"><span class='ocrx_word' id='word_1_161' title='bbox 261 1618 352 1647; x_wconf 86' lang='lat' dir='ltr'>Deus</span> <span class='ocrx_word' id='word_1_162' title='bbox 375 1617 511 1657; x_wconf 86' lang='lat' dir='ltr'>proprie</span> <span class='ocrx_word' id='word_1_163' title='bbox 529 1627 602 1649; x_wconf 86' lang='lat' dir='ltr'>esse</span> <span class='ocrx_word' id='word_1_164' title='bbox 623 1621 764 1659; x_wconf 89' lang='lat' dir='ltr'>propter</span> <span class='ocrx_word' id='word_1_165' title='bbox 782 1618 859 1650; x_wconf 88' lang='lat' dir='ltr'>tria.</span> <span class='ocrx_word' id='word_1_166' title='bbox 877 1619 959 1656; x_wconf 83' lang='lat' dir='ltr'>Quae</span> <span class='ocrx_word' id='word_1_167' title='bbox 979 1619 1046 1650; x_wconf 89' lang='lat' dir='ltr'>sint</span> <span class='ocrx_word' id='word_1_168' title='bbox 1063 1628 1150 1659; x_wconf 85' lang='lat' dir='ltr'>prae-</span> 
     </span>
     <span class='ocr_line' id='line_1_29' title="bbox 260 1663 1149 1707; baseline 0.004 -13"><span class='ocrx_word' id='word_1_169' title='bbox 260 1663 406 1695; x_wconf 67' lang='lat' dir='ltr'>videnda</span> <span class='ocrx_word' id='word_1_170' title='bbox 421 1667 498 1696; x_wconf 86' lang='lat' dir='ltr'>ante</span> <span class='ocrx_word' id='word_1_171' title='bbox 515 1665 775 1698; x_wconf 66' lang='lat' dir='ltr'>aedificationem</span> <span class='ocrx_word' id='word_1_172' title='bbox 795 1666 856 1707; x_wconf 78' lang='lat'>(9).</span> <span class='ocrx_word' id='word_1_173' title='bbox 872 1666 1084 1703; x_wconf 79' lang='lat' dir='ltr'>Quadrifaria</span> <span class='ocrx_word' id='word_1_174' title='bbox 1101 1666 1149 1698; x_wconf 92' lang='lat' dir='ltr'>di-</span> 
     </span>
     <span class='ocr_line' id='line_1_30' title="bbox 259 1711 544 1744; baseline 0.011 -3"><span class='ocrx_word' id='word_1_175' title='bbox 259 1711 346 1742; x_wconf 63' lang='grc'><strong>111510</strong></span> <span class='ocrx_word' id='word_1_176' title='bbox 375 1711 544 1744; x_wconf 59' lang='lat' dir='ltr'>Ecclesiae.</span> 
     </span>
    </p>

    <p class='ocr_par' dir='ltr' id='par_1_10' title="bbox 220 1758 1152 1939">
     <span class='ocr_line' id='line_1_31' title="bbox 220 1758 1148 1800; baseline 0.003 -11"><span class='ocrx_word' id='word_1_177' title='bbox 220 1758 377 1796; x_wconf 83' lang='lat' dir='ltr'>Domine,</span> <span class='ocrx_word' id='word_1_178' title='bbox 407 1768 446 1790; x_wconf 82' lang='lat' dir='ltr'>ne</span> <span class='ocrx_word' id='word_1_179' title='bbox 475 1759 508 1789; x_wconf 83' lang='lat' dir='ltr'>in</span> <span class='ocrx_word' id='word_1_180' title='bbox 538 1759 652 1799; x_wconf 79' lang='lat' dir='ltr'>furore</span> <span class='ocrx_word' id='word_1_181' title='bbox 683 1762 762 1800; x_wconf 83' lang='lat' dir='ltr'>tuo,</span> <span class='ocrx_word' id='word_1_182' title='bbox 788 1760 908 1792; x_wconf 88' lang='lat' dir='ltr'>Psalm.</span> <span class='ocrx_word' id='word_1_183' title='bbox 943 1762 972 1792; x_wconf 90' lang='lat'>6.</span> <span class='ocrx_word' id='word_1_184' title='bbox 1004 1759 1148 1798; x_wconf 84' lang='lat' dir='ltr'>Quidam</span> 
     </span>
     <span class='ocr_line' id='line_1_32' title="bbox 260 1805 1152 1848; baseline 0.004 -13"><span class='ocrx_word' id='word_1_185' title='bbox 260 1805 379 1845; x_wconf 77' lang='lat' dir='ltr'>psalmi</span> <span class='ocrx_word' id='word_1_186' title='bbox 404 1809 484 1838; x_wconf 86' lang='lat' dir='ltr'>sunt</span> <span class='ocrx_word' id='word_1_187' title='bbox 511 1806 715 1847; x_wconf 83' lang='lat' dir='ltr'>historiales,</span> <span class='ocrx_word' id='word_1_188' title='bbox 740 1807 1004 1848; x_wconf 84' lang='lat' dir='ltr'>poenitentiales,</span> <span class='ocrx_word' id='word_1_189' title='bbox 1023 1816 1152 1848; x_wconf 81' lang='lat' dir='ltr'>praeco·</span> 
     </span>
     <span class='ocr_line' id='line_1_33' title="bbox 259 1853 1148 1891; baseline 0.003 -9"><span class='ocrx_word' id='word_1_190' title='bbox 259 1853 386 1891; x_wconf 84' lang='lat' dir='ltr'>males,</span> <span class='ocrx_word' id='word_1_191' title='bbox 417 1853 644 1885; x_wconf 72' lang='lat' dir='ltr'>medicinales.</span> <span class='ocrx_word' id='word_1_192' title='bbox 676 1854 774 1890; x_wconf 87' lang='lat' dir='ltr'>Quod</span> <span class='ocrx_word' id='word_1_193' title='bbox 794 1854 900 1885; x_wconf 87' lang='lat' dir='ltr'>trihus</span> <span class='ocrx_word' id='word_1_194' title='bbox 929 1854 1040 1885; x_wconf 88' lang='lat' dir='ltr'>modis</span> <span class='ocrx_word' id='word_1_195' title='bbox 1058 1854 1148 1885; x_wconf 87' lang='lat' dir='ltr'>Deus</span> 
     </span>
     <span class='ocr_line' id='line_1_34' title="bbox 259 1899 1042 1939; baseline 0.004 -9"><span class='ocrx_word' id='word_1_196' title='bbox 259 1899 389 1931; x_wconf 89' lang='lat' dir='ltr'>homini</span> <span class='ocrx_word' id='word_1_197' title='bbox 413 1900 603 1932; x_wconf 70' lang='lat' dir='ltr'>misci-etur.</span> <span class='ocrx_word' id='word_1_198' title='bbox 628 1901 738 1939; x_wconf 85' lang='lat' dir='ltr'>Mors,</span> <span class='ocrx_word' id='word_1_199' title='bbox 758 1902 848 1933; x_wconf 88' lang='lat' dir='ltr'>unde</span> <span class='ocrx_word' id='word_1_200' title='bbox 875 1904 1042 1934; x_wconf 87' lang='lat' dir='ltr'>mortuus.</span> 
     </span>
    </p>

    <p class='ocr_par' dir='ltr' id='par_1_11' title="bbox 220 1948 1150 2178">
     <span class='ocr_line' id='line_1_35' title="bbox 220 1948 1148 1989; baseline 0.002 -11"><span class='ocrx_word' id='word_1_201' title='bbox 220 1948 358 1978; x_wconf 78' lang='lat' dir='ltr'>Domine</span> <span class='ocrx_word' id='word_1_202' title='bbox 378 1948 465 1978; x_wconf 66' lang='lat' dir='ltr'>Deus·</span> <span class='ocrx_word' id='word_1_203' title='bbox 483 1957 585 1987; x_wconf 69' lang='lat' dir='ltr'>meus,</span> <span class='ocrx_word' id='word_1_204' title='bbox 604 1949 639 1978; x_wconf 87' lang='lat' dir='ltr'>in</span> <span class='ocrx_word' id='word_1_205' title='bbox 658 1950 689 1979; x_wconf 78' lang='lat' dir='ltr'>te</span> <span class='ocrx_word' id='word_1_206' title='bbox 707 1949 850 1989; x_wconf 74' lang='lat' dir='ltr'>speravi,</span> <span class='ocrx_word' id='word_1_207' title='bbox 869 1949 991 1980; x_wconf 85' lang='lat' dir='ltr'>Psalm.</span> <span class='ocrx_word' id='word_1_208' title='bbox 1010 1951 1040 1979; x_wconf 85' lang='lat'>7.</span> <span class='ocrx_word' id='word_1_209' title='bbox 1060 1949 1148 1986; x_wconf 91' lang='lat' dir='ltr'>Quo-</span> 
     </span>
     <span class='ocr_line' id='line_1_36' title="bbox 259 1994 1148 2035; baseline 0.002 -10"><span class='ocrx_word' id='word_1_210' title='bbox 259 1994 362 2025; x_wconf 85' lang='lat' dir='ltr'>modo</span> <span class='ocrx_word' id='word_1_211' title='bbox 381 1994 485 2025; x_wconf 73' lang='lat' dir='ltr'>David</span> <span class='ocrx_word' id='word_1_212' title='bbox 499 2004 560 2034; x_wconf 84' lang='lat' dir='ltr'>per</span> <span class='ocrx_word' id='word_1_213' title='bbox 575 1995 746 2035; x_wconf 78' lang='lat' dir='ltr'>planctum</span> <span class='ocrx_word' id='word_1_214' title='bbox 761 2004 898 2027; x_wconf 88' lang='lat' dir='ltr'>omnem</span> <span class='ocrx_word' id='word_1_215' title='bbox 912 1995 1024 2035; x_wconf 76' lang='lat' dir='ltr'>legem</span> <span class='ocrx_word' id='word_1_216' title='bbox 1040 1996 1148 2027; x_wconf 84' lang='lat' dir='ltr'>adim-</span> 
     </span>
     <span class='ocr_line' id='line_1_37' title="bbox 260 2041 1150 2084; baseline 0.002 -12"><span class='ocrx_word' id='word_1_217' title='bbox 260 2041 413 2082; x_wconf 81' lang='lat' dir='ltr'>pleverit.</span> <span class='ocrx_word' id='word_1_218' title='bbox 427 2042 506 2073; x_wconf 88' lang='lat' dir='ltr'>Tres</span> <span class='ocrx_word' id='word_1_219' title='bbox 524 2042 822 2084; x_wconf 86' lang='lat' dir='ltr'>statusjustorum,</span> <span class='ocrx_word' id='word_1_220' title='bbox 837 2043 1065 2084; x_wconf 78' lang='lat' dir='ltr'>poenitentiae,</span> <span class='ocrx_word' id='word_1_221' title='bbox 1082 2043 1150 2084; x_wconf 87' lang='lat' dir='ltr'>jus-</span> 
     </span>
     <span class='ocr_line' id='line_1_38' title="bbox 261 2088 1148 2131; baseline 0.002 -12"><span class='ocrx_word' id='word_1_222' title='bbox 261 2089 341 2120; x_wconf 75' lang='lat' dir='ltr'>titiae</span> <span class='ocrx_word' id='word_1_223' title='bbox 362 2091 395 2120; x_wconf 91' lang='lat' dir='ltr'>et</span> <span class='ocrx_word' id='word_1_224' title='bbox 422 2088 537 2129; x_wconf 69' lang='lat' dir='ltr'>gloria}</span> <span class='ocrx_word' id='word_1_225' title='bbox 561 2089 619 2130; x_wconf 76' lang='lat' dir='ltr'>(n).</span> <span class='ocrx_word' id='word_1_226' title='bbox 643 2090 820 2122; x_wconf 75' lang='lat' dir='ltr'>Confessio</span> <span class='ocrx_word' id='word_1_227' title='bbox 848 2090 955 2122; x_wconf 88' lang='lat' dir='ltr'>laudis</span> <span class='ocrx_word' id='word_1_228' title='bbox 973 2090 1009 2121; x_wconf 89' lang='lat' dir='ltr'>in</span> <span class='ocrx_word' id='word_1_229' title='bbox 1029 2089 1148 2131; x_wconf 89' lang='lat' dir='ltr'>tribus,</span> 
     </span>
     <span class='ocr_line' id='line_1_39' title="bbox 262 2136 819 2178; baseline 0.005 -11"><span class='ocrx_word' id='word_1_230' title='bbox 262 2139 295 2168; x_wconf 85' lang='lat' dir='ltr'>et</span> <span class='ocrx_word' id='word_1_231' title='bbox 313 2136 466 2168; x_wconf 86' lang='lat' dir='ltr'>similiter</span> <span class='ocrx_word' id='word_1_232' title='bbox 488 2137 660 2169; x_wconf 84' lang='lat' dir='ltr'>confessio</span> <span class='ocrx_word' id='word_1_233' title='bbox 677 2139 819 2178; x_wconf 87' lang='lat' dir='ltr'>peccati.</span> 
     </span>
    </p>

    <p class='ocr_par' dir='ltr' id='par_1_12' title="bbox 221 2185 1149 2311">
     <span class='ocr_line' id='line_1_40' title="bbox 221 2185 1149 2224; baseline 0.002 -8"><span class='ocrx_word' id='word_1_234' title='bbox 221 2185 358 2216; x_wconf 79' lang='lat' dir='ltr'>Domine</span> <span class='ocrx_word' id='word_1_235' title='bbox 379 2185 538 2216; x_wconf 79' lang='lat' dir='ltr'>Dominus</span> <span class='ocrx_word' id='word_1_236' title='bbox 566 2189 685 2224; x_wconf 72' lang='lat' dir='ltr'>noster,</span> <span class='ocrx_word' id='word_1_237' title='bbox 710 2186 834 2218; x_wconf 87' lang='lat' dir='ltr'>Psalm.</span> <span class='ocrx_word' id='word_1_238' title='bbox 861 2188 893 2218; x_wconf 89' lang='lat'>8.</span> <span class='ocrx_word' id='word_1_239' title='bbox 923 2187 971 2218; x_wconf 87' lang='lat' dir='ltr'>De</span> <span class='ocrx_word' id='word_1_240' title='bbox 991 2185 1149 2218; x_wconf 79' lang='lat' dir='ltr'>torculari</span> 
     </span>
     <span class='ocr_line' id='line_1_41' title="bbox 262 2232 1146 2275; baseline 0.002 -12"><span class='ocrx_word' id='word_1_241' title='bbox 262 2232 418 2263; x_wconf 82' lang='lat' dir='ltr'>Ecclesiae</span> <span class='ocrx_word' id='word_1_242' title='bbox 445 2234 497 2271; x_wconf 78' lang='lat' dir='ltr'>(e).</span> <span class='ocrx_word' id='word_1_243' title='bbox 518 2233 650 2274; x_wconf 80' lang='lat' dir='ltr'>Duplex</span> <span class='ocrx_word' id='word_1_244' title='bbox 680 2234 849 2275; x_wconf 78' lang='lat' dir='ltr'>separatio</span> <span class='ocrx_word' id='word_1_245' title='bbox 870 2234 907 2266; x_wconf 88' lang='lat' dir='ltr'>fit</span> <span class='ocrx_word' id='word_1_246' title='bbox 928 2234 964 2265; x_wconf 88' lang='lat' dir='ltr'>in</span> <span class='ocrx_word' id='word_1_247' title='bbox 987 2233 1146 2271; x_wconf 82' lang='lat' dir='ltr'>Ecclesia,</span> 
     </span>
     <span class='ocr_line' id='line_1_42' title="bbox 261 2279 537 2311; baseline 0.004 -1"><span class='ocrx_word' id='word_1_248' title='bbox 261 2279 375 2311; x_wconf 89' lang='lat' dir='ltr'>animo</span> <span class='ocrx_word' id='word_1_249' title='bbox 397 2282 429 2310; x_wconf 87' lang='lat' dir='ltr'>et</span> <span class='ocrx_word' id='word_1_250' title='bbox 447 2279 537 2311; x_wconf 89' lang='lat' dir='ltr'>loco.</span> 
     </span>
    </p>

    <p class='ocr_par' dir='ltr' id='par_1_13' title="bbox 220 2326 1150 2546">
     <span class='ocr_line' id='line_1_43' title="bbox 220 2326 1146 2368; baseline 0.003 -12"><span class='ocrx_word' id='word_1_251' title='bbox 220 2326 354 2358; x_wconf 70' lang='lat' dir='ltr'>Nomen</span> <span class='ocrx_word' id='word_1_252' title='bbox 374 2326 510 2358; x_wconf 90' lang='lat' dir='ltr'>Domini</span> <span class='ocrx_word' id='word_1_253' title='bbox 529 2326 663 2359; x_wconf 87' lang='lat' dir='ltr'>diverse</span> <span class='ocrx_word' id='word_1_254' title='bbox 679 2327 854 2368; x_wconf 85' lang='lat' dir='ltr'>accipitur.</span> <span class='ocrx_word' id='word_1_255' title='bbox 883 2327 971 2365; x_wconf 87' lang='lat' dir='ltr'>Quid</span> <span class='ocrx_word' id='word_1_256' title='bbox 998 2337 1060 2368; x_wconf 90' lang='lat' dir='ltr'>per</span> <span class='ocrx_word' id='word_1_257' title='bbox 1083 2327 1146 2368; x_wconf 87' lang='lat' dir='ltr'>lac,</span> 
     </span>
     <span class='ocr_line' id='line_1_44' title="bbox 261 2373 1149 2415; baseline 0.002 -11"><span class='ocrx_word' id='word_1_258' title='bbox 261 2373 420 2414; x_wconf 66' lang='lat' dir='ltr'>butyrum</span> <span class='ocrx_word' id='word_1_259' title='bbox 437 2376 470 2405; x_wconf 86' lang='lat' dir='ltr'>et</span> <span class='ocrx_word' id='word_1_260' title='bbox 488 2373 555 2404; x_wconf 90' lang='lat' dir='ltr'>mel</span> <span class='ocrx_word' id='word_1_261' title='bbox 569 2373 794 2415; x_wconf 70' lang='lat' dir='ltr'>intelligitur?</span> <span class='ocrx_word' id='word_1_262' title='bbox 812 2375 909 2412; x_wconf 91' lang='lat' dir='ltr'>Quod</span> <span class='ocrx_word' id='word_1_263' title='bbox 929 2375 1045 2406; x_wconf 82' lang='lat' dir='ltr'>Romae</span> <span class='ocrx_word' id='word_1_264' title='bbox 1065 2375 1149 2406; x_wconf 87' lang='lat' dir='ltr'>anti-</span> 
     </span>
     <span class='ocr_line' id='line_1_45' title="bbox 263 2420 1149 2462; baseline 0.003 -12"><span class='ocrx_word' id='word_1_265' title='bbox 263 2421 375 2461; x_wconf 84' lang='lat' dir='ltr'>quitus</span> <span class='ocrx_word' id='word_1_266' title='bbox 405 2423 474 2452; x_wconf 83' lang='lat' dir='ltr'>tres</span> <span class='ocrx_word' id='word_1_267' title='bbox 500 2420 626 2452; x_wconf 86' lang='lat' dir='ltr'>fiebant</span> <span class='ocrx_word' id='word_1_268' title='bbox 657 2421 889 2453; x_wconf 79' lang='lat' dir='ltr'>solemnitates</span> <span class='ocrx_word' id='word_1_269' title='bbox 919 2421 1149 2462; x_wconf 74' lang='lat' dir='ltr'>principale5‚</span> 
     </span>
     <span class='ocr_line' id='line_1_46' title="bbox 262 2468 1150 2509; baseline 0.001 -10"><span class='ocrx_word' id='word_1_270' title='bbox 262 2476 338 2508; x_wconf 78' lang='lat' dir='ltr'>quae</span> <span class='ocrx_word' id='word_1_271' title='bbox 370 2471 566 2500; x_wconf 89' lang='lat' dir='ltr'>nostrorum</span> <span class='ocrx_word' id='word_1_272' title='bbox 598 2471 792 2509; x_wconf 86' lang='lat' dir='ltr'>temporum</span> <span class='ocrx_word' id='word_1_273' title='bbox 820 2469 857 2509; x_wconf 83' lang='lat' dir='ltr'>(i)</span> <span class='ocrx_word' id='word_1_274' title='bbox 882 2468 990 2500; x_wconf 87' lang='lat' dir='ltr'>tribus</span> <span class='ocrx_word' id='word_1_275' title='bbox 1018 2477 1150 2501; x_wconf 85' lang='lat' dir='ltr'>conve-</span> 
     </span>
     <span class='ocr_line' id='line_1_47' title="bbox 262 2515 370 2546; baseline 0.009 -1"><span class='ocrx_word' id='word_1_276' title='bbox 262 2515 370 2546; x_wconf 91' lang='lat' dir='ltr'>niunt.</span> 
     </span>
    </p>

    <p class='ocr_par' dir='ltr' id='par_1_14' title="bbox 221 2562 1150 2700">
     <span class='ocr_line' id='line_1_48' title="bbox 221 2562 1148 2604; baseline 0.001 -10"><span class='ocrx_word' id='word_1_277' title='bbox 221 2562 409 2603; x_wconf 68' lang='lat' dir='ltr'>Confitebor</span> <span class='ocrx_word' id='word_1_278' title='bbox 421 2562 494 2603; x_wconf 82' lang='lat' dir='ltr'>tibi,</span> <span class='ocrx_word' id='word_1_279' title='bbox 509 2563 660 2602; x_wconf 86' lang='lat' dir='ltr'>Domine,</span> <span class='ocrx_word' id='word_1_280' title='bbox 675 2564 710 2594; x_wconf 85' lang='lat' dir='ltr'>in</span> <span class='ocrx_word' id='word_1_281' title='bbox 731 2564 796 2594; x_wconf 79' lang='lat' dir='ltr'>loto</span> <span class='ocrx_word' id='word_1_282' title='bbox 811 2563 907 2595; x_wconf 64' lang='lat' dir='ltr'>coi-cle</span> <span class='ocrx_word' id='word_1_283' title='bbox 920 2573 1002 2604; x_wconf 83' lang='lat' dir='ltr'>meo,</span> <span class='ocrx_word' id='word_1_284' title='bbox 1016 2563 1102 2596; x_wconf 88' lang='lat' dir='ltr'>Psal.</span> <span class='ocrx_word' id='word_1_285' title='bbox 1116 2566 1148 2596; x_wconf 88' lang='grc'>9.</span> 
     </span>
     <span class='ocr_line' id='line_1_49' title="bbox 263 2610 1150 2652; baseline 0.001 -11"><span class='ocrx_word' id='word_1_286' title='bbox 263 2610 479 2651; x_wconf 80' lang='lat' dir='ltr'>Quadruplex</span> <span class='ocrx_word' id='word_1_287' title='bbox 500 2610 623 2642; x_wconf 81' lang='lat' dir='ltr'>Christi</span> <span class='ocrx_word' id='word_1_288' title='bbox 642 2611 820 2643; x_wconf 88' lang='lat' dir='ltr'>adventus.</span> <span class='ocrx_word' id='word_1_289' title='bbox 836 2610 993 2643; x_wconf 87' lang='lat' dir='ltr'>Thronus</span> <span class='ocrx_word' id='word_1_290' title='bbox 1009 2611 1091 2652; x_wconf 91' lang='lat' dir='ltr'>quid</span> <span class='ocrx_word' id='word_1_291' title='bbox 1107 2610 1150 2642; x_wconf 90' lang='lat' dir='ltr'>si-</span> 
     </span>
     <span class='ocr_line' id='line_1_50' title="bbox 263 2657 473 2700; baseline -0.005 -10"><span class='ocrx_word' id='word_1_292' title='bbox 263 2658 398 2700; x_wconf 74' lang='lat' dir='ltr'>gnificet</span> <span class='ocrx_word' id='word_1_293' title='bbox 419 2657 473 2697; x_wconf 88' lang='lat' dir='ltr'>(e).</span> 
     </span>
    </p>

    <p class='ocr_par' dir='ltr' id='par_1_15' title="bbox 222 2703 1150 2934">
     <span class='ocr_line' id='line_1_51' title="bbox 222 2703 1150 2747; baseline -0.002 -9"><span class='ocrx_word' id='word_1_294' title='bbox 222 2707 270 2738; x_wconf 88' lang='lat' dir='ltr'>De</span> <span class='ocrx_word' id='word_1_295' title='bbox 284 2706 364 2747; x_wconf 83' lang='lat' dir='ltr'>suga</span> <span class='ocrx_word' id='word_1_296' title='bbox 380 2705 568 2746; x_wconf 82' lang='lat' dir='ltr'>multiplici,</span> <span class='ocrx_word' id='word_1_297' title='bbox 582 2707 615 2737; x_wconf 92' lang='lat' dir='ltr'>et</span> <span class='ocrx_word' id='word_1_298' title='bbox 634 2705 769 2737; x_wconf 83' lang='lat' dir='ltr'>diversa</span> <span class='ocrx_word' id='word_1_299' title='bbox 785 2706 995 2746; x_wconf 87' lang='lat' dir='ltr'>paupertate.</span> <span class='ocrx_word' id='word_1_300' title='bbox 1014 2703 1150 2745; x_wconf 86' lang='lat' dir='ltr'>Triplex</span> 
     </span>
     <span class='ocr_line' id='line_1_52' title="bbox 263 2752 1150 2794; baseline -0.002 -9"><span class='ocrx_word' id='word_1_301' title='bbox 263 2757 397 2794; x_wconf 84' lang='lat' dir='ltr'>patrum</span> <span class='ocrx_word' id='word_1_302' title='bbox 416 2753 643 2791; x_wconf 84' lang='lat' dir='ltr'>desiderium,</span> <span class='ocrx_word' id='word_1_303' title='bbox 670 2756 709 2784; x_wconf 86' lang='lat' dir='ltr'>ut</span> <span class='ocrx_word' id='word_1_304' title='bbox 733 2752 907 2793; x_wconf 80' lang='lat' dir='ltr'>fruantur,</span> <span class='ocrx_word' id='word_1_305' title='bbox 929 2755 965 2784; x_wconf 89' lang='lat' dir='ltr'>ut</span> <span class='ocrx_word' id='word_1_306' title='bbox 991 2752 1150 2784; x_wconf 86' lang='lat' dir='ltr'>uniantur</span> 
     </span>
     <span class='ocr_line' id='line_1_53' title="bbox 263 2799 1149 2840; baseline -0.002 -8"><span class='ocrx_word' id='word_1_307' title='bbox 263 2802 348 2840; x_wconf 90' lang='lat' dir='ltr'>Deo,</span> <span class='ocrx_word' id='word_1_308' title='bbox 369 2805 406 2832; x_wconf 87' lang='lat' dir='ltr'>ut</span> <span class='ocrx_word' id='word_1_309' title='bbox 434 2800 618 2832; x_wconf 87' lang='lat' dir='ltr'>liberentur</span> <span class='ocrx_word' id='word_1_310' title='bbox 647 2809 668 2831; x_wconf 89' lang='lat' dir='ltr'>a</span> <span class='ocrx_word' id='word_1_311' title='bbox 696 2799 786 2831; x_wconf 86' lang='lat' dir='ltr'>malo</span> <span class='ocrx_word' id='word_1_312' title='bbox 813 2799 947 2840; x_wconf 88' lang='lat' dir='ltr'>triplici.</span> <span class='ocrx_word' id='word_1_313' title='bbox 975 2799 1054 2831; x_wconf 85' lang='lat' dir='ltr'>Dies</span> <span class='ocrx_word' id='word_1_314' title='bbox 1081 2800 1149 2831; x_wconf 92' lang='lat' dir='ltr'>Do-</span> 
     </span>
     <span class='ocr_line' id='line_1_54' title="bbox 264 2846 1150 2888; baseline -0.001 -9"><span class='ocrx_word' id='word_1_315' title='bbox 264 2848 347 2879; x_wconf 86' lang='lat' dir='ltr'>mini</span> <span class='ocrx_word' id='word_1_316' title='bbox 363 2847 472 2888; x_wconf 88' lang='lat' dir='ltr'>primo</span> <span class='ocrx_word' id='word_1_317' title='bbox 486 2847 650 2887; x_wconf 89' lang='lat' dir='ltr'>occultus,</span> <span class='ocrx_word' id='word_1_318' title='bbox 662 2847 785 2877; x_wconf 88' lang='lat' dir='ltr'>deinde</span> <span class='ocrx_word' id='word_1_319' title='bbox 802 2846 1002 2878; x_wconf 83' lang='lat' dir='ltr'>manifestus</span> <span class='ocrx_word' id='word_1_320' title='bbox 1019 2847 1070 2888; x_wconf 81' lang='lat' dir='ltr'>(e).</span> <span class='ocrx_word' id='word_1_321' title='bbox 1086 2847 1150 2878; x_wconf 93' lang='lat' dir='ltr'>Po-</span> 
     </span>
     <span class='ocr_line' id='line_1_55' title="bbox 265 2893 921 2934; baseline -0.003 -8"><span class='ocrx_word' id='word_1_322' title='bbox 265 2895 370 2926; x_wconf 80' lang='lat' dir='ltr'>tentia</span> <span class='ocrx_word' id='word_1_323' title='bbox 385 2894 508 2926; x_wconf 80' lang='lat' dir='ltr'>Christi</span> <span class='ocrx_word' id='word_1_324' title='bbox 526 2893 618 2925; x_wconf 80' lang='lat' dir='ltr'>varie</span> <span class='ocrx_word' id='word_1_325' title='bbox 638 2893 829 2925; x_wconf 86' lang='lat' dir='ltr'>ostenditur</span> <span class='ocrx_word' id='word_1_326' title='bbox 851 2894 888 2934; x_wconf 83' lang='lat' dir='ltr'>(e)</span> <span class='ocrx_word' id='word_1_327' title='bbox 897 2894 921 2934; x_wconf 64' lang='grc' dir='ltr'>,ἶ</span> 
     </span>
    </p>

    <p class='ocr_par' dir='ltr' id='par_1_16' title="bbox 225 2941 1036 2982">
     <span class='ocr_line' id='line_1_56' title="bbox 225 2941 1036 2982; baseline -0.002 -7"><span class='ocrx_word' id='word_1_328' title='bbox 225 2944 263 2975; x_wconf 86' lang='lat' dir='ltr'>In</span> <span class='ocrx_word' id='word_1_329' title='bbox 281 2943 422 2974; x_wconf 81' lang='lat' dir='ltr'>Domino</span> <span class='ocrx_word' id='word_1_330' title='bbox 440 2941 577 2982; x_wconf 80' lang='lat' dir='ltr'>confido,</span> <span class='ocrx_word' id='word_1_331' title='bbox 605 2941 728 2974; x_wconf 87' lang='lat' dir='ltr'>Psalm.</span> <span class='ocrx_word' id='word_1_332' title='bbox 751 2945 803 2973; x_wconf 78' lang='lat'>1⁰.</span> <span class='ocrx_word' id='word_1_333' title='bbox 826 2942 873 2973; x_wconf 86' lang='lat' dir='ltr'>Dc</span> <span class='ocrx_word' id='word_1_334' title='bbox 896 2941 1036 2973; x_wconf 79' lang='lat' dir='ltr'>octavis,</span> 
     </span>
    </p>

    <p class='ocr_par' dir='ltr' id='par_1_17' title="bbox 225 2988 1150 3265">
     <span class='ocr_line' id='line_1_57' title="bbox 225 2988 1147 3031; baseline -0.004 -9"><span class='ocrx_word' id='word_1_335' title='bbox 225 2989 418 3031; x_wconf 83' lang='lat' dir='ltr'>Quotuplici</span> <span class='ocrx_word' id='word_1_336' title='bbox 431 2990 534 3021; x_wconf 89' lang='lat' dir='ltr'>modo</span> <span class='ocrx_word' id='word_1_337' title='bbox 544 2991 745 3020; x_wconf 85' lang='lat' dir='ltr'>censeantur</span> <span class='ocrx_word' id='word_1_338' title='bbox 765 2988 920 3020; x_wconf 88' lang='lat' dir='ltr'>membra</span> <span class='ocrx_word' id='word_1_339' title='bbox 939 2988 1076 3029; x_wconf 87' lang='lat' dir='ltr'>putrida</span> <span class='ocrx_word' id='word_1_340' title='bbox 1095 2988 1147 3029; x_wconf 88' lang='lat' dir='ltr'>(e).</span> 
     </span>
     <span class='ocr_line' id='line_1_58' title="bbox 266 3035 1150 3076; baseline -0.001 -8"><span class='ocrx_word' id='word_1_341' title='bbox 266 3037 414 3069; x_wconf 84' lang='lat' dir='ltr'>Diversis</span> <span class='ocrx_word' id='word_1_342' title='bbox 432 3036 542 3068; x_wconf 89' lang='lat' dir='ltr'>modis</span> <span class='ocrx_word' id='word_1_343' title='bbox 553 3035 611 3067; x_wconf 88' lang='lat' dir='ltr'>dat</span> <span class='ocrx_word' id='word_1_344' title='bbox 623 3036 724 3066; x_wconf 86' lang='lat' dir='ltr'>Deus.</span> <span class='ocrx_word' id='word_1_345' title='bbox 740 3035 892 3066; x_wconf 86' lang='lat' dir='ltr'>Christus</span> <span class='ocrx_word' id='word_1_346' title='bbox 907 3035 1031 3066; x_wconf 87' lang='lat' dir='ltr'>dicitur</span> <span class='ocrx_word' id='word_1_347' title='bbox 1039 3035 1150 3076; x_wconf 81' lang='lat' dir='ltr'>justus</span> 
     </span>
     <span class='ocr_line' id='line_1_59' title="bbox 265 3082 1150 3123; baseline -0.002 -7"><span class='ocrx_word' id='word_1_348' title='bbox 265 3083 533 3116; x_wconf 78' lang='lat' dir='ltr'>antonomastice</span> <span class='ocrx_word' id='word_1_349' title='bbox 565 3084 706 3123; x_wconf 90' lang='lat' dir='ltr'>propter</span> <span class='ocrx_word' id='word_1_350' title='bbox 733 3082 808 3113; x_wconf 83' lang='lat' dir='ltr'>tria.</span> <span class='ocrx_word' id='word_1_351' title='bbox 837 3082 1001 3113; x_wconf 85' lang='lat' dir='ltr'>Dominus</span> <span class='ocrx_word' id='word_1_352' title='bbox 1022 3083 1150 3114; x_wconf 86' lang='lat' dir='ltr'>habitat</span> 
     </span>
     <span class='ocr_line' id='line_1_60' title="bbox 267 3129 1149 3172; baseline -0.003 -9"><span class='ocrx_word' id='word_1_353' title='bbox 267 3132 302 3163; x_wconf 85' lang='lat' dir='ltr'>in</span> <span class='ocrx_word' id='word_1_354' title='bbox 314 3132 460 3163; x_wconf 85' lang='lat' dir='ltr'>habente</span> <span class='ocrx_word' id='word_1_355' title='bbox 479 3133 635 3172; x_wconf 84' lang='lat' dir='ltr'>quatuor.</span> <span class='ocrx_word' id='word_1_356' title='bbox 653 3130 702 3161; x_wconf 84' lang='lat' dir='ltr'>De</span> <span class='ocrx_word' id='word_1_357' title='bbox 717 3129 838 3160; x_wconf 85' lang='lat' dir='ltr'>dextro</span> <span class='ocrx_word' id='word_1_358' title='bbox 855 3131 889 3160; x_wconf 90' lang='lat' dir='ltr'>et</span> <span class='ocrx_word' id='word_1_359' title='bbox 902 3129 1037 3160; x_wconf 88' lang='lat' dir='ltr'>sinistro</span> <span class='ocrx_word' id='word_1_360' title='bbox 1050 3130 1149 3161; x_wconf 90' lang='lat' dir='ltr'>oculo</span> 
     </span>
     <span class='ocr_line' id='line_1_61' title="bbox 266 3176 1150 3220; baseline -0.005 -9"><span class='ocrx_word' id='word_1_361' title='bbox 266 3179 338 3220; x_wconf 80' lang='lat' dir='ltr'>Dei,</span> <span class='ocrx_word' id='word_1_362' title='bbox 366 3182 399 3211; x_wconf 89' lang='lat' dir='ltr'>et</span> <span class='ocrx_word' id='word_1_363' title='bbox 420 3177 593 3219; x_wconf 88' lang='lat' dir='ltr'>quomodo</span> <span class='ocrx_word' id='word_1_364' title='bbox 615 3176 796 3218; x_wconf 81' lang='lat' dir='ltr'>palpebras</span> <span class='ocrx_word' id='word_1_365' title='bbox 821 3176 968 3217; x_wconf 84' lang='lat' dir='ltr'>claudat,</span> <span class='ocrx_word' id='word_1_366' title='bbox 987 3176 1042 3208; x_wconf 88' lang='lat' dir='ltr'>vel</span> <span class='ocrx_word' id='word_1_367' title='bbox 1065 3185 1150 3217; x_wconf 90' lang='lat' dir='ltr'>ape-</span> 
     </span>
     <span class='ocr_line' id='line_1_62' title="bbox 266 3223 984 3265; baseline -0.004 -7"><span class='ocrx_word' id='word_1_368' title='bbox 266 3227 342 3258; x_wconf 89' lang='lat' dir='ltr'>riat.</span> <span class='ocrx_word' id='word_1_369' title='bbox 363 3227 411 3258; x_wconf 90' lang='lat' dir='ltr'>De</span> <span class='ocrx_word' id='word_1_370' title='bbox 433 3225 541 3257; x_wconf 89' lang='lat' dir='ltr'>imbre</span> <span class='ocrx_word' id='word_1_371' title='bbox 560 3223 696 3264; x_wconf 83' lang='lat' dir='ltr'>salubri,</span> <span class='ocrx_word' id='word_1_372' title='bbox 718 3226 751 3255; x_wconf 90' lang='lat' dir='ltr'>et</span> <span class='ocrx_word' id='word_1_373' title='bbox 769 3224 984 3265; x_wconf 88' lang='lat' dir='ltr'>illaqueante.</span> 
     </span>
    </p>

    <p class='ocr_par' dir='ltr' id='par_1_18' title="bbox 225 3269 1152 3502">
     <span class='ocr_line' id='line_1_63' title="bbox 225 3269 1152 3313; baseline -0.005 -7"><span class='ocrx_word' id='word_1_374' title='bbox 225 3274 362 3307; x_wconf 75' lang='lat' dir='ltr'>Salvum</span> <span class='ocrx_word' id='word_1_375' title='bbox 381 3282 428 3304; x_wconf 81' lang='lat' dir='ltr'>me</span> <span class='ocrx_word' id='word_1_376' title='bbox 455 3273 522 3313; x_wconf 80' lang='lat' dir='ltr'>foc,</span> <span class='ocrx_word' id='word_1_377' title='bbox 543 3272 691 3311; x_wconf 83' lang='lat' dir='ltr'>Domine,</span> <span class='ocrx_word' id='word_1_378' title='bbox 714 3271 838 3303; x_wconf 88' lang='lat' dir='ltr'>Psalm.</span> <span class='ocrx_word' id='word_1_379' title='bbox 865 3273 916 3302; x_wconf 81' lang='lat'>11.</span> <span class='ocrx_word' id='word_1_380' title='bbox 949 3271 998 3302; x_wconf 88' lang='lat' dir='ltr'>De</span> <span class='ocrx_word' id='word_1_381' title='bbox 1023 3269 1152 3302; x_wconf 89' lang='lat' dir='ltr'>intelli-</span> 
     </span>
     <span class='ocr_line' id='line_1_64' title="bbox 268 3318 1152 3363; baseline -0.005 -10"><span class='ocrx_word' id='word_1_382' title='bbox 268 3321 380 3363; x_wconf 82' lang='lat' dir='ltr'>gentia</span> <span class='ocrx_word' id='word_1_383' title='bbox 392 3319 584 3361; x_wconf 73' lang='lat' dir='ltr'>geminatae,</span> <span class='ocrx_word' id='word_1_384' title='bbox 596 3319 652 3362; x_wconf 83' lang='lat' dir='ltr'>vel</span> <span class='ocrx_word' id='word_1_385' title='bbox 666 3319 875 3359; x_wconf 74' lang='lat' dir='ltr'>interpositae</span> <span class='ocrx_word' id='word_1_386' title='bbox 890 3318 1057 3351; x_wconf 83' lang='lat' dir='ltr'>dictionis.</span> <span class='ocrx_word' id='word_1_387' title='bbox 1077 3318 1152 3350; x_wconf 88' lang='lat' dir='ltr'>Elo-</span> 
     </span>
     <span class='ocr_line' id='line_1_65' title="bbox 267 3365 1152 3410; baseline -0.003 -10"><span class='ocrx_word' id='word_1_388' title='bbox 267 3370 384 3410; x_wconf 89' lang='lat' dir='ltr'>quium</span> <span class='ocrx_word' id='word_1_389' title='bbox 403 3367 539 3400; x_wconf 89' lang='lat' dir='ltr'>Domini</span> <span class='ocrx_word' id='word_1_390' title='bbox 566 3365 715 3408; x_wconf 84' lang='lat' dir='ltr'>quinque</span> <span class='ocrx_word' id='word_1_391' title='bbox 739 3366 840 3398; x_wconf 90' lang='lat' dir='ltr'>dehet</span> <span class='ocrx_word' id='word_1_392' title='bbox 857 3365 997 3398; x_wconf 88' lang='lat' dir='ltr'>hahere.</span> <span class='ocrx_word' id='word_1_393' title='bbox 1024 3367 1071 3397; x_wconf 91' lang='lat' dir='ltr'>De</span> <span class='ocrx_word' id='word_1_394' title='bbox 1096 3365 1152 3397; x_wconf 90' lang='lat' dir='ltr'>di-</span> 
     </span>
     <span class='ocr_line' id='line_1_66' title="bbox 267 3412 1150 3456; baseline -0.002 -9"><span class='ocrx_word' id='word_1_395' title='bbox 267 3416 375 3447; x_wconf 80' lang='lat' dir='ltr'>versis</span> <span class='ocrx_word' id='word_1_396' title='bbox 397 3414 608 3456; x_wconf 84' lang='lat' dir='ltr'>septenariis.</span> <span class='ocrx_word' id='word_1_397' title='bbox 636 3414 686 3446; x_wconf 86' lang='lat' dir='ltr'>De</span> <span class='ocrx_word' id='word_1_398' title='bbox 715 3422 820 3455; x_wconf 89' lang='lat' dir='ltr'>auro,</span> <span class='ocrx_word' id='word_1_399' title='bbox 851 3416 1010 3455; x_wconf 80' lang='lat' dir='ltr'>argento,</span> <span class='ocrx_word' id='word_1_400' title='bbox 1039 3412 1150 3455; x_wconf 84' lang='lat' dir='ltr'>ligno,</span> 
     </span>
     <span class='ocr_line' id='line_1_67' title="bbox 267 3462 560 3502; baseline 0 -8"><span class='ocrx_word' id='word_1_401' title='bbox 267 3463 358 3494; x_wconf 81' lang='lat' dir='ltr'>ferro</span> <span class='ocrx_word' id='word_1_402' title='bbox 378 3464 411 3494; x_wconf 86' lang='lat' dir='ltr'>et</span> <span class='ocrx_word' id='word_1_403' title='bbox 428 3462 560 3502; x_wconf 82' lang='lat' dir='ltr'>stipula.</span> 
     </span>
    </p>
   </div>
   <div class='ocr_carea' id='block_1_3' title="bbox 1208 301 1380 344">
    <p class='ocr_par' dir='ltr' id='par_1_19' title="bbox 1208 301 1380 344">
     <span class='ocr_line' id='line_1_68' title="bbox 1208 301 1380 344; baseline 0.006 -2"><span class='ocrx_word' id='word_1_404' title='bbox 1208 301 1380 344; x_wconf 90' lang='lat' dir='ltr'>INDEX.</span> 
     </span>
    </p>
   </div>
   <div class='ocr_carea' id='block_1_4' title="bbox 1191 580 1249 611">
    <p class='ocr_par' dir='ltr' id='par_1_20' title="bbox 1191 580 1249 611">
     <span class='ocr_line' id='line_1_69' title="bbox 1191 580 1249 611; baseline 0 0"><span class='ocrx_word' id='word_1_405' title='bbox 1191 580 1249 611; x_wconf 79' lang='lat'><strong>159</strong></span> 
     </span>
    </p>
   </div>
   <div class='ocr_carea' id='block_1_5' title="bbox 1191 720 1249 751">
    <p class='ocr_par' dir='ltr' id='par_1_21' title="bbox 1191 720 1249 751">
     <span class='ocr_line' id='line_1_70' title="bbox 1191 720 1249 751; baseline 0 0"><span class='ocrx_word' id='word_1_406' title='bbox 1191 720 1249 751; x_wconf 83' lang='lat'><strong>159</strong></span> 
     </span>
    </p>
   </div>
   <div class='ocr_carea' id='block_1_6' title="bbox 1191 863 1248 893">
    <p class='ocr_par' dir='ltr' id='par_1_22' title="bbox 1191 863 1248 893">
     <span class='ocr_line' id='line_1_71' title="bbox 1191 863 1248 893; baseline 0 0"><span class='ocrx_word' id='word_1_407' title='bbox 1191 863 1248 893; x_wconf 79' lang='lat'>160</span> 
     </span>
    </p>
   </div>
   <div class='ocr_carea' id='block_1_7' title="bbox 1192 1144 1246 1175">
    <p class='ocr_par' dir='ltr' id='par_1_23' title="bbox 1192 1144 1246 1175">
     <span class='ocr_line' id='line_1_72' title="bbox 1192 1144 1246 1175; baseline 0 0"><span class='ocrx_word' id='word_1_408' title='bbox 1192 1144 1246 1175; x_wconf 79' lang='lat'>161</span> 
     </span>
    </p>
   </div>
   <div class='ocr_carea' id='block_1_8' title="bbox 1192 1713 1252 1744">
    <p class='ocr_par' dir='ltr' id='par_1_24' title="bbox 1192 1713 1252 1744">
     <span class='ocr_line' id='line_1_73' title="bbox 1192 1713 1252 1744; baseline 0 0"><span class='ocrx_word' id='word_1_409' title='bbox 1192 1713 1252 1744; x_wconf 81' lang='lat'><strong>162</strong></span> 
     </span>
    </p>
   </div>
   <div class='ocr_carea' id='block_1_9' title="bbox 1192 1901 1250 1932">
    <p class='ocr_par' dir='ltr' id='par_1_25' title="bbox 1192 1901 1250 1932">
     <span class='ocr_line' id='line_1_74' title="bbox 1192 1901 1250 1932; baseline -0.017 0"><span class='ocrx_word' id='word_1_410' title='bbox 1192 1901 1250 1932; x_wconf 85' lang='lat'><strong>163</strong></span> 
     </span>
    </p>
   </div>
   <div class='ocr_carea' id='block_1_10' title="bbox 1193 2281 1251 2312">
    <p class='ocr_par' dir='ltr' id='par_1_26' title="bbox 1193 2281 1251 2312">
     <span class='ocr_line' id='line_1_75' title="bbox 1193 2281 1251 2312; baseline -0.017 0"><span class='ocrx_word' id='word_1_411' title='bbox 1193 2281 1251 2312; x_wconf 70' lang='lat'>164</span> 
     </span>
    </p>
   </div>
   <div class='ocr_carea' id='block_1_11' title="bbox 1193 2657 1251 2689">
    <p class='ocr_par' dir='ltr' id='par_1_27' title="bbox 1193 2657 1251 2689">
     <span class='ocr_line' id='line_1_76' title="bbox 1193 2657 1251 2689; baseline 0 0"><span class='ocrx_word' id='word_1_412' title='bbox 1193 2657 1251 2689; x_wconf 84' lang='lat'><strong>165</strong></span> 
     </span>
    </p>
   </div>
   <div class='ocr_carea' id='block_1_12' title="bbox 1193 2942 1253 2974">
    <p class='ocr_par' dir='ltr' id='par_1_28' title="bbox 1193 2942 1253 2974">
     <span class='ocr_line' id='line_1_77' title="bbox 1193 2942 1253 2974; baseline 0.017 -1"><span class='ocrx_word' id='word_1_413' title='bbox 1193 2942 1253 2974; x_wconf 88' lang='grc'>166</span> 
     </span>
    </p>
   </div>
   <div class='ocr_carea' id='block_1_13' title="bbox 1194 3224 1253 3255">
    <p class='ocr_par' dir='ltr' id='par_1_29' title="bbox 1194 3224 1253 3255">
     <span class='ocr_line' id='line_1_78' title="bbox 1194 3224 1253 3255; baseline 0 0"><span class='ocrx_word' id='word_1_414' title='bbox 1194 3224 1253 3255; x_wconf 92' lang='grc'>167</span> 
     </span>
    </p>
   </div>
   <div class='ocr_carea' id='block_1_14' title="bbox 1194 3460 1252 3491">
    <p class='ocr_par' dir='ltr' id='par_1_30' title="bbox 1194 3460 1252 3491">
     <span class='ocr_line' id='line_1_79' title="bbox 1194 3460 1252 3491; baseline 0 0"><span class='ocrx_word' id='word_1_415' title='bbox 1194 3460 1252 3491; x_wconf 91' lang='grc'>168</span> 
     </span>
    </p>
   </div>
   <div class='ocr_carea' id='block_1_15' title="bbox 226 3530 1255 3654">
    <p class='ocr_par' dir='ltr' id='par_1_31' title="bbox 226 3530 1255 3654">
     <span class='ocr_line' id='line_1_80' title="bbox 264 3530 1254 3569; baseline -0.004 -8"><span class='ocrx_word' id='word_1_416' title='bbox 264 3534 300 3569; x_wconf 72' lang='lat' dir='ltr'>(a)</span> <span class='ocrx_word' id='word_1_417' title='bbox 315 3533 389 3561; x_wconf 83' lang='lat' dir='ltr'>Item</span> <span class='ocrx_word' id='word_1_418' title='bbox 403 3533 495 3560; x_wconf 82' lang='lat' dir='ltr'>omitt.</span> <span class='ocrx_word' id='word_1_419' title='bbox 513 3534 551 3560; x_wconf 80' lang='lat' dir='ltr'>et.</span> <span class='ocrx_word' id='word_1_420' title='bbox 568 3546 601 3552; x_wconf 90' lang='lat'>—</span> <span class='ocrx_word' id='word_1_421' title='bbox 616 3531 649 3567; x_wconf 69' lang='lat' dir='ltr'>(b)</span> <span class='ocrx_word' id='word_1_422' title='bbox 670 3530 756 3560; x_wconf 77' lang='lat' dir='ltr'>Edit.</span> <span class='ocrx_word' id='word_1_423' title='bbox 783 3531 850 3559; x_wconf 81' lang='lat' dir='ltr'>Ven.</span> <span class='ocrx_word' id='word_1_424' title='bbox 875 3530 1060 3566; x_wconf 81' lang='lat' dir='ltr'>Longinqua.</span> <span class='ocrx_word' id='word_1_425' title='bbox 1073 3545 1108 3551; x_wconf 97' lang='lat'>—</span> <span class='ocrx_word' id='word_1_426' title='bbox 1129 3530 1161 3566; x_wconf 88' lang='lat' dir='ltr'>(c)</span> <span class='ocrx_word' id='word_1_427' title='bbox 1180 3530 1254 3558; x_wconf 87' lang='lat' dir='ltr'>Item</span> 
     </span>
     <span class='ocr_line' id='line_1_81' title="bbox 226 3573 1253 3609; baseline -0.004 -6"><span class='ocrx_word' id='word_1_428' title='bbox 226 3575 444 3603; x_wconf 73' lang='lat' dir='ltr'>iim-acutorum.</span> <span class='ocrx_word' id='word_1_429' title='bbox 463 3588 497 3595; x_wconf 89' lang='lat'>—</span> <span class='ocrx_word' id='word_1_430' title='bbox 519 3573 562 3609; x_wconf 80' lang='lat' dir='ltr'>(d)</span> <span class='ocrx_word' id='word_1_431' title='bbox 585 3573 670 3608; x_wconf 83' lang='lat' dir='ltr'>Item,</span> <span class='ocrx_word' id='word_1_432' title='bbox 690 3574 851 3601; x_wconf 71' lang='lat' dir='ltr'>interverso</span> <span class='ocrx_word' id='word_1_433' title='bbox 870 3573 972 3601; x_wconf 85' lang='lat' dir='ltr'>ordine</span> <span class='ocrx_word' id='word_1_434' title='bbox 985 3582 995 3600; x_wconf 90' lang='lat'>.·</span> <span class='ocrx_word' id='word_1_435' title='bbox 1012 3575 1093 3600; x_wconf 88' lang='lat' dir='ltr'>Deus</span> <span class='ocrx_word' id='word_1_436' title='bbox 1112 3573 1170 3601; x_wconf 86' lang='lat' dir='ltr'>dic.</span> <span class='ocrx_word' id='word_1_437' title='bbox 1193 3574 1253 3608; x_wconf 74' lang='lat' dir='ltr'>pat.</span> 
     </span>
     <span class='ocr_line' id='line_1_82' title="bbox 227 3615 1255 3654; baseline -0.004 -8"><span class='ocrx_word' id='word_1_438' title='bbox 227 3621 323 3654; x_wconf 77' lang='lat' dir='ltr'>propt.</span> <span class='ocrx_word' id='word_1_439' title='bbox 345 3618 413 3647; x_wconf 78' lang='lat' dir='ltr'>tria.</span> <span class='ocrx_word' id='word_1_440' title='bbox 435 3618 553 3647; x_wconf 79' lang='lat' dir='ltr'>Electus</span> <span class='ocrx_word' id='word_1_441' title='bbox 573 3616 641 3646; x_wconf 85' lang='lat' dir='ltr'>deb.</span> <span class='ocrx_word' id='word_1_442' title='bbox 664 3624 741 3646; x_wconf 83' lang='lat' dir='ltr'>serv.</span> <span class='ocrx_word' id='word_1_443' title='bbox 762 3617 824 3645; x_wconf 90' lang='lat' dir='ltr'>Deo</span> <span class='ocrx_word' id='word_1_444' title='bbox 846 3619 966 3652; x_wconf 80' lang='lat' dir='ltr'>propter</span> <span class='ocrx_word' id='word_1_445' title='bbox 982 3616 1049 3645; x_wconf 79' lang='lat' dir='ltr'>tria.</span> <span class='ocrx_word' id='word_1_446' title='bbox 1071 3630 1106 3637; x_wconf 89' lang='lat'>—</span> <span class='ocrx_word' id='word_1_447' title='bbox 1129 3615 1163 3651; x_wconf 83' lang='lat' dir='ltr'>(e)</span> <span class='ocrx_word' id='word_1_448' title='bbox 1190 3616 1255 3643; x_wconf 80' lang='lat' dir='ltr'>Hoc</span> 
     </span>
    </p>
   </div>
   <div class='ocr_carea' id='block_1_16' title="bbox 1324 389 2263 3503">
    <p class='ocr_par' dir='ltr' id='par_1_32' title="bbox 1324 389 2077 428">
     <span class='ocr_line' id='line_1_83' title="bbox 1324 389 2077 428; baseline 0.003 -6"><span class='ocrx_word' id='word_1_449' title='bbox 1324 389 1425 428; x_wconf 89' lang='lat' dir='ltr'>Quod</span> <span class='ocrx_word' id='word_1_450' title='bbox 1445 391 1536 422; x_wconf 90' lang='lat' dir='ltr'>Deus</span> <span class='ocrx_word' id='word_1_451' title='bbox 1554 389 1758 422; x_wconf 81' lang='lat' dir='ltr'>humanatus</span> <span class='ocrx_word' id='word_1_452' title='bbox 1778 389 1901 422; x_wconf 88' lang='lat' dir='ltr'>dicitur</span> <span class='ocrx_word' id='word_1_453' title='bbox 1919 390 2077 424; x_wconf 83' lang='lat' dir='ltr'>circulus.</span> 
     </span>
    </p>

    <p class='ocr_par' dir='ltr' id='par_1_33' title="bbox 1329 436 2253 564">
     <span class='ocr_line' id='line_1_84' title="bbox 1329 436 2252 479; baseline 0.003 -11"><span class='ocrx_word' id='word_1_454' title='bbox 1329 438 1507 479; x_wconf 67' lang='lat' dir='ltr'>Usqueqvw,</span> <span class='ocrx_word' id='word_1_455' title='bbox 1531 438 1680 476; x_wconf 80' lang='lat' dir='ltr'>Domine,</span> <span class='ocrx_word' id='word_1_456' title='bbox 1700 436 1916 478; x_wconf 76' lang='lat' dir='ltr'>oblivisceris,</span> <span class='ocrx_word' id='word_1_457' title='bbox 1932 439 2055 471; x_wconf 86' lang='lat' dir='ltr'>Psalm.</span> <span class='ocrx_word' id='word_1_458' title='bbox 2074 439 2124 471; x_wconf 77' lang='lat'>12.</span> <span class='ocrx_word' id='word_1_459' title='bbox 2148 440 2252 472; x_wconf 84' lang='lat' dir='ltr'>Tran-</span> 
     </span>
     <span class='ocr_line' id='line_1_85' title="bbox 1366 485 2253 528; baseline 0.003 -12"><span class='ocrx_word' id='word_1_460' title='bbox 1366 485 1447 517; x_wconf 89' lang='lat' dir='ltr'>situs</span> <span class='ocrx_word' id='word_1_461' title='bbox 1466 485 1590 517; x_wconf 82' lang='lat' dir='ltr'>diversi</span> <span class='ocrx_word' id='word_1_462' title='bbox 1614 485 1648 516; x_wconf 89' lang='lat' dir='ltr'>iu</span> <span class='ocrx_word' id='word_1_463' title='bbox 1669 485 1790 516; x_wconf 80' lang='lat' dir='ltr'>divinis</span> <span class='ocrx_word' id='word_1_464' title='bbox 1810 485 1928 517; x_wconf 86' lang='lat' dir='ltr'>officiis</span> <span class='ocrx_word' id='word_1_465' title='bbox 1953 487 2004 525; x_wconf 76' lang='lat' dir='ltr'>(e).</span> <span class='ocrx_word' id='word_1_466' title='bbox 2028 486 2169 518; x_wconf 85' lang='lat' dir='ltr'>Diversa</span> <span class='ocrx_word' id='word_1_467' title='bbox 2195 496 2253 528; x_wconf 84' lang='lat' dir='ltr'>ge-</span> 
     </span>
     <span class='ocr_line' id='line_1_86' title="bbox 1364 531 1989 564; baseline 0 0"><span class='ocrx_word' id='word_1_468' title='bbox 1364 541 1447 564; x_wconf 84' lang='lat' dir='ltr'>nera</span> <span class='ocrx_word' id='word_1_469' title='bbox 1470 531 1697 564; x_wconf 88' lang='lat' dir='ltr'>inimicorum.</span> <span class='ocrx_word' id='word_1_470' title='bbox 1724 533 1773 563; x_wconf 85' lang='lat' dir='ltr'>Dc</span> <span class='ocrx_word' id='word_1_471' title='bbox 1793 541 1852 563; x_wconf 77' lang='lat' dir='ltr'>sex</span> <span class='ocrx_word' id='word_1_472' title='bbox 1872 533 1989 564; x_wconf 90' lang='lat' dir='ltr'>oculis.</span> 
     </span>
    </p>

    <p class='ocr_par' dir='ltr' id='par_1_34' title="bbox 1324 578 2254 713">
     <span class='ocr_line' id='line_1_87' title="bbox 1324 578 2254 621; baseline 0.002 -11"><span class='ocrx_word' id='word_1_473' title='bbox 1324 579 1422 610; x_wconf 73' lang='lat' dir='ltr'>Dixit</span> <span class='ocrx_word' id='word_1_474' title='bbox 1446 579 1606 619; x_wconf 78' lang='lat' dir='ltr'>insipiens</span> <span class='ocrx_word' id='word_1_475' title='bbox 1627 579 1661 610; x_wconf 83' lang='lat' dir='ltr'>in</span> <span class='ocrx_word' id='word_1_476' title='bbox 1681 578 1778 610; x_wconf 77' lang='lat' dir='ltr'>corde</span> <span class='ocrx_word' id='word_1_477' title='bbox 1797 588 1872 617; x_wconf 84' lang='lat' dir='ltr'>suo,</span> <span class='ocrx_word' id='word_1_478' title='bbox 1900 579 2023 611; x_wconf 86' lang='lat' dir='ltr'>Psalm.</span> <span class='ocrx_word' id='word_1_479' title='bbox 2045 581 2095 611; x_wconf 90' lang='lat'>13.</span> <span class='ocrx_word' id='word_1_480' title='bbox 2118 580 2254 621; x_wconf 78' lang='lat' dir='ltr'>Triplex</span> 
     </span>
     <span class='ocr_line' id='line_1_88' title="bbox 1366 625 2254 668; baseline 0.003 -11"><span class='ocrx_word' id='word_1_481' title='bbox 1366 625 1532 666; x_wconf 84' lang='lat' dir='ltr'>sapientia</span> <span class='ocrx_word' id='word_1_482' title='bbox 1552 636 1560 658; x_wconf 74' lang='grc' dir='ltr'><strong><em>ε</em></strong></span> <span class='ocrx_word' id='word_1_483' title='bbox 1579 626 1668 668; x_wconf 90' lang='lat' dir='ltr'>poli,</span> <span class='ocrx_word' id='word_1_484' title='bbox 1693 625 1759 658; x_wconf 80' lang='lat' dir='ltr'>fori</span> <span class='ocrx_word' id='word_1_485' title='bbox 1787 628 1821 658; x_wconf 85' lang='lat' dir='ltr'>et</span> <span class='ocrx_word' id='word_1_486' title='bbox 1847 626 1928 659; x_wconf 90' lang='lat' dir='ltr'>doli.</span> <span class='ocrx_word' id='word_1_487' title='bbox 1959 628 2007 658; x_wconf 87' lang='lat' dir='ltr'>Dc</span> <span class='ocrx_word' id='word_1_488' title='bbox 2027 626 2161 659; x_wconf 87' lang='lat' dir='ltr'>diversa</span> <span class='ocrx_word' id='word_1_489' title='bbox 2181 637 2254 660; x_wconf 91' lang='lat' dir='ltr'>cor-</span> 
     </span>
     <span class='ocr_line' id='line_1_89' title="bbox 1365 673 1538 713; baseline 0 -9"><span class='ocrx_word' id='word_1_490' title='bbox 1365 673 1538 713; x_wconf 89' lang='lat' dir='ltr'>ruptione.</span> 
     </span>
    </p>

    <p class='ocr_par' dir='ltr' id='par_1_35' title="bbox 1324 719 2255 798">
     <span class='ocr_line' id='line_1_90' title="bbox 1324 719 2255 761; baseline 0.004 -10"><span class='ocrx_word' id='word_1_491' title='bbox 1324 720 1475 758; x_wconf 83' lang='lat' dir='ltr'>Quatuor</span> <span class='ocrx_word' id='word_1_492' title='bbox 1500 728 1628 761; x_wconf 83' lang='lat' dir='ltr'>genera</span> <span class='ocrx_word' id='word_1_493' title='bbox 1652 719 1831 752; x_wconf 89' lang='lat' dir='ltr'>hominum</span> <span class='ocrx_word' id='word_1_494' title='bbox 1862 729 2007 761; x_wconf 91' lang='lat' dir='ltr'>quorum</span> <span class='ocrx_word' id='word_1_495' title='bbox 2032 720 2144 753; x_wconf 88' lang='lat' dir='ltr'>nullus</span> <span class='ocrx_word' id='word_1_496' title='bbox 2174 721 2255 755; x_wconf 80' lang='lat' dir='ltr'>facit</span> 
     </span>
     <span class='ocr_line' id='line_1_91' title="bbox 1364 766 1505 798; baseline 0.014 -2"><span class='ocrx_word' id='word_1_497' title='bbox 1364 766 1505 798; x_wconf 86' lang='lat' dir='ltr'>bonum.</span> 
     </span>
    </p>

    <p class='ocr_par' dir='ltr' id='par_1_36' title="bbox 1324 811 2256 940">
     <span class='ocr_line' id='line_1_92' title="bbox 1324 811 2255 855; baseline 0.003 -11"><span class='ocrx_word' id='word_1_498' title='bbox 1324 813 1474 853; x_wconf 85' lang='lat' dir='ltr'>Domine,</span> <span class='ocrx_word' id='word_1_499' title='bbox 1503 814 1575 855; x_wconf 72' lang='lat' dir='ltr'>quis</span> <span class='ocrx_word' id='word_1_500' title='bbox 1594 811 1788 844; x_wconf 78' lang='lat' dir='ltr'>habitabit?</span> <span class='ocrx_word' id='word_1_501' title='bbox 1809 813 1932 845; x_wconf 88' lang='lat' dir='ltr'>Psalm.</span> <span class='ocrx_word' id='word_1_502' title='bbox 1958 815 2009 847; x_wconf 78' lang='lat'>14.</span> <span class='ocrx_word' id='word_1_503' title='bbox 2030 814 2120 852; x_wconf 83' lang='lat' dir='ltr'>Quot</span> <span class='ocrx_word' id='word_1_504' title='bbox 2143 814 2255 847; x_wconf 85' lang='lat' dir='ltr'>modis</span> 
     </span>
     <span class='ocr_line' id='line_1_93' title="bbox 1364 860 2256 903; baseline 0.003 -11"><span class='ocrx_word' id='word_1_505' title='bbox 1364 860 1536 901; x_wconf 82' lang='lat' dir='ltr'>accipatur</span> <span class='ocrx_word' id='word_1_506' title='bbox 1549 860 1816 893; x_wconf 87' lang='lat' dir='ltr'>tabernaculum.</span> <span class='ocrx_word' id='word_1_507' title='bbox 1839 861 1888 892; x_wconf 90' lang='lat' dir='ltr'>De</span> <span class='ocrx_word' id='word_1_508' title='bbox 1901 861 2007 903; x_wconf 83' lang='lat' dir='ltr'>figura</span> <span class='ocrx_word' id='word_1_509' title='bbox 2024 871 2098 903; x_wconf 67' lang='lat' dir='ltr'>qua}</span> <span class='ocrx_word' id='word_1_510' title='bbox 2114 871 2256 903; x_wconf 78' lang='lat' dir='ltr'>zeugma</span> 
     </span>
     <span class='ocr_line' id='line_1_94' title="bbox 1365 906 1505 940; baseline 0 -2"><span class='ocrx_word' id='word_1_511' title='bbox 1365 906 1505 940; x_wconf 83' lang='lat' dir='ltr'>dicitur.</span> 
     </span>
    </p>

    <p class='ocr_par' dir='ltr' id='par_1_37' title="bbox 1324 955 2150 997">
     <span class='ocr_line' id='line_1_95' title="bbox 1324 955 2150 997; baseline 0.002 -11"><span class='ocrx_word' id='word_1_512' title='bbox 1324 955 1422 993; x_wconf 88' lang='lat' dir='ltr'>Quod</span> <span class='ocrx_word' id='word_1_513' title='bbox 1441 955 1628 997; x_wconf 79' lang='lat' dir='ltr'>perjurium</span> <span class='ocrx_word' id='word_1_514' title='bbox 1652 955 1760 987; x_wconf 89' lang='lat' dir='ltr'>tribus</span> <span class='ocrx_word' id='word_1_515' title='bbox 1785 955 1897 988; x_wconf 87' lang='lat' dir='ltr'>modis</span> <span class='ocrx_word' id='word_1_516' title='bbox 1916 955 2150 988; x_wconf 86' lang='lat' dir='ltr'>committitur.</span> 
     </span>
    </p>

    <p class='ocr_par' dir='ltr' id='par_1_38' title="bbox 1325 1002 2256 1271">
     <span class='ocr_line' id='line_1_96' title="bbox 1325 1002 2256 1042; baseline 0.002 -8"><span class='ocrx_word' id='word_1_517' title='bbox 1325 1002 1487 1034; x_wconf 70' lang='lat' dir='ltr'>Conserva</span> <span class='ocrx_word' id='word_1_518' title='bbox 1507 1011 1570 1042; x_wconf 83' lang='lat' dir='ltr'>me,</span> <span class='ocrx_word' id='word_1_519' title='bbox 1598 1002 1750 1039; x_wconf 83' lang='lat' dir='ltr'>Domine,</span> <span class='ocrx_word' id='word_1_520' title='bbox 1775 1003 1898 1035; x_wconf 86' lang='lat' dir='ltr'>Psalm.</span> <span class='ocrx_word' id='word_1_521' title='bbox 1919 1005 1970 1034; x_wconf 86' lang='lat'>15.</span> <span class='ocrx_word' id='word_1_522' title='bbox 1998 1003 2150 1041; x_wconf 89' lang='lat' dir='ltr'>Quatuor</span> <span class='ocrx_word' id='word_1_523' title='bbox 2176 1006 2256 1036; x_wconf 84' lang='lat' dir='ltr'>sunt</span> 
     </span>
     <span class='ocr_line' id='line_1_97' title="bbox 1366 1049 2256 1089; baseline 0.003 -10"><span class='ocrx_word' id='word_1_524' title='bbox 1366 1058 1441 1089; x_wconf 82' lang='lat' dir='ltr'>quae</span> <span class='ocrx_word' id='word_1_525' title='bbox 1471 1049 1662 1079; x_wconf 85' lang='lat' dir='ltr'>ministrant</span> <span class='ocrx_word' id='word_1_526' title='bbox 1681 1049 1994 1085; x_wconf 73' lang='lat' dir='ltr'>nobis,necessaria</span> <span class='ocrx_word' id='word_1_527' title='bbox 2013 1049 2138 1081; x_wconf 87' lang='lat' dir='ltr'>omnia.</span> <span class='ocrx_word' id='word_1_528' title='bbox 2167 1051 2256 1088; x_wconf 89' lang='lat' dir='ltr'>Qua-</span> 
     </span>
     <span class='ocr_line' id='line_1_98' title="bbox 1364 1095 2255 1138; baseline 0.002 -11"><span class='ocrx_word' id='word_1_529' title='bbox 1364 1098 1443 1128; x_wconf 88' lang='lat' dir='ltr'>tuor</span> <span class='ocrx_word' id='word_1_530' title='bbox 1463 1096 1526 1128; x_wconf 89' lang='lat' dir='ltr'>Dei</span> <span class='ocrx_word' id='word_1_531' title='bbox 1545 1095 1749 1128; x_wconf 81' lang='lat' dir='ltr'>voluntates.</span> <span class='ocrx_word' id='word_1_532' title='bbox 1773 1097 1952 1134; x_wconf 86' lang='lat' dir='ltr'>Quomodo</span> <span class='ocrx_word' id='word_1_533' title='bbox 1973 1099 2063 1129; x_wconf 87' lang='lat' dir='ltr'>Deus</span> <span class='ocrx_word' id='word_1_534' title='bbox 2077 1106 2097 1128; x_wconf 86' lang='lat' dir='ltr'>a</span> <span class='ocrx_word' id='word_1_535' title='bbox 2116 1097 2255 1138; x_wconf 87' lang='lat' dir='ltr'>dextris,</span> 
     </span>
     <span class='ocr_line' id='line_1_99' title="bbox 1366 1143 2255 1186; baseline 0.001 -10"><span class='ocrx_word' id='word_1_536' title='bbox 1366 1147 1399 1176; x_wconf 87' lang='lat' dir='ltr'>et</span> <span class='ocrx_word' id='word_1_537' title='bbox 1418 1144 1571 1176; x_wconf 87' lang='lat' dir='ltr'>diabolus</span> <span class='ocrx_word' id='word_1_538' title='bbox 1588 1153 1608 1175; x_wconf 88' lang='lat' dir='ltr'>a</span> <span class='ocrx_word' id='word_1_539' title='bbox 1632 1143 1785 1176; x_wconf 86' lang='lat' dir='ltr'>sinistris.</span> <span class='ocrx_word' id='word_1_540' title='bbox 1808 1146 1855 1176; x_wconf 91' lang='lat' dir='ltr'>De</span> <span class='ocrx_word' id='word_1_541' title='bbox 1883 1145 1990 1177; x_wconf 87' lang='lat' dir='ltr'>tribus</span> <span class='ocrx_word' id='word_1_542' title='bbox 2019 1145 2081 1176; x_wconf 89' lang='lat' dir='ltr'>viis</span> <span class='ocrx_word' id='word_1_543' title='bbox 2108 1155 2184 1186; x_wconf 86' lang='lat' dir='ltr'>quae</span> <span class='ocrx_word' id='word_1_544' title='bbox 2211 1145 2255 1177; x_wconf 91' lang='lat' dir='ltr'>si-</span> 
     </span>
     <span class='ocr_line' id='line_1_100' title="bbox 1365 1190 2256 1234; baseline 0.002 -12"><span class='ocrx_word' id='word_1_545' title='bbox 1365 1194 1512 1233; x_wconf 81' lang='lat' dir='ltr'>gnantur</span> <span class='ocrx_word' id='word_1_546' title='bbox 1525 1200 1585 1232; x_wconf 89' lang='lat' dir='ltr'>per</span> <span class='ocrx_word' id='word_1_547' title='bbox 1596 1190 1798 1233; x_wconf 88' lang='lat' dir='ltr'>bonitatem,</span> <span class='ocrx_word' id='word_1_548' title='bbox 1812 1194 1846 1224; x_wconf 88' lang='lat' dir='ltr'>et</span> <span class='ocrx_word' id='word_1_549' title='bbox 1859 1193 2083 1234; x_wconf 82' lang='lat' dir='ltr'>disciplinam,</span> <span class='ocrx_word' id='word_1_550' title='bbox 2098 1195 2132 1224; x_wconf 88' lang='lat' dir='ltr'>ct</span> <span class='ocrx_word' id='word_1_551' title='bbox 2148 1192 2256 1224; x_wconf 89' lang='lat' dir='ltr'>scien-</span> 
     </span>
     <span class='ocr_line' id='line_1_101' title="bbox 1366 1239 1461 1271; baseline 0 -1"><span class='ocrx_word' id='word_1_552' title='bbox 1366 1239 1461 1271; x_wconf 89' lang='lat' dir='ltr'>tiam.</span> 
     </span>
    </p>

    <p class='ocr_par' dir='ltr' id='par_1_39' title="bbox 1325 1286 2254 1375">
     <span class='ocr_line' id='line_1_102' title="bbox 1325 1286 2254 1329; baseline 0.002 -11"><span class='ocrx_word' id='word_1_553' title='bbox 1325 1287 1533 1327; x_wconf 81' lang='lat' dir='ltr'>Quandoque</span> <span class='ocrx_word' id='word_1_554' title='bbox 1564 1286 1714 1318; x_wconf 91' lang='lat' dir='ltr'>Christus</span> <span class='ocrx_word' id='word_1_555' title='bbox 1742 1286 1959 1329; x_wconf 83' lang='lat' dir='ltr'>transfigurat</span> <span class='ocrx_word' id='word_1_556' title='bbox 1992 1296 2028 1319; x_wconf 88' lang='lat' dir='ltr'>se</span> <span class='ocrx_word' id='word_1_557' title='bbox 2057 1287 2093 1319; x_wconf 92' lang='lat' dir='ltr'>in</span> <span class='ocrx_word' id='word_1_558' title='bbox 2126 1287 2254 1328; x_wconf 83' lang='lat' dir='ltr'>nobis,</span> 
     </span>
     <span class='ocr_line' id='line_1_103' title="bbox 1367 1333 1878 1375; baseline 0.004 -11"><span class='ocrx_word' id='word_1_559' title='bbox 1367 1333 1572 1374; x_wconf 86' lang='lat' dir='ltr'>quaudoque</span> <span class='ocrx_word' id='word_1_560' title='bbox 1591 1342 1654 1365; x_wconf 88' lang='lat' dir='ltr'>nos</span> <span class='ocrx_word' id='word_1_561' title='bbox 1677 1334 1712 1365; x_wconf 89' lang='lat' dir='ltr'>in</span> <span class='ocrx_word' id='word_1_562' title='bbox 1731 1333 1806 1374; x_wconf 88' lang='lat' dir='ltr'>ipso</span> <span class='ocrx_word' id='word_1_563' title='bbox 1825 1335 1878 1375; x_wconf 83' lang='lat' dir='ltr'>(e).</span> 
     </span>
    </p>

    <p class='ocr_par' dir='ltr' id='par_1_40' title="bbox 1326 1381 2258 1565">
     <span class='ocr_line' id='line_1_104' title="bbox 1326 1381 2252 1422; baseline 0.002 -10"><span class='ocrx_word' id='word_1_564' title='bbox 1326 1381 1482 1420; x_wconf 74' lang='lat' dir='ltr'>Exaudi,</span> <span class='ocrx_word' id='word_1_565' title='bbox 1509 1381 1668 1416; x_wconf 82' lang='lat' dir='ltr'>Domine,</span> <span class='ocrx_word' id='word_1_566' title='bbox 1684 1381 1862 1422; x_wconf 69' lang='lat' dir='ltr'>justitiam</span> <span class='ocrx_word' id='word_1_567' title='bbox 1887 1390 2014 1422; x_wconf 78' lang='lat' dir='ltr'>meam,</span> <span class='ocrx_word' id='word_1_568' title='bbox 2046 1381 2170 1414; x_wconf 85' lang='lat' dir='ltr'>Psalm.</span> <span class='ocrx_word' id='word_1_569' title='bbox 2201 1383 2252 1414; x_wconf 88' lang='grc'><strong>16.</strong></span> 
     </span>
     <span class='ocr_line' id='line_1_105' title="bbox 1367 1426 2257 1470; baseline 0.002 -12"><span class='ocrx_word' id='word_1_570' title='bbox 1367 1428 1464 1465; x_wconf 89' lang='lat' dir='ltr'>Quod</span> <span class='ocrx_word' id='word_1_571' title='bbox 1482 1426 1610 1468; x_wconf 83' lang='lat' dir='ltr'>justitia</span> <span class='ocrx_word' id='word_1_572' title='bbox 1630 1427 1786 1459; x_wconf 86' lang='lat' dir='ltr'>consistit</span> <span class='ocrx_word' id='word_1_573' title='bbox 1805 1428 1840 1459; x_wconf 89' lang='lat' dir='ltr'>in</span> <span class='ocrx_word' id='word_1_574' title='bbox 1862 1428 2006 1459; x_wconf 89' lang='lat' dir='ltr'>duobus.</span> <span class='ocrx_word' id='word_1_575' title='bbox 2029 1427 2106 1460; x_wconf 87' lang='lat' dir='ltr'>Tria</span> <span class='ocrx_word' id='word_1_576' title='bbox 2130 1437 2257 1470; x_wconf 84' lang='lat' dir='ltr'>genera</span> 
     </span>
     <span class='ocr_line' id='line_1_106' title="bbox 1367 1475 2258 1517; baseline 0.002 -11"><span class='ocrx_word' id='word_1_577' title='bbox 1367 1475 1550 1507; x_wconf 82' lang='lat' dir='ltr'>orantium.</span> <span class='ocrx_word' id='word_1_578' title='bbox 1571 1476 1737 1515; x_wconf 74' lang='lat' dir='ltr'>Negativa</span> <span class='ocrx_word' id='word_1_579' title='bbox 1764 1475 1928 1516; x_wconf 85' lang='lat' dir='ltr'>particula</span> <span class='ocrx_word' id='word_1_580' title='bbox 1956 1476 2180 1517; x_wconf 86' lang='lat' dir='ltr'>quandoque,</span> <span class='ocrx_word' id='word_1_581' title='bbox 2201 1485 2258 1508; x_wconf 87' lang='lat' dir='ltr'>se-</span> 
     </span>
     <span class='ocr_line' id='line_1_107' title="bbox 1365 1522 2254 1565; baseline 0.003 -12"><span class='ocrx_word' id='word_1_582' title='bbox 1365 1523 1432 1554; x_wconf 88' lang='lat' dir='ltr'>mel</span> <span class='ocrx_word' id='word_1_583' title='bbox 1444 1522 1565 1563; x_wconf 86' lang='lat' dir='ltr'>posita,</span> <span class='ocrx_word' id='word_1_584' title='bbox 1577 1522 1628 1553; x_wconf 90' lang='lat' dir='ltr'>bis</span> <span class='ocrx_word' id='word_1_585' title='bbox 1639 1522 1846 1563; x_wconf 85' lang='lat' dir='ltr'>intelligitur.</span> <span class='ocrx_word' id='word_1_586' title='bbox 1861 1523 2095 1563; x_wconf 84' lang='lat' dir='ltr'>Diapsalmatis</span> <span class='ocrx_word' id='word_1_587' title='bbox 2104 1533 2185 1555; x_wconf 87' lang='lat' dir='ltr'>usus</span> <span class='ocrx_word' id='word_1_588' title='bbox 2199 1523 2254 1565; x_wconf 82' lang='lat' dir='ltr'>(e).</span> 
     </span>
    </p>

    <p class='ocr_par' dir='ltr' id='par_1_41' title="bbox 1326 1569 2254 1658">
     <span class='ocr_line' id='line_1_108' title="bbox 1326 1569 2254 1613; baseline 0.001 -11"><span class='ocrx_word' id='word_1_589' title='bbox 1326 1571 1373 1602; x_wconf 89' lang='lat' dir='ltr'>De</span> <span class='ocrx_word' id='word_1_590' title='bbox 1389 1570 1450 1602; x_wconf 89' lang='lat' dir='ltr'>alis</span> <span class='ocrx_word' id='word_1_591' title='bbox 1466 1569 1525 1601; x_wconf 85' lang='lat' dir='ltr'>Dei</span> <span class='ocrx_word' id='word_1_592' title='bbox 1543 1570 1598 1609; x_wconf 80' lang='lat' dir='ltr'>(e).</span> <span class='ocrx_word' id='word_1_593' title='bbox 1612 1570 1722 1601; x_wconf 71' lang='lat' dir='ltr'>Divini</span> <span class='ocrx_word' id='word_1_594' title='bbox 1734 1570 1848 1602; x_wconf 80' lang='lat' dir='ltr'>auxilii</span> <span class='ocrx_word' id='word_1_595' title='bbox 1861 1572 2034 1602; x_wconf 87' lang='lat' dir='ltr'>momenta</span> <span class='ocrx_word' id='word_1_596' title='bbox 2045 1572 2191 1611; x_wconf 86' lang='lat' dir='ltr'>quatuor</span> <span class='ocrx_word' id='word_1_597' title='bbox 2199 1573 2254 1613; x_wconf 81' lang='lat' dir='ltr'>(e).</span> 
     </span>
     <span class='ocr_line' id='line_1_109' title="bbox 1367 1616 2063 1658; baseline 0 -10"><span class='ocrx_word' id='word_1_598' title='bbox 1367 1617 1464 1649; x_wconf 88' lang='lat' dir='ltr'>Circa</span> <span class='ocrx_word' id='word_1_599' title='bbox 1483 1616 1680 1657; x_wconf 75' lang='lat' dir='ltr'>allegoriam</span> <span class='ocrx_word' id='word_1_600' title='bbox 1700 1618 1780 1658; x_wconf 88' lang='lat' dir='ltr'>quid</span> <span class='ocrx_word' id='word_1_601' title='bbox 1799 1620 1986 1649; x_wconf 86' lang='lat' dir='ltr'>notandum</span> <span class='ocrx_word' id='word_1_602' title='bbox 2007 1618 2063 1658; x_wconf 86' lang='lat' dir='ltr'>(e).</span> 
     </span>
    </p>

    <p class='ocr_par' dir='ltr' id='par_1_42' title="bbox 1325 1664 2260 1799">
     <span class='ocr_line' id='line_1_110' title="bbox 1325 1664 2260 1707; baseline 0.003 -12"><span class='ocrx_word' id='word_1_603' title='bbox 1325 1664 1479 1705; x_wconf 75' lang='lat' dir='ltr'>Dilz&#39;qam</span> <span class='ocrx_word' id='word_1_604' title='bbox 1501 1666 1540 1702; x_wconf 77' lang='lat' dir='ltr'>ie,</span> <span class='ocrx_word' id='word_1_605' title='bbox 1568 1665 1718 1705; x_wconf 75' lang='lat' dir='ltr'>Domine,</span> <span class='ocrx_word' id='word_1_606' title='bbox 1742 1665 1865 1698; x_wconf 87' lang='lat' dir='ltr'>Psalm.</span> <span class='ocrx_word' id='word_1_607' title='bbox 1888 1666 1938 1697; x_wconf 84' lang='lat'>17.</span> <span class='ocrx_word' id='word_1_608' title='bbox 1960 1664 2130 1705; x_wconf 86' lang='lat' dir='ltr'>Allegoria</span> <span class='ocrx_word' id='word_1_609' title='bbox 2155 1674 2260 1707; x_wconf 81' lang='lat' dir='ltr'>quan-</span> 
     </span>
     <span class='ocr_line' id='line_1_111' title="bbox 1366 1711 2259 1757; baseline 0.001 -14"><span class='ocrx_word' id='word_1_610' title='bbox 1366 1712 1478 1757; x_wconf 86' lang='lat' dir='ltr'>doque</span> <span class='ocrx_word' id='word_1_611' title='bbox 1507 1711 1651 1743; x_wconf 88' lang='lat' dir='ltr'>sumitur</span> <span class='ocrx_word' id='word_1_612' title='bbox 1671 1721 1690 1743; x_wconf 89' lang='lat' dir='ltr'>a</span> <span class='ocrx_word' id='word_1_613' title='bbox 1715 1712 1866 1744; x_wconf 91' lang='lat' dir='ltr'>nominis</span> <span class='ocrx_word' id='word_1_614' title='bbox 1889 1712 2180 1754; x_wconf 79' lang='lat' dir='ltr'>interpretatione,</span> <span class='ocrx_word' id='word_1_615' title='bbox 2204 1712 2259 1745; x_wconf 84' lang='lat' dir='ltr'>vel</span> 
     </span>
     <span class='ocr_line' id='line_1_112' title="bbox 1367 1759 1704 1799; baseline 0.006 -9"><span class='ocrx_word' id='word_1_616' title='bbox 1367 1768 1387 1790; x_wconf 91' lang='lat' dir='ltr'>a</span> <span class='ocrx_word' id='word_1_617' title='bbox 1411 1759 1462 1790; x_wconf 89' lang='lat' dir='ltr'>rei</span> <span class='ocrx_word' id='word_1_618' title='bbox 1482 1759 1704 1799; x_wconf 85' lang='lat' dir='ltr'>proprietate.</span> 
     </span>
    </p>

    <p class='ocr_par' dir='ltr' id='par_1_43' title="bbox 1326 1805 2263 1980">
     <span class='ocr_line' id='line_1_113' title="bbox 1326 1805 2263 1847; baseline 0 -9"><span class='ocrx_word' id='word_1_619' title='bbox 1326 1806 1439 1838; x_wconf 69' lang='lat' dir='ltr'>Animi</span> <span class='ocrx_word' id='word_1_620' title='bbox 1462 1805 1623 1837; x_wconf 88' lang='lat' dir='ltr'>fortitudo</span> <span class='ocrx_word' id='word_1_621' title='bbox 1645 1806 1778 1837; x_wconf 90' lang='lat' dir='ltr'>duobus</span> <span class='ocrx_word' id='word_1_622' title='bbox 1793 1805 1904 1838; x_wconf 87' lang='lat' dir='ltr'>modis</span> <span class='ocrx_word' id='word_1_623' title='bbox 1919 1806 2090 1846; x_wconf 60' lang='lat' dir='ltr'>praecipue</span> <span class='ocrx_word' id='word_1_624' title='bbox 2114 1806 2263 1847; x_wconf 31' lang='lat' dir='ltr'>(j)vpro-</span> 
     </span>
     <span class='ocr_line' id='line_1_114' title="bbox 1366 1852 2260 1894; baseline 0 -10"><span class='ocrx_word' id='word_1_625' title='bbox 1366 1853 1476 1884; x_wconf 86' lang='lat' dir='ltr'>batur.</span> <span class='ocrx_word' id='word_1_626' title='bbox 1499 1854 1539 1884; x_wconf 81' lang='lat' dir='ltr'>Et</span> <span class='ocrx_word' id='word_1_627' title='bbox 1555 1855 1625 1884; x_wconf 87' lang='lat' dir='ltr'>tres</span> <span class='ocrx_word' id='word_1_628' title='bbox 1644 1852 1773 1884; x_wconf 83' lang='lat' dir='ltr'>inventi</span> <span class='ocrx_word' id='word_1_629' title='bbox 1792 1855 1870 1884; x_wconf 86' lang='lat' dir='ltr'>sunt</span> <span class='ocrx_word' id='word_1_630' title='bbox 1893 1852 2010 1885; x_wconf 83' lang='lat' dir='ltr'>fortes.</span> <span class='ocrx_word' id='word_1_631' title='bbox 2039 1854 2087 1884; x_wconf 90' lang='lat' dir='ltr'>De</span> <span class='ocrx_word' id='word_1_632' title='bbox 2115 1853 2260 1894; x_wconf 89' lang='lat' dir='ltr'>quadru-</span> 
     </span>
     <span class='ocr_line' id='line_1_115' title="bbox 1366 1899 2259 1941; baseline 0 -10"><span class='ocrx_word' id='word_1_633' title='bbox 1366 1900 1442 1941; x_wconf 84' lang='lat' dir='ltr'>plici</span> <span class='ocrx_word' id='word_1_634' title='bbox 1458 1903 1581 1932; x_wconf 89' lang='lat' dir='ltr'>morte.</span> <span class='ocrx_word' id='word_1_635' title='bbox 1603 1901 1712 1938; x_wconf 82' lang='lat' dir='ltr'>Quare</span> <span class='ocrx_word' id='word_1_636' title='bbox 1732 1899 1973 1941; x_wconf 63' lang='lat' dir='ltr'>praaedicatores</span> <span class='ocrx_word' id='word_1_637' title='bbox 1991 1899 2149 1932; x_wconf 88' lang='lat' dir='ltr'>dicuntur</span> <span class='ocrx_word' id='word_1_638' title='bbox 2165 1900 2259 1932; x_wconf 89' lang='lat' dir='ltr'>venti</span> 
     </span>
     <span class='ocr_line' id='line_1_116' title="bbox 1367 1947 1572 1980; baseline 0.005 -2"><span class='ocrx_word' id='word_1_639' title='bbox 1367 1947 1420 1979; x_wconf 82' lang='lat' dir='ltr'>vel</span> <span class='ocrx_word' id='word_1_640' title='bbox 1447 1948 1572 1980; x_wconf 70' lang='lat' dir='ltr'>nubes.</span> 
     </span>
    </p>

    <p class='ocr_par' dir='ltr' id='par_1_44' title="bbox 1326 1993 2258 2176">
     <span class='ocr_line' id='line_1_117' title="bbox 1326 1993 2258 2035; baseline 0 -9"><span class='ocrx_word' id='word_1_641' title='bbox 1326 1994 1375 2025; x_wconf 89' lang='lat' dir='ltr'>De</span> <span class='ocrx_word' id='word_1_642' title='bbox 1394 1995 1505 2026; x_wconf 82' lang='lat' dir='ltr'>ventis</span> <span class='ocrx_word' id='word_1_643' title='bbox 1533 1994 1772 2035; x_wconf 85' lang='lat' dir='ltr'>spiritualibus.</span> <span class='ocrx_word' id='word_1_644' title='bbox 1795 1995 1843 2026; x_wconf 90' lang='lat' dir='ltr'>De</span> <span class='ocrx_word' id='word_1_645' title='bbox 1863 1994 1998 2026; x_wconf 84' lang='lat' dir='ltr'>diversa</span> <span class='ocrx_word' id='word_1_646' title='bbox 2016 2002 2101 2026; x_wconf 89' lang='lat' dir='ltr'>voce</span> <span class='ocrx_word' id='word_1_647' title='bbox 2123 1993 2258 2027; x_wconf 85' lang='lat' dir='ltr'>Christi.</span> 
     </span>
     <span class='ocr_line' id='line_1_118' title="bbox 1367 2041 2257 2083; baseline 0 -10"><span class='ocrx_word' id='word_1_648' title='bbox 1367 2042 1415 2073; x_wconf 91' lang='lat' dir='ltr'>De</span> <span class='ocrx_word' id='word_1_649' title='bbox 1437 2042 1663 2083; x_wconf 81' lang='lat' dir='ltr'>significantia</span> <span class='ocrx_word' id='word_1_650' title='bbox 1682 2045 1715 2074; x_wconf 89' lang='lat' dir='ltr'>et</span> <span class='ocrx_word' id='word_1_651' title='bbox 1735 2041 2010 2082; x_wconf 85' lang='lat' dir='ltr'>pronuntiatione</span> <span class='ocrx_word' id='word_1_652' title='bbox 2032 2041 2257 2082; x_wconf 86' lang='lat' dir='ltr'>pronominis.</span> 
     </span>
     <span class='ocr_line' id='line_1_119' title="bbox 1368 2088 2258 2130; baseline 0 -10"><span class='ocrx_word' id='word_1_653' title='bbox 1368 2089 1416 2120; x_wconf 88' lang='lat' dir='ltr'>De</span> <span class='ocrx_word' id='word_1_654' title='bbox 1439 2089 1562 2129; x_wconf 83' lang='lat' dir='ltr'>triplici</span> <span class='ocrx_word' id='word_1_655' title='bbox 1595 2088 1828 2130; x_wconf 83' lang='lat' dir='ltr'>increpatione</span> <span class='ocrx_word' id='word_1_656' title='bbox 1866 2091 1899 2120; x_wconf 78' lang='lat' dir='ltr'>e‘t</span> <span class='ocrx_word' id='word_1_657' title='bbox 1930 2088 2176 2120; x_wconf 87' lang='lat' dir='ltr'>consolatione.</span> <span class='ocrx_word' id='word_1_658' title='bbox 2209 2089 2258 2120; x_wconf 89' lang='lat' dir='ltr'>De</span> 
     </span>
     <span class='ocr_line' id='line_1_120' title="bbox 1366 2135 2254 2176; baseline 0 -10"><span class='ocrx_word' id='word_1_659' title='bbox 1366 2135 1542 2176; x_wconf 87' lang='lat' dir='ltr'>multiplici</span> <span class='ocrx_word' id='word_1_660' title='bbox 1556 2136 1745 2168; x_wconf 87' lang='lat' dir='ltr'>latitudine.</span> <span class='ocrx_word' id='word_1_661' title='bbox 1758 2137 1806 2167; x_wconf 86' lang='lat' dir='ltr'>De</span> <span class='ocrx_word' id='word_1_662' title='bbox 1821 2135 1981 2176; x_wconf 86' lang='lat' dir='ltr'>gradibus</span> <span class='ocrx_word' id='word_1_663' title='bbox 1995 2135 2254 2176; x_wconf 84' lang='lat' dir='ltr'>justificationis.</span> 
     </span>
    </p>

    <p class='ocr_par' dir='ltr' id='par_1_45' title="bbox 1327 2182 2257 2412">
     <span class='ocr_line' id='line_1_121' title="bbox 1327 2182 2256 2224; baseline 0.001 -11"><span class='ocrx_word' id='word_1_664' title='bbox 1327 2183 1424 2220; x_wconf 90' lang='lat' dir='ltr'>Quod</span> <span class='ocrx_word' id='word_1_665' title='bbox 1452 2193 1590 2215; x_wconf 83' lang='lat' dir='ltr'>causam</span> <span class='ocrx_word' id='word_1_666' title='bbox 1616 2184 1739 2224; x_wconf 89' lang='lat' dir='ltr'>probat</span> <span class='ocrx_word' id='word_1_667' title='bbox 1764 2183 1902 2215; x_wconf 86' lang='lat' dir='ltr'>effectus</span> <span class='ocrx_word' id='word_1_668' title='bbox 1927 2182 2121 2224; x_wconf 85' lang='lat' dir='ltr'>aliquando.</span> <span class='ocrx_word' id='word_1_669' title='bbox 2148 2182 2256 2214; x_wconf 90' lang='lat' dir='ltr'>Dictio</span> 
     </span>
     <span class='ocr_line' id='line_1_122' title="bbox 1369 2229 2257 2271; baseline 0.001 -11"><span class='ocrx_word' id='word_1_670' title='bbox 1369 2230 1453 2269; x_wconf 79' lang='lat' dir='ltr'>Quia</span> <span class='ocrx_word' id='word_1_671' title='bbox 1475 2231 1529 2271; x_wconf 80' lang='lat' dir='ltr'>(e).</span> <span class='ocrx_word' id='word_1_672' title='bbox 1557 2233 1583 2262; x_wconf 90' lang='lat' dir='ltr'><strong>A</strong></span> <span class='ocrx_word' id='word_1_673' title='bbox 1604 2231 1710 2263; x_wconf 86' lang='lat' dir='ltr'>tribus</span> <span class='ocrx_word' id='word_1_674' title='bbox 1732 2230 1843 2262; x_wconf 83' lang='lat' dir='ltr'>ventis</span> <span class='ocrx_word' id='word_1_675' title='bbox 1873 2230 2081 2271; x_wconf 73' lang='lat' dir='ltr'>extinguitur</span> <span class='ocrx_word' id='word_1_676' title='bbox 2106 2229 2257 2271; x_wconf 85' lang='lat' dir='ltr'>lucerna,</span> 
     </span>
     <span class='ocr_line' id='line_1_123' title="bbox 1368 2277 2257 2318; baseline 0 -10"><span class='ocrx_word' id='word_1_677' title='bbox 1368 2280 1400 2309; x_wconf 89' lang='lat' dir='ltr'>et</span> <span class='ocrx_word' id='word_1_678' title='bbox 1428 2278 1469 2309; x_wconf 85' lang='lat' dir='ltr'>ab</span> <span class='ocrx_word' id='word_1_679' title='bbox 1500 2286 1566 2310; x_wconf 87' lang='lat' dir='ltr'>uno</span> <span class='ocrx_word' id='word_1_680' title='bbox 1595 2278 1799 2309; x_wconf 85' lang='lat' dir='ltr'>incenditur.</span> <span class='ocrx_word' id='word_1_681' title='bbox 1835 2277 2045 2309; x_wconf 86' lang='lat' dir='ltr'>Tentationis</span> <span class='ocrx_word' id='word_1_682' title='bbox 2068 2277 2163 2318; x_wconf 88' lang='lat' dir='ltr'>origo</span> <span class='ocrx_word' id='word_1_683' title='bbox 2198 2277 2257 2309; x_wconf 86' lang='lat' dir='ltr'>tri-</span> 
     </span>
     <span class='ocr_line' id='line_1_124' title="bbox 1366 2324 2257 2366; baseline 0 -11"><span class='ocrx_word' id='word_1_684' title='bbox 1366 2325 1444 2365; x_wconf 81' lang='lat' dir='ltr'>plex</span> <span class='ocrx_word' id='word_1_685' title='bbox 1467 2325 1520 2366; x_wconf 83' lang='lat' dir='ltr'>(e).</span> <span class='ocrx_word' id='word_1_686' title='bbox 1539 2325 1718 2365; x_wconf 83' lang='lat' dir='ltr'>Praecingi,</span> <span class='ocrx_word' id='word_1_687' title='bbox 1738 2324 1890 2365; x_wconf 85' lang='lat' dir='ltr'>succingi</span> <span class='ocrx_word' id='word_1_688' title='bbox 1921 2326 1956 2356; x_wconf 87' lang='lat' dir='ltr'>et</span> <span class='ocrx_word' id='word_1_689' title='bbox 1974 2324 2119 2365; x_wconf 80' lang='lat' dir='ltr'>accingi,</span> <span class='ocrx_word' id='word_1_690' title='bbox 2138 2327 2257 2364; x_wconf 88' lang='lat' dir='ltr'>quate-</span> 
     </span>
     <span class='ocr_line' id='line_1_125' title="bbox 1367 2371 2255 2412; baseline 0 -10"><span class='ocrx_word' id='word_1_691' title='bbox 1367 2380 1431 2403; x_wconf 90' lang='lat' dir='ltr'>nus</span> <span class='ocrx_word' id='word_1_692' title='bbox 1443 2372 1600 2404; x_wconf 81' lang='lat' dir='ltr'>differant</span> <span class='ocrx_word' id='word_1_693' title='bbox 1613 2373 1663 2412; x_wconf 84' lang='lat' dir='ltr'>(e).</span> <span class='ocrx_word' id='word_1_694' title='bbox 1674 2371 1836 2403; x_wconf 75' lang='lat' dir='ltr'>DIctionis</span> <span class='ocrx_word' id='word_1_695' title='bbox 1852 2373 1959 2403; x_wconf 83' lang='lat' dir='ltr'>Donec</span> <span class='ocrx_word' id='word_1_696' title='bbox 1970 2371 2054 2403; x_wconf 85' lang='lat' dir='ltr'>varii</span> <span class='ocrx_word' id='word_1_697' title='bbox 2067 2380 2188 2402; x_wconf 89' lang='lat' dir='ltr'>sensus</span> <span class='ocrx_word' id='word_1_698' title='bbox 2201 2371 2255 2412; x_wconf 87' lang='lat' dir='ltr'>(e).</span> 
     </span>
    </p>

    <p class='ocr_par' dir='ltr' id='par_1_46' title="bbox 1327 2418 2257 2556">
     <span class='ocr_line' id='line_1_126' title="bbox 1327 2418 2256 2459; baseline 0 -9"><span class='ocrx_word' id='word_1_699' title='bbox 1327 2418 1510 2459; x_wconf 84' lang='lat' dir='ltr'>Disciplina</span> <span class='ocrx_word' id='word_1_700' title='bbox 1520 2419 1553 2450; x_wconf 92' lang='lat' dir='ltr'>in</span> <span class='ocrx_word' id='word_1_701' title='bbox 1561 2419 1668 2451; x_wconf 80' lang='lat' dir='ltr'>tribus</span> <span class='ocrx_word' id='word_1_702' title='bbox 1680 2418 1843 2457; x_wconf 88' lang='lat' dir='ltr'>consistit,</span> <span class='ocrx_word' id='word_1_703' title='bbox 1852 2426 1928 2459; x_wconf 81' lang='lat' dir='ltr'>quae</span> <span class='ocrx_word' id='word_1_704' title='bbox 1938 2418 2020 2450; x_wconf 85' lang='lat' dir='ltr'>dant</span> <span class='ocrx_word' id='word_1_705' title='bbox 2031 2418 2093 2449; x_wconf 91' lang='lat' dir='ltr'>sibi</span> <span class='ocrx_word' id='word_1_706' title='bbox 2102 2420 2256 2450; x_wconf 88' lang='lat' dir='ltr'>mutuum</span> 
     </span>
     <span class='ocr_line' id='line_1_127' title="bbox 1367 2465 2257 2508; baseline -0.001 -10"><span class='ocrx_word' id='word_1_707' title='bbox 1367 2466 1573 2508; x_wconf 78' lang='lat' dir='ltr'>suffragium.</span> <span class='ocrx_word' id='word_1_708' title='bbox 1597 2467 1707 2505; x_wconf 83' lang='lat' dir='ltr'>Quare</span> <span class='ocrx_word' id='word_1_709' title='bbox 1732 2466 1885 2498; x_wconf 85' lang='lat' dir='ltr'>Christus</span> <span class='ocrx_word' id='word_1_710' title='bbox 1904 2468 2005 2507; x_wconf 88' lang='lat' dir='ltr'>caput</span> <span class='ocrx_word' id='word_1_711' title='bbox 2028 2468 2186 2498; x_wconf 87' lang='lat' dir='ltr'>nostrum</span> <span class='ocrx_word' id='word_1_712' title='bbox 2206 2465 2257 2498; x_wconf 90' lang='lat' dir='ltr'>di-</span> 
     </span>
     <span class='ocr_line' id='line_1_128' title="bbox 1368 2514 2256 2556; baseline -0.001 -9"><span class='ocrx_word' id='word_1_713' title='bbox 1368 2516 1475 2547; x_wconf 85' lang='lat' dir='ltr'>catur.</span> <span class='ocrx_word' id='word_1_714' title='bbox 1497 2517 1545 2547; x_wconf 93' lang='lat' dir='ltr'>De</span> <span class='ocrx_word' id='word_1_715' title='bbox 1561 2515 1791 2547; x_wconf 86' lang='lat' dir='ltr'>subtractione</span> <span class='ocrx_word' id='word_1_716' title='bbox 1807 2516 1840 2546; x_wconf 89' lang='lat' dir='ltr'>et</span> <span class='ocrx_word' id='word_1_717' title='bbox 1857 2514 2068 2556; x_wconf 88' lang='lat' dir='ltr'>appositione</span> <span class='ocrx_word' id='word_1_718' title='bbox 2086 2514 2256 2546; x_wconf 90' lang='lat' dir='ltr'>dictionis.</span> 
     </span>
    </p>

    <p class='ocr_par' dir='ltr' id='par_1_47' title="bbox 1327 2562 2260 2982">
     <span class='ocr_line' id='line_1_129' title="bbox 1327 2562 2260 2604; baseline -0.002 -8"><span class='ocrx_word' id='word_1_719' title='bbox 1327 2563 1413 2596; x_wconf 78' lang='lat' dir='ltr'><em>Coelz‘</em></span> <span class='ocrx_word' id='word_1_720' title='bbox 1424 2565 1583 2595; x_wconf 76' lang='lat' dir='ltr'>enarrant</span> <span class='ocrx_word' id='word_1_721' title='bbox 1595 2563 1742 2604; x_wconf 62' lang='lat' dir='ltr'>gloriam</span> <span class='ocrx_word' id='word_1_722' title='bbox 1758 2563 1832 2604; x_wconf 82' lang='lat' dir='ltr'>Dei,</span> <span class='ocrx_word' id='word_1_723' title='bbox 1852 2563 1975 2595; x_wconf 83' lang='lat' dir='ltr'>Psalm.</span> <span class='ocrx_word' id='word_1_724' title='bbox 1995 2565 2044 2595; x_wconf 90' lang='lat'>18.</span> <span class='ocrx_word' id='word_1_725' title='bbox 2064 2562 2162 2600; x_wconf 87' lang='lat' dir='ltr'>Quod</span> <span class='ocrx_word' id='word_1_726' title='bbox 2178 2571 2260 2594; x_wconf 89' lang='lat' dir='ltr'>eon-</span> 
     </span>
     <span class='ocr_line' id='line_1_130' title="bbox 1362 2609 2259 2650; baseline -0.001 -8"><span class='ocrx_word' id='word_1_727' title='bbox 1362 2609 1495 2650; x_wconf 86' lang='lat' dir='ltr'>junctio</span> <span class='ocrx_word' id='word_1_728' title='bbox 1510 2612 1557 2643; x_wconf 80' lang='lat' dir='ltr'>Et</span> <span class='ocrx_word' id='word_1_729' title='bbox 1569 2613 1665 2643; x_wconf 88' lang='lat' dir='ltr'>notat</span> <span class='ocrx_word' id='word_1_730' title='bbox 1680 2610 1826 2642; x_wconf 88' lang='lat' dir='ltr'>diversa.</span> <span class='ocrx_word' id='word_1_731' title='bbox 1844 2612 1893 2642; x_wconf 90' lang='lat' dir='ltr'>De</span> <span class='ocrx_word' id='word_1_732' title='bbox 1914 2609 2108 2641; x_wconf 83' lang='lat' dir='ltr'>diversitate</span> <span class='ocrx_word' id='word_1_733' title='bbox 2126 2609 2259 2641; x_wconf 91' lang='lat' dir='ltr'>dierum</span> 
     </span>
     <span class='ocr_line' id='line_1_131' title="bbox 1367 2656 2257 2698; baseline -0.002 -8"><span class='ocrx_word' id='word_1_734' title='bbox 1367 2658 1602 2698; x_wconf 90' lang='lat' dir='ltr'>spiritualium.</span> <span class='ocrx_word' id='word_1_735' title='bbox 1630 2659 1679 2689; x_wconf 87' lang='lat' dir='ltr'>De</span> <span class='ocrx_word' id='word_1_736' title='bbox 1704 2657 1846 2689; x_wconf 80' lang='lat' dir='ltr'>diversis</span> <span class='ocrx_word' id='word_1_737' title='bbox 1870 2656 1980 2689; x_wconf 86' lang='lat' dir='ltr'>causis</span> <span class='ocrx_word' id='word_1_738' title='bbox 2008 2665 2109 2698; x_wconf 90' lang='lat' dir='ltr'>super</span> <span class='ocrx_word' id='word_1_739' title='bbox 2134 2659 2257 2697; x_wconf 83' lang='lat' dir='ltr'>praete-</span> 
     </span>
     <span class='ocr_line' id='line_1_132' title="bbox 1367 2702 2258 2747; baseline 0 -11"><span class='ocrx_word' id='word_1_740' title='bbox 1367 2705 1422 2737; x_wconf 87' lang='lat' dir='ltr'>riti</span> <span class='ocrx_word' id='word_1_741' title='bbox 1441 2705 1714 2747; x_wconf 85' lang='lat' dir='ltr'>intelligentiam.</span> <span class='ocrx_word' id='word_1_742' title='bbox 1743 2704 2002 2737; x_wconf 78' lang='lat' dir='ltr'>Commendatio</span> <span class='ocrx_word' id='word_1_743' title='bbox 2032 2702 2208 2745; x_wconf 82' lang='lat' dir='ltr'>Evangelii</span> <span class='ocrx_word' id='word_1_744' title='bbox 2238 2712 2258 2736; x_wconf 82' lang='lat' dir='ltr'>a</span> 
     </span>
     <span class='ocr_line' id='line_1_133' title="bbox 1368 2749 2258 2793; baseline -0.001 -10"><span class='ocrx_word' id='word_1_745' title='bbox 1368 2752 1546 2793; x_wconf 81' lang='lat' dir='ltr'>sextuplici</span> <span class='ocrx_word' id='word_1_746' title='bbox 1565 2752 1675 2792; x_wconf 88' lang='lat' dir='ltr'>capite</span> <span class='ocrx_word' id='word_1_747' title='bbox 1699 2752 1754 2792; x_wconf 84' lang='lat' dir='ltr'>(e).</span> <span class='ocrx_word' id='word_1_748' title='bbox 1771 2751 1952 2790; x_wconf 91' lang='lat' dir='ltr'>Quomodo</span> <span class='ocrx_word' id='word_1_749' title='bbox 1968 2750 2138 2792; x_wconf 81' lang='lat' dir='ltr'>genitivus</span> <span class='ocrx_word' id='word_1_750' title='bbox 2154 2749 2258 2792; x_wconf 81' lang='lat' dir='ltr'>signi-</span> 
     </span>
     <span class='ocr_line' id='line_1_134' title="bbox 1366 2798 2257 2840; baseline -0.001 -9"><span class='ocrx_word' id='word_1_751' title='bbox 1366 2799 1445 2831; x_wconf 78' lang='lat' dir='ltr'>ficet</span> <span class='ocrx_word' id='word_1_752' title='bbox 1464 2799 1590 2840; x_wconf 88' lang='lat' dir='ltr'>aliquid</span> <span class='ocrx_word' id='word_1_753' title='bbox 1611 2799 1750 2840; x_wconf 87' lang='lat' dir='ltr'>alicujus</span> <span class='ocrx_word' id='word_1_754' title='bbox 1767 2808 1853 2831; x_wconf 89' lang='lat' dir='ltr'>esse.</span> <span class='ocrx_word' id='word_1_755' title='bbox 1878 2799 1958 2838; x_wconf 80' lang='lat' dir='ltr'>Quis</span> <span class='ocrx_word' id='word_1_756' title='bbox 1977 2798 2183 2840; x_wconf 85' lang='lat' dir='ltr'>quandoque</span> <span class='ocrx_word' id='word_1_757' title='bbox 2204 2806 2257 2830; x_wconf 87' lang='lat' dir='ltr'>re-</span> 
     </span>
     <span class='ocr_line' id='line_1_135' title="bbox 1366 2844 2255 2888; baseline -0.002 -10"><span class='ocrx_word' id='word_1_758' title='bbox 1366 2849 1484 2878; x_wconf 86' lang='lat' dir='ltr'>movet</span> <span class='ocrx_word' id='word_1_759' title='bbox 1508 2846 1776 2888; x_wconf 80' lang='lat' dir='ltr'>generalitatem,</span> <span class='ocrx_word' id='word_1_760' title='bbox 1799 2846 2004 2887; x_wconf 88' lang='lat' dir='ltr'>quandoque</span> <span class='ocrx_word' id='word_1_761' title='bbox 2028 2845 2124 2886; x_wconf 88' lang='lat' dir='ltr'>ponit</span> <span class='ocrx_word' id='word_1_762' title='bbox 2138 2844 2255 2887; x_wconf 84' lang='lat' dir='ltr'>singu-</span> 
     </span>
     <span class='ocr_line' id='line_1_136' title="bbox 1367 2891 2254 2934; baseline -0.002 -8"><span class='ocrx_word' id='word_1_763' title='bbox 1367 2894 1548 2934; x_wconf 88' lang='lat' dir='ltr'>laritatem,</span> <span class='ocrx_word' id='word_1_764' title='bbox 1565 2894 1620 2925; x_wconf 84' lang='lat' dir='ltr'>vel</span> <span class='ocrx_word' id='word_1_765' title='bbox 1645 2893 1970 2934; x_wconf 87' lang='lat' dir='ltr'>impossibilitatem,</span> <span class='ocrx_word' id='word_1_766' title='bbox 1995 2892 2050 2924; x_wconf 87' lang='lat' dir='ltr'>vel</span> <span class='ocrx_word' id='word_1_767' title='bbox 2069 2891 2254 2932; x_wconf 80' lang='lat' dir='ltr'>raritatem,</span> 
     </span>
     <span class='ocr_line' id='line_1_137' title="bbox 1367 2941 2027 2982; baseline -0.002 -10"><span class='ocrx_word' id='word_1_768' title='bbox 1367 2942 1422 2973; x_wconf 89' lang='lat' dir='ltr'>vel</span> <span class='ocrx_word' id='word_1_769' title='bbox 1441 2941 1715 2982; x_wconf 81' lang='lat' dir='ltr'>admirationem,</span> <span class='ocrx_word' id='word_1_770' title='bbox 1733 2941 1787 2973; x_wconf 87' lang='lat' dir='ltr'>vel</span> <span class='ocrx_word' id='word_1_771' title='bbox 1807 2941 2027 2972; x_wconf 87' lang='lat' dir='ltr'>dubietatem.</span> 
     </span>
    </p>

    <p class='ocr_par' dir='ltr' id='par_1_48' title="bbox 1325 2986 2256 3171">
     <span class='ocr_line' id='line_1_138' title="bbox 1325 2986 2254 3027; baseline -0.002 -6"><span class='ocrx_word' id='word_1_772' title='bbox 1325 2989 1498 3022; x_wconf 69' lang='lat' dir='ltr'>Exaudiet</span> <span class='ocrx_word' id='word_1_773' title='bbox 1513 2991 1542 3021; x_wconf 76' lang='lat' dir='ltr'>te</span> <span class='ocrx_word' id='word_1_774' title='bbox 1553 2990 1713 3021; x_wconf 69' lang='lat' dir='ltr'>Dominus</span> <span class='ocrx_word' id='word_1_775' title='bbox 1724 2990 1759 3020; x_wconf 84' lang='lat' dir='ltr'>in</span> <span class='ocrx_word' id='word_1_776' title='bbox 1772 2988 1826 3020; x_wconf 87' lang='lat' dir='ltr'>die</span> <span class='ocrx_word' id='word_1_777' title='bbox 1842 2987 2085 3027; x_wconf 75' lang='lat' dir='ltr'>tribulationis,</span> <span class='ocrx_word' id='word_1_778' title='bbox 2100 2986 2187 3019; x_wconf 88' lang='lat' dir='ltr'>Psal.</span> <span class='ocrx_word' id='word_1_779' title='bbox 2204 2987 2254 3019; x_wconf 85' lang='lat'>19.</span> 
     </span>
     <span class='ocr_line' id='line_1_139' title="bbox 1368 3031 2256 3077; baseline -0.003 -9"><span class='ocrx_word' id='word_1_780' title='bbox 1368 3037 1415 3068; x_wconf 90' lang='lat' dir='ltr'>De</span> <span class='ocrx_word' id='word_1_781' title='bbox 1439 3036 1602 3068; x_wconf 87' lang='lat' dir='ltr'>sacrificio</span> <span class='ocrx_word' id='word_1_782' title='bbox 1623 3035 1879 3077; x_wconf 84' lang='lat' dir='ltr'>quadripartito.</span> <span class='ocrx_word' id='word_1_783' title='bbox 1902 3035 1951 3067; x_wconf 90' lang='lat' dir='ltr'>De</span> <span class='ocrx_word' id='word_1_784' title='bbox 1972 3042 2073 3066; x_wconf 88' lang='lat' dir='ltr'>curru</span> <span class='ocrx_word' id='word_1_785' title='bbox 2091 3031 2256 3073; x_wconf 79' lang='lat' dir='ltr'>avaritiae,</span> 
     </span>
     <span class='ocr_line' id='line_1_140' title="bbox 1368 3081 2255 3125; baseline -0.002 -10"><span class='ocrx_word' id='word_1_786' title='bbox 1368 3086 1402 3116; x_wconf 87' lang='lat' dir='ltr'>et</span> <span class='ocrx_word' id='word_1_787' title='bbox 1420 3084 1547 3125; x_wconf 83' lang='lat' dir='ltr'>auriga.</span> <span class='ocrx_word' id='word_1_788' title='bbox 1566 3083 1654 3121; x_wconf 89' lang='lat' dir='ltr'>Quid</span> <span class='ocrx_word' id='word_1_789' title='bbox 1673 3083 1716 3115; x_wconf 90' lang='lat' dir='ltr'>sit</span> <span class='ocrx_word' id='word_1_790' title='bbox 1735 3082 1939 3124; x_wconf 87' lang='lat' dir='ltr'>triumphus,</span> <span class='ocrx_word' id='word_1_791' title='bbox 1961 3084 1995 3114; x_wconf 83' lang='lat' dir='ltr'>et</span> <span class='ocrx_word' id='word_1_792' title='bbox 2009 3081 2182 3123; x_wconf 89' lang='lat' dir='ltr'>quomodo</span> <span class='ocrx_word' id='word_1_793' title='bbox 2197 3089 2255 3113; x_wconf 90' lang='lat' dir='ltr'>an-</span> 
     </span>
     <span class='ocr_line' id='line_1_141' title="bbox 1367 3130 1635 3171; baseline 0.007 -10"><span class='ocrx_word' id='word_1_794' title='bbox 1367 3130 1506 3171; x_wconf 86' lang='lat' dir='ltr'>tiquitus</span> <span class='ocrx_word' id='word_1_795' title='bbox 1522 3130 1635 3163; x_wconf 85' lang='lat' dir='ltr'>fiebat.</span> 
     </span>
    </p>

    <p class='ocr_par' dir='ltr' id='par_1_49' title="bbox 1326 3174 2257 3314">
     <span class='ocr_line' id='line_1_142' title="bbox 1326 3174 2257 3218; baseline -0.001 -10"><span class='ocrx_word' id='word_1_796' title='bbox 1326 3177 1477 3216; x_wconf 78' lang='lat' dir='ltr'>Domine,</span> <span class='ocrx_word' id='word_1_797' title='bbox 1499 3179 1533 3208; x_wconf 83' lang='lat' dir='ltr'>in</span> <span class='ocrx_word' id='word_1_798' title='bbox 1553 3178 1689 3218; x_wconf 81' lang='lat' dir='ltr'>virtute,</span> <span class='ocrx_word' id='word_1_799' title='bbox 1704 3177 1828 3210; x_wconf 88' lang='lat' dir='ltr'>Psalm.</span> <span class='ocrx_word' id='word_1_800' title='bbox 1845 3178 1898 3209; x_wconf 78' lang='lat'>20.</span> <span class='ocrx_word' id='word_1_801' title='bbox 1913 3176 1986 3214; x_wconf 78' lang='lat' dir='ltr'>Qua</span> <span class='ocrx_word' id='word_1_802' title='bbox 2001 3174 2132 3208; x_wconf 87' lang='lat' dir='ltr'>ratione</span> <span class='ocrx_word' id='word_1_803' title='bbox 2146 3174 2257 3208; x_wconf 88' lang='lat' dir='ltr'>Chris-</span> 
     </span>
     <span class='ocr_line' id='line_1_143' title="bbox 1368 3222 2255 3266; baseline -0.001 -11"><span class='ocrx_word' id='word_1_804' title='bbox 1368 3226 1421 3255; x_wconf 89' lang='lat' dir='ltr'>tus</span> <span class='ocrx_word' id='word_1_805' title='bbox 1442 3224 1587 3257; x_wconf 86' lang='lat' dir='ltr'>salutare</span> <span class='ocrx_word' id='word_1_806' title='bbox 1615 3225 1721 3257; x_wconf 91' lang='lat' dir='ltr'>Patris</span> <span class='ocrx_word' id='word_1_807' title='bbox 1744 3225 1796 3266; x_wconf 81' lang='lat' dir='ltr'>(e).</span> <span class='ocrx_word' id='word_1_808' title='bbox 1822 3223 1977 3266; x_wconf 84' lang='lat' dir='ltr'>Adjectio</span> <span class='ocrx_word' id='word_1_809' title='bbox 1999 3231 2058 3255; x_wconf 85' lang='lat' dir='ltr'>con</span> <span class='ocrx_word' id='word_1_810' title='bbox 2085 3222 2255 3255; x_wconf 82' lang='lat' dir='ltr'>diversam</span> 
     </span>
     <span class='ocr_line' id='line_1_144' title="bbox 1367 3271 1739 3314; baseline 0.005 -12"><span class='ocrx_word' id='word_1_811' title='bbox 1367 3271 1448 3303; x_wconf 82' lang='lat' dir='ltr'>facit</span> <span class='ocrx_word' id='word_1_812' title='bbox 1473 3272 1739 3314; x_wconf 83' lang='lat' dir='ltr'>intelligentiam.</span> 
     </span>
    </p>

    <p class='ocr_par' dir='ltr' id='par_1_50' title="bbox 1326 3316 2254 3454">
     <span class='ocr_line' id='line_1_145' title="bbox 1326 3316 2253 3360; baseline 0 -10"><span class='ocrx_word' id='word_1_813' title='bbox 1326 3318 1375 3350; x_wconf 88' lang='lat' dir='ltr'>De</span> <span class='ocrx_word' id='word_1_814' title='bbox 1395 3319 1569 3360; x_wconf 88' lang='lat' dir='ltr'>multiplici</span> <span class='ocrx_word' id='word_1_815' title='bbox 1582 3320 1728 3352; x_wconf 85' lang='lat' dir='ltr'>clibano.</span> <span class='ocrx_word' id='word_1_816' title='bbox 1749 3321 1799 3352; x_wconf 89' lang='lat' dir='ltr'>De</span> <span class='ocrx_word' id='word_1_817' title='bbox 1819 3316 1962 3351; x_wconf 84' lang='lat' dir='ltr'>diversis</span> <span class='ocrx_word' id='word_1_818' title='bbox 1981 3316 2101 3359; x_wconf 87' lang='lat' dir='ltr'>portis,</span> <span class='ocrx_word' id='word_1_819' title='bbox 2119 3319 2153 3350; x_wconf 90' lang='lat' dir='ltr'>et</span> <span class='ocrx_word' id='word_1_820' title='bbox 2169 3326 2253 3360; x_wconf 89' lang='lat' dir='ltr'>quo-</span> 
     </span>
     <span class='ocr_line' id='line_1_146' title="bbox 1368 3364 2254 3408; baseline -0.001 -11"><span class='ocrx_word' id='word_1_821' title='bbox 1368 3367 1471 3398; x_wconf 89' lang='lat' dir='ltr'>modo</span> <span class='ocrx_word' id='word_1_822' title='bbox 1501 3366 1696 3399; x_wconf 87' lang='lat' dir='ltr'>attollantur</span> <span class='ocrx_word' id='word_1_823' title='bbox 1721 3369 1755 3399; x_wconf 87' lang='lat' dir='ltr'>et</span> <span class='ocrx_word' id='word_1_824' title='bbox 1780 3367 1928 3408; x_wconf 82' lang='lat' dir='ltr'>pateant.</span> <span class='ocrx_word' id='word_1_825' title='bbox 1949 3365 2105 3398; x_wconf 83' lang='lat' dir='ltr'>Potentia</span> <span class='ocrx_word' id='word_1_826' title='bbox 2127 3365 2189 3397; x_wconf 90' lang='lat' dir='ltr'>Dei</span> <span class='ocrx_word' id='word_1_827' title='bbox 2217 3364 2254 3396; x_wconf 92' lang='lat' dir='ltr'>in</span> 
     </span>
     <span class='ocr_line' id='line_1_147' title="bbox 1368 3413 1746 3454; baseline 0.005 -10"><span class='ocrx_word' id='word_1_828' title='bbox 1368 3413 1489 3453; x_wconf 88' lang='lat' dir='ltr'>quibus</span> <span class='ocrx_word' id='word_1_829' title='bbox 1511 3414 1673 3446; x_wconf 86' lang='lat' dir='ltr'>consistat</span> <span class='ocrx_word' id='word_1_830' title='bbox 1693 3414 1746 3454; x_wconf 86' lang='lat' dir='ltr'>(e).</span> 
     </span>
    </p>

    <p class='ocr_par' dir='ltr' id='par_1_51' title="bbox 1328 3456 2252 3503">
     <span class='ocr_line' id='line_1_148' title="bbox 1328 3456 2252 3503; baseline -0.002 -13"><span class='ocrx_word' id='word_1_831' title='bbox 1328 3459 1428 3500; x_wconf 80' lang='lat' dir='ltr'>Deus,</span> <span class='ocrx_word' id='word_1_832' title='bbox 1449 3461 1537 3492; x_wconf 80' lang='lat' dir='ltr'>Deus</span> <span class='ocrx_word' id='word_1_833' title='bbox 1554 3470 1658 3500; x_wconf 79' lang='lat' dir='ltr'>meus,</span> <span class='ocrx_word' id='word_1_834' title='bbox 1676 3461 1801 3503; x_wconf 75' lang='lat' dir='ltr'>respice</span> <span class='ocrx_word' id='word_1_835' title='bbox 1816 3461 1850 3492; x_wconf 83' lang='lat' dir='ltr'>in</span> <span class='ocrx_word' id='word_1_836' title='bbox 1867 3469 1930 3501; x_wconf 88' lang='lat' dir='ltr'>me,</span> <span class='ocrx_word' id='word_1_837' title='bbox 1950 3459 2073 3492; x_wconf 89' lang='lat' dir='ltr'>Psalm.</span> <span class='ocrx_word' id='word_1_838' title='bbox 2087 3460 2141 3490; x_wconf 79' lang='lat'>21.</span> <span class='ocrx_word' id='word_1_839' title='bbox 2155 3456 2252 3490; x_wconf 90' lang='lat' dir='ltr'>Unde</span> 
     </span>
    </p>
   </div>
   <div class='ocr_carea' id='block_1_17' title="bbox 2295 536 2354 567">
    <p class='ocr_par' dir='ltr' id='par_1_52' title="bbox 2295 536 2354 567">
     <span class='ocr_line' id='line_1_149' title="bbox 2295 536 2354 567; baseline 0 0"><span class='ocrx_word' id='word_1_840' title='bbox 2295 536 2354 567; x_wconf 84' lang='lat'><strong>169</strong></span> 
     </span>
    </p>
   </div>
   <div class='ocr_carea' id='block_1_18' title="bbox 2299 677 2357 709">
    <p class='ocr_par' dir='ltr' id='par_1_53' title="bbox 2299 677 2357 709">
     <span class='ocr_line' id='line_1_150' title="bbox 2299 677 2357 709; baseline 0 0"><span class='ocrx_word' id='word_1_841' title='bbox 2299 677 2357 709; x_wconf 83' lang='grc'>169</span> 
     </span>
    </p>
   </div>
   <div class='ocr_carea' id='block_1_19' title="bbox 2300 911 2358 943">
    <p class='ocr_par' dir='ltr' id='par_1_54' title="bbox 2300 911 2358 943">
     <span class='ocr_line' id='line_1_151' title="bbox 2300 911 2358 943; baseline 0.034 -2"><span class='ocrx_word' id='word_1_842' title='bbox 2300 911 2358 943; x_wconf 92' lang='grc'>170</span> 
     </span>
    </p>
   </div>
   <div class='ocr_carea' id='block_1_20' title="bbox 2295 1241 2351 1272">
    <p class='ocr_par' dir='ltr' id='par_1_55' title="bbox 2295 1241 2351 1272">
     <span class='ocr_line' id='line_1_152' title="bbox 2295 1241 2351 1272; baseline 0 0"><span class='ocrx_word' id='word_1_843' title='bbox 2295 1241 2351 1272; x_wconf 84' lang='grc'>171</span> 
     </span>
    </p>
   </div>
   <div class='ocr_carea' id='block_1_21' title="bbox 2299 1524 2360 1556">
    <p class='ocr_par' dir='ltr' id='par_1_56' title="bbox 2299 1524 2360 1556">
     <span class='ocr_line' id='line_1_153' title="bbox 2299 1524 2360 1556; baseline -0.016 0"><span class='ocrx_word' id='word_1_844' title='bbox 2299 1524 2360 1556; x_wconf 78' lang='lat'>172</span> 
     </span>
    </p>
   </div>
   <div class='ocr_carea' id='block_1_22' title="bbox 2303 1759 2361 1791">
    <p class='ocr_par' dir='ltr' id='par_1_57' title="bbox 2303 1759 2361 1791">
     <span class='ocr_line' id='line_1_154' title="bbox 2303 1759 2361 1791; baseline -0.017 0"><span class='ocrx_word' id='word_1_845' title='bbox 2303 1759 2361 1791; x_wconf 86' lang='lat'><strong>173</strong></span> 
     </span>
    </p>
   </div>
   <div class='ocr_carea' id='block_1_23' title="bbox 2303 1948 2362 1980">
    <p class='ocr_par' dir='ltr' id='par_1_58' title="bbox 2303 1948 2362 1980">
     <span class='ocr_line' id='line_1_155' title="bbox 2303 1948 2362 1980; baseline 0 0"><span class='ocrx_word' id='word_1_846' title='bbox 2303 1948 2362 1980; x_wconf 83' lang='grc'>174</span> 
     </span>
    </p>
   </div>
   <div class='ocr_carea' id='block_1_24' title="bbox 2301 2136 2360 2167">
    <p class='ocr_par' dir='ltr' id='par_1_59' title="bbox 2301 2136 2360 2167">
     <span class='ocr_line' id='line_1_156' title="bbox 2301 2136 2360 2167; baseline 0 0"><span class='ocrx_word' id='word_1_847' title='bbox 2301 2136 2360 2167; x_wconf 83' lang='grc'>175</span> 
     </span>
    </p>
   </div>
   <div class='ocr_carea' id='block_1_25' title="bbox 2301 2371 2360 2404">
    <p class='ocr_par' dir='ltr' id='par_1_60' title="bbox 2301 2371 2360 2404">
     <span class='ocr_line' id='line_1_157' title="bbox 2301 2371 2360 2404; baseline -0.017 0"><span class='ocrx_word' id='word_1_848' title='bbox 2301 2371 2360 2404; x_wconf 90' lang='grc'>176</span> 
     </span>
    </p>
   </div>
   <div class='ocr_carea' id='block_1_26' title="bbox 2301 2514 2360 2547">
    <p class='ocr_par' dir='ltr' id='par_1_61' title="bbox 2301 2514 2360 2547">
     <span class='ocr_line' id='line_1_158' title="bbox 2301 2514 2360 2547; baseline -0.017 0"><span class='ocrx_word' id='word_1_849' title='bbox 2301 2514 2360 2547; x_wconf 90' lang='grc'>177</span> 
     </span>
    </p>
   </div>
   <div class='ocr_carea' id='block_1_27' title="bbox 2299 2938 2358 2971">
    <p class='ocr_par' dir='ltr' id='par_1_62' title="bbox 2299 2938 2358 2971">
     <span class='ocr_line' id='line_1_159' title="bbox 2299 2938 2358 2971; baseline 0 0"><span class='ocrx_word' id='word_1_850' title='bbox 2299 2938 2358 2971; x_wconf 87' lang='grc'>178</span> 
     </span>
    </p>
   </div>
   <div class='ocr_carea' id='block_1_28' title="bbox 2299 3127 2357 3160">
    <p class='ocr_par' dir='ltr' id='par_1_63' title="bbox 2299 3127 2357 3160">
     <span class='ocr_line' id='line_1_160' title="bbox 2299 3127 2357 3160; baseline 0 0"><span class='ocrx_word' id='word_1_851' title='bbox 2299 3127 2357 3160; x_wconf 87' lang='grc'>179</span> 
     </span>
    </p>
   </div>
   <div class='ocr_carea' id='block_1_29' title="bbox 2297 3269 2356 3303">
    <p class='ocr_par' dir='ltr' id='par_1_64' title="bbox 2297 3269 2356 3303">
     <span class='ocr_line' id='line_1_161' title="bbox 2297 3269 2356 3303; baseline -0.034 0"><span class='ocrx_word' id='word_1_852' title='bbox 2297 3269 2356 3303; x_wconf 86' lang='grc'>179</span> 
     </span>
    </p>
   </div>
   <div class='ocr_carea' id='block_1_30' title="bbox 1327 3520 2356 3604">
    <p class='ocr_par' dir='ltr' id='par_1_65' title="bbox 1327 3520 2356 3604">
     <span class='ocr_line' id='line_1_162' title="bbox 1327 3520 2356 3562; baseline -0.002 -10"><span class='ocrx_word' id='word_1_853' title='bbox 1327 3532 1386 3552; x_wconf 82' lang='lat' dir='ltr'>non</span> <span class='ocrx_word' id='word_1_854' title='bbox 1399 3525 1508 3553; x_wconf 89' lang='lat' dir='ltr'>habent</span> <span class='ocrx_word' id='word_1_855' title='bbox 1523 3527 1586 3554; x_wconf 83' lang='lat' dir='ltr'>caet.</span> <span class='ocrx_word' id='word_1_856' title='bbox 1599 3526 1670 3554; x_wconf 85' lang='lat' dir='ltr'>edit.</span> <span class='ocrx_word' id='word_1_857' title='bbox 1683 3541 1718 3547; x_wconf 96' lang='lat'>—</span> <span class='ocrx_word' id='word_1_858' title='bbox 1734 3526 1774 3562; x_wconf 84' lang='lat' dir='ltr'>(f)</span> <span class='ocrx_word' id='word_1_859' title='bbox 1793 3525 1866 3554; x_wconf 82' lang='lat' dir='ltr'>Caet.</span> <span class='ocrx_word' id='word_1_860' title='bbox 1882 3524 1952 3553; x_wconf 82' lang='lat' dir='ltr'>edit.</span> <span class='ocrx_word' id='word_1_861' title='bbox 1967 3523 2046 3552; x_wconf 72' lang='lat' dir='ltr'>deest</span> <span class='ocrx_word' id='word_1_862' title='bbox 2059 3521 2213 3551; x_wconf 84' lang='lat' dir='ltr'>Christi.·—</span> <span class='ocrx_word' id='word_1_863' title='bbox 2228 3521 2266 3558; x_wconf 79' lang='lat'>(9)</span> <span class='ocrx_word' id='word_1_864' title='bbox 2283 3520 2356 3550; x_wconf 82' lang='lat' dir='ltr'>Coet.</span> 
     </span>
     <span class='ocr_line' id='line_1_163' title="bbox 1327 3563 2355 3604; baseline -0.004 -10"><span class='ocrx_word' id='word_1_865' title='bbox 1327 3566 1399 3594; x_wconf 84' lang='lat' dir='ltr'>edit.</span> <span class='ocrx_word' id='word_1_866' title='bbox 1413 3567 1617 3596; x_wconf 67' lang='lat' dir='ltr'>aedificium-</span> <span class='ocrx_word' id='word_1_867' title='bbox 1632 3567 1670 3604; x_wconf 76' lang='lat' dir='ltr'>(h)</span> <span class='ocrx_word' id='word_1_868' title='bbox 1683 3568 1759 3596; x_wconf 86' lang='lat' dir='ltr'>Item</span> <span class='ocrx_word' id='word_1_869' title='bbox 1768 3567 1899 3604; x_wconf 71' lang='lat' dir='ltr'>justitiae,</span> <span class='ocrx_word' id='word_1_870' title='bbox 1912 3566 2016 3603; x_wconf 82' lang='lat' dir='ltr'>poenit.</span> <span class='ocrx_word' id='word_1_871' title='bbox 2029 3566 2058 3593; x_wconf 89' lang='lat' dir='ltr'>et</span> <span class='ocrx_word' id='word_1_872' title='bbox 2070 3564 2181 3600; x_wconf 77' lang='lat' dir='ltr'>gratiae.</span> <span class='ocrx_word' id='word_1_873' title='bbox 2192 3579 2226 3585; x_wconf 95' lang='lat'>—</span> <span class='ocrx_word' id='word_1_874' title='bbox 2240 3564 2269 3600; x_wconf 75' lang='lat' dir='ltr'>(i)</span> <span class='ocrx_word' id='word_1_875' title='bbox 2283 3563 2355 3591; x_wconf 87' lang='lat' dir='ltr'>Item</span> 
     </span>
    </p>
   </div>
   <div class='ocr_carea' id='block_1_31' title="bbox 1326 3605 2050 3645">
    <p class='ocr_par' dir='ltr' id='par_1_66' title="bbox 1326 3605 2050 3645">
     <span class='ocr_line' id='line_1_164' title="bbox 1326 3605 2050 3645; baseline -0.004 -9"><span class='ocrx_word' id='word_1_876' title='bbox 1326 3607 1435 3636; x_wconf 78' lang='lat' dir='ltr'>nostris</span> <span class='ocrx_word' id='word_1_877' title='bbox 1448 3609 1675 3644; x_wconf 73' lang='lat' dir='ltr'>temporibus.—</span> <span class='ocrx_word' id='word_1_878' title='bbox 1690 3609 1729 3645; x_wconf 87' lang='lat' dir='ltr'>(j)</span> <span class='ocrx_word' id='word_1_879' title='bbox 1752 3609 1826 3638; x_wconf 82' lang='lat' dir='ltr'>Goet.</span> <span class='ocrx_word' id='word_1_880' title='bbox 1840 3608 1910 3637; x_wconf 82' lang='lat' dir='ltr'>edit.</span> <span class='ocrx_word' id='word_1_881' title='bbox 1923 3605 2050 3643; x_wconf 80' lang='lat' dir='ltr'>proprie.</span> 
     </span>
    </p>
   </div>
   <div class='ocr_carea' id='block_1_32' title="bbox 2580 0 2633 3660">
    <p class='ocr_par' dir='ltr' id='par_1_67' title="bbox 2580 0 2633 3660">
     <span class='ocr_line' id='line_1_165' title="bbox 2580 0 2633 3660; baseline 0 0"><span class='ocrx_word' id='word_1_882' title='bbox 2580 0 2633 3660; x_wconf 95' lang='lat' dir='ltr'> </span> 
     </span>
    </p>
   </div>
  </div>
 </body>
</html>
