2633 3878
274 285 350 325 3⁶28

273 370 471 417 depressio
506 371 562 406 est
598 367 920 415 concupiscentire
956 367 1217 404 mortificatio.
1258 369 1300 404 Et

270 430 513 476 notandum,
535 429 646 477 quod
664 429 747 466 haec
772 429 933 467 directio
960 428 1146 466 divinitus
1175 429 1298 475 impe-

269 494 375 527 ratur
401 501 472 539 per
499 490 738 538 potentiam,
766 493 1008 537 pra->paratur
1039 500 1110 537 per
1143 490 1297 537 sapien-

268 552 387 597 tiam,
419 555 689 589 remuneratur
717 562 788 599 per
815 552 1074 588 elementiam.
1097 553 1148 588 De
1166 552 1295 599 primo

266 613 406 659 legitur
428 615 437 635 ¹
461 625 469 649 :
495 614 639 659 «Virga
658 613 896 657 directionis,
925 613 1036 659 virga
1055 613 1164 659 regni
1185 613 1253 659 tui,
1274 628 1291 649 n

266 675 378 721 quasi
399 674 568 721 diceret;
590 675 705 721 Virga
725 685 805 721 qua
824 684 896 710 nos
916 674 1044 720 regis,
1072 685 1152 721 qua
1170 675 1295 723 impe-

266 746 327 773 ras
347 736 485 782 nobis,
514 740 569 773 est
588 736 700 782 virga
722 735 957 772 directionis.
979 737 1030 773 De
1054 737 1228 773 seeundo
1250 735 1262 756 2
1284 749 1293 773 :

269 799 341 834 «Tu
362 798 506 845 parasti
528 797 774 835 directiones
796 809 814 831 η
839 799 889 834 De
911 797 1024 835 tertio
1046 799 1059 819 ‘³
1081 810 1090 835 :
1115 810 1133 832 «
1160 799 1295 835 Veniat

263 869 354 906 pax,
375 873 394 892 n
418 862 609 906 quantum
623 859 675 896 ad
694 860 891 897 malorum
919 861 1143 898 evasionem
1159 874 1169 908 3
1196 875 1213 895 «
1230 871 1292 897 re-

263 921 435 967 quiescat
455 921 495 956 in
515 921 635 957 cubili
657 932 744 967 suo,
763 935 780 956 »
803 925 995 969 quantum
1015 923 1067 960 ad
1094 924 1293 960 bonorum

262 982 560 1029 adeptionem3»
587 994 673 1030 quse
699 984 744 1030 (a)
768 984 986 1021 ambulavit
1011 985 1051 1021 in
1080 984 1293 1020 directione

261 1054 373 1089 sua,»
395 1044 438 1080 id
465 1046 542 1090 est,
565 1044 605 1080 in
625 1045 854 1082 rectitudine
881 1046 1007 1091 bona,
1030 1048 1221 1093 quantum
1240 1046 1292 1082 ad

261 1105 503 1143 meritoriam
520 1106 726 1144 actionem.

599 1211 782 1246 Artz‘cztlus
804 1212 942 1246 tertius.

306 1291 430 1329 Tertia
448 1292 547 1329 ratio
569 1291 809 1338 designatur,
832 1301 924 1329 cum
947 1292 1129 1330 subditur
1149 1305 1157 1329 :
1180 1296 1224 1330 In
1238 1304 1291 1337 co,

259 1353 354 1398 quod
386 1353 527 1400 dz'dz‘cz'3
557 1353 651 1401 quia
682 1353 860 1390 discendi
891 1356 1000 1391 aetus
1032 1356 1088 1391 est
1123 1354 1291 1392 scientiae

259 1413 509 1461 acquisitivus
520 1442 532 1461 ,
555 1417 591 1451 et
611 1414 878 1462 intelligentiae
907 1414 1194 1453 clarificativus.
1216 1417 1290 1453 Sed

258 1475 544 1513 advertendum
557 1503 570 1522 ,
592 1476 703 1524 quod
722 1478 884 1525 propter
904 1476 978 1515 tria
996 1477 1217 1525 specialiter
1236 1481 1292 1516 est

257 1536 513 1584 discendum,
551 1538 696 1576 scilieet
728 1541 770 1575 ut
803 1538 1027 1584 timeamus,
1061 1539 1288 1586 diligamus

256 1597 496 1644 placeamus,
518 1601 683 1636 Istorum
712 1599 888 1646 primum
917 1602 973 1636 est
988 1600 1143 1647 justitiae
1161 1601 1291 1639 initia-

256 1661 405 1708 tivum3
424 1662 643 1698 secundum
654 1689 665 1708 ,
686 1661 960 1709 provectivum
972 1674 983 1709 3
1001 1662 1177 1709 tertium,
1197 1674 1290 1711 per-

256 1721 454 1758 fectivum.
494 1723 545 1759 De
577 1723 707 1769 primo
744 1724 758 1745 ⁸
791 1735 800 1759 z
843 1736 861 1757 ιι
899 1725 1103 1770 congrega
1139 1725 1191 1761 ad
1226 1735 1289 1762 me

255 1783 449 1831 populum
464 1810 474 1827 ,
503 1786 546 1820 ut
572 1784 706 1821 audiat
733 1794 934 1821 sermones
959 1795 1090 1828 meOS,
1111 1787 1148 1822 et
1168 1786 1291 1823 discat

256 1845 391 1881 timere
416 1855 494 1882 me.
527 1859 544 1878 »
568 1846 634 1882 Hic
663 1848 720 1883 est
745 1847 897 1884 clarum
922 1847 1033 1895 quod
1057 1848 1290 1886 discendum

257 1909 313 1943 est
332 1906 384 1943 ad
404 1905 638 1944 timendum.
663 1909 714 1944 De
743 1909 919 1946 secundo
940 1910 953 1931 ⁵
976 1922 984 1946 :
1011 1922 1028 1944 «
1046 1910 1123 1957 Ipsi
1143 1910 1249 1947 enim
1267 1921 1290 1948 a

256 1969 333 2004 Deo
366 1967 574 2015 didicistis,
601 1971 643 2005 ut
675 1969 845 2017 diligatis
873 1971 1043 2008 invicem
1069 1983 1077 2008 :
1099 1984 1118 2007 »
1145 1972 1209 2008 hic
1234 1974 1291 2008 est

255 2029 439 2076 planum,
462 2031 572 2078 quod
602 2031 837 2069 discendum
864 2035 920 2070 est
947 2033 1001 2070 ad
1025 2032 1286 2080 diligendum.

257 2092 308 2128 De
328 2092 439 2129 tertio
460 2093 473 2114 ⁶
494 2104 503 2127 :
530 2105 547 2126 «
566 2094 753 2131 Correctae
771 2096 861 2131 sunt
880 2095 1028 2131 semitae
1045 2105 1199 2142 eorum,
1219 2097 1290 2143 qui

257 2153 298 2189 in
326 2153 437 2190 terris
456 2156 561 2197 sunt,
593 2157 630 2191 et
656 2165 743 2202 quae
768 2156 839 2193 tibi
867 2155 1047 2204 placent,
1069 2157 1291 2195 didicerunt

256 2214 446 2253 homines.
478 2229 495 2251 »
532 2218 575 2254 Et
599 2216 664 2253 hic
683 2219 739 2254 est
755 2217 980 2265 liquidum,
1009 2219 1119 2266 quod
1138 2218 1289 2256 discen-

259 2275 354 2313 dum
375 2279 430 2314 est
449 2277 500 2314 ad
521 2278 868 2325 complacendum.

593 2381 780 2418 Articulus
801 2385 964 2429 quartus.

308 2465 451 2508 Quarta
486 2464 585 2502 ratio
619 2464 850 2511 denotatur,
882 2476 973 2502 cum
1009 2466 1288 2514 subjungitur:

258 2527 404 2563 Judicz'a
421 2526 578 2573 justitioe
603 2531 686 2564 tuoe.
716 2528 911 2572 Quoniam
931 2528 1000 2566 illa
1020 2529 1193 2576 justitia,
1213 2540 1292 2578 qua

259 2587 446 2625 Dominus
462 2588 654 2635 judicabit
673 2589 852 2626 omnium
871 2590 1009 2627 merita
1029 2592 1066 2627 et
1085 2591 1289 2640 demerita,

260 2649 445 2687 rectificat
473 2650 665 2688 exteriora
691 2661 812 2699 opera
834 2663 842 2688 :
866 2652 941 2688 nisi
968 2652 1074 2689 enim
1092 2653 1294 2692 timeretur

260 2710 327 2749 illa
354 2711 522 2758 justitia,
552 2712 666 2748 multi
691 2713 816 2749 multa
835 2716 1105 2761 perpetrarent
1129 2716 1290 2763 flagitia.

261 2774 467 2820 Propterea
486 2774 691 2811 sciendum
705 2801 718 2819 ,
738 2774 849 2821 quod
865 2774 948 2811 haec
962 2776 1114 2822 justitia
1132 2787 1156 2815 a
1176 2777 1293 2826 culpa

260 2837 483 2881 praeservat,
516 2846 539 2872 a
570 2845 690 2884 poena
722 2835 877 2881 liberat,
910 2836 963 2872 ad
996 2836 1118 2874 vitam
1151 2839 1290 2878 elevat.

262 2897 434 2934 Primum
464 2897 594 2934 reddit
626 2897 829 2934 hominem
863 2908 1066 2945 securum,
1101 2903 1293 2947 quantum

264 2958 316 2995 ad
334 2958 518 2995 interiora
533 2971 543 3004 ;
559 2958 790 3004 secundum,
809 2961 1000 3005 quantum
1014 2960 1066 2996 ad
1086 2960 1290 3010 inferiora3

263 3020 438 3065 tertium,
472 3022 664 3067 quantum
685 3019 738 3056 ad
765 3020 981 3066 superiora.
1010 3023 1062 3058 De
1091 3023 1220 3070 primo
1246 3026 1259 3047 ⁷
1281 3036 1290 3061 :

268 3096 287 3117 a
317 3081 467 3119 lustitia
501 3080 670 3118 custodit
704 3080 923 3117 innocentis
951 3082 1058 3119 viam
1098 3095 1106 3119 :
1140 3098 1158 3120 n
1203 3096 1292 3124 eece

264 3143 512 3191 praescrvatio
548 3142 686 3190 culpae.
727 3144 779 3178 De
817 3143 1053 3180 secundossz
1092 3158 1109 3179 «
1145 3148 1292 3186 Justitia

264 3216 359 3242 vero
372 3205 555 3243 liberabit
571 3215 595 3242 a
608 3206 734 3242 morte
754 3216 762 3241 :
784 3218 802 3240 ))
821 3214 909 3241 ecce
924 3204 1132 3244 declinatio
1150 3218 1289 3254 poenae.

264 3268 316 3303 De
336 3267 447 3305 tertio
467 3268 480 3289 ⁹
501 3278 511 3303 x
536 3279 555 3302 α
584 3265 734 3304 ,Iustitia
762 3265 888 3303 elevat
917 3269 1096 3314 gentem3
1127 3269 1292 3309 miseros

266 3331 396 3365 autem
413 3327 504 3365 facit
520 3329 690 3377 populos
713 3330 918 3376 peccatum
939 3340 948 3365 z
971 3342 989 3365 n
1022 3339 1111 3367 ecce
1132 3330 1290 3380 adeptio

266 3388 353 3426 vitae
372 3393 535 3428 aeternae.

309 3472 320 3492 ¹
340 3472 394 3502 Ps.
418 3480 509 3511 κων,
530 3474 604 3505 ’1.-
626 3472 637 3490 ²
655 3472 711 3504 Ρς.
732 3479 852 3512 xcvtu,
874 3475 903 3505 4.
919 3491 959 3496 —
980 3473 993 3495 ³
1014 3476 1092 3513 Isa..
1114 3483 1198 3517 LVH,
1217 3480 1288 3509 2.—

268 3519 281 3539 ⁵
302 3517 410 3558 Deut„
430 3527 474 3559 ιν,
499 3523 591 3553 10.-
612 3520 625 3542 ⁶
644 3520 657 3551 1
683 3519 866 3561 Thess.,1v,
889 3523 968 3553 9.-
990 3523 1001 3542 ⁶
1023 3523 1116 3563 Sap„
1132 3531 1180 3564 121,
1199 3527 1291 3557 18.—

970 277 1240 320 EXPOSITIO
1272 278 1323 320 IN
1353 278 1704 321 PSALTERIUM.

1632 410 1792 453 Epilogus
1815 410 1950 452 septimi
1970 411 2139 444 versiculi.

1420 494 1626 539 Propterea
1653 492 1747 530 dicit
1773 493 1974 530 psalmista
1998 493 2039 530 in
2068 494 2275 541 cujuslibet
2302 498 2398 533 tem-

1371 554 1493 601 perati
1525 563 1695 601 persona
1725 566 1734 591 :
1764 556 1959 601 Confitebor
1997 557 2090 602 tibi,
2124 556 2270 593 scilieet
2300 568 2395 594 con-

1371 615 1570 652 scientiam
1591 615 1845 653 emundando
1859 645 1870 662 ,
1891 618 1934 652 ut
1953 616 2026 653 sim
2043 617 2201 664 purior,
2223 620 2263 654 in
2283 619 2397 655 direc-

1372 679 1467 713 tione
1487 677 1618 723 cordis,
1634 677 1675 712 id
1691 679 1759 723 est,
1780 678 2005 723 voluntatis,
2018 689 2089 724 per
2103 679 2397 726 depressionem

1370 738 1654 784 sensualitatis,
1682 740 1718 775 et
1748 739 2091 777 mortificationem
2119 741 2398 789 eoncupiscen-

1370 799 1471 836 tialis
1490 799 1651 846 fomitis,
1678 802 1720 836 ut
1739 800 1813 837 sim
1834 801 1997 847 durior;
2019 804 2058 837 in
2079 812 2115 838 eo
2137 803 2230 849 quod
2249 803 2394 849 didici,

1369 860 1513 898 scilicet
1532 860 1827 908 intelligentiam
1848 861 2125 910 clarificando,
2147 865 2190 899 ut
2209 864 2283 900 sim
2301 875 2397 912 pru—

1369 922 1549 968 dentior,
1576 925 1613 959 et
1640 923 1853 970 maturior3
1881 924 2027 969 judicia
2052 924 2209 970 justitice
2232 928 2325 972 tuae,
2356 926 2398 963 in

1367 982 1497 1020 futuro
1527 984 1677 1030 judicio
1713 985 1960 1031 exercendae,
1991 986 2224 1023 exteriorem
2256 997 2395 1035 opera-

1368 1047 1515 1084 tionem
1545 1048 1828 1093 rectificando‚
1863 1050 1904 1085 ut
1938 1048 2012 1084 sim
2046 1049 2250 1086 securior:
2283 1050 2396 1097 quasi

1368 1108 1513 1146 diceret
1535 1121 1543 1145 :
1572 1110 1732 1147 Intendo
1753 1109 1836 1147 fore
1860 1111 2097 1148 conscientia
2121 1111 2280 1158 purior,
2303 1121 2395 1148 con—

1368 1170 1605 1218 cupiscentia
1634 1171 1794 1218 durior,
1823 1172 2077 1219 intelligentia
2111 1172 2326 1219 maturior,
2360 1175 2397 1210 et

1367 1233 1627 1280 experientia,
1647 1243 1717 1270 seu
1744 1234 1970 1281 operatione
2000 1234 2181 1272 exterIori
2208 1233 2393 1272 securior.

1725 1378 1944 1407 VERSICULUS
1968 1379 2046 1407 V111.

1411 1483 1690 1528 Justificationes
1717 1484 1809 1518 tuas.
1840 1481 1943 1518 Sicut
1972 1482 2110 1528 patens
2137 1483 2193 1518 est
2220 1491 2267 1518 ex
2293 1491 2395 1530 pree-

1366 1542 1499 1588 dictis,
1529 1543 1594 1580 via
1624 1543 1878 1580 beatitudinis
1909 1544 1965 1579 est
1995 1542 2226 1580 affectabilis
2261 1553 2396 1580 amore

1364 1605 1515 1643 virtutis
1546 1604 1692 1651 civilis,
1714 1604 1859 1641 scilicet
1883 1604 2057 1651 justitiae,
2089 1603 2327 1652 prudentiae,
2359 1607 2396 1642 et

1364 1666 1641 1714 temperantiae.
1673 1666 1740 1703 Hic
1767 1666 2002 1713 ostenditur,
2037 1666 2148 1714 quod
2176 1666 2242 1703 vla
2270 1665 2393 1703 beati-

1364 1728 1510 1765 tudinis
1538 1730 1595 1765 est
1623 1728 1853 1765 affectabilis
1872 1738 2007 1765 amore
2032 1727 2283 1774 fortitudinis,
2305 1738 2394 1775 quae

1365 1790 1528 1838 quidem
1552 1790 1740 1827 fortitudo
1761 1793 1816 1827 est
1834 1790 2016 1827 amabilis
2036 1791 2205 1837 quatuor
2225 1789 2273 1826 de
2299 1800 2393 1826 cau·
2429 1795 2553 1823 Fortitu-

1364 1852 1415 1888 sis
1443 1864 1452 1888 :

1484 1851 1654 1898 seilicet,
1691 1852 1784 1899 quia
1814 1851 2002 1888 fortitudo
2036 1851 2216 1899 spiritum
2244 1853 2394 1897 armat,
2413 1835 2552 1903 d⁰bffi¹ss¹²³‘

1364 1916 1558 1950 armatum
1587 1914 1759 1959 animat,
1783 1914 2000 1950 animatum
2019 1912 2203 1959 associat,
2226 1912 2395 1950 associa·
2422 1918 2545 1952 quatuor

1363 1978 1447 2012 tum
1461 1975 1635 2022 adjuvat.
1653 1977 1695 2012 In
1713 1975 1842 2022 primo
1858 1977 1964 2022 patet
1977 1974 2112 2011 divina
2124 1974 2391 2022 providentia,

1364 2037 1404 2074 in
1420 2037 1610 2083 secundo,
1628 2037 1804 2074 humana
1819 2036 2084 2083 confidentia;
2103 2036 2145 2073 in
2161 2036 2288 2082 tertio,
2305 2046 2394 2084 spes

1365 2098 1414 2136 de
1450 2098 1590 2136 virtute
1622 2098 1781 2145 divina;
1814 2099 1855 2135 in
1888 2099 2029 2146 quarto
2041 2124 2054 2144 ,
2093 2097 2313 2136 diffidentia
2344 2097 2393 2136 de

1363 2161 1503 2199 virtute
1522 2161 1697 2209 propria.

1704 2266 1886 2303 Articulus
1903 2268 2056 2314 primus.

1412 2350 1608 2393 Quantum
1637 2347 1689 2384 ad
1718 2347 1907 2395 primum,
1941 2347 2035 2384 dicit
2070 2348 2276 2397 Propheta,
2309 2350 2395 2386 tan-

1365 2421 1485 2458 quam
1504 2409 1613 2447 fortis
1639 2408 1783 2448 athleta
1803 2421 1812 2446 :
1832 2411 2116 2455 Justz‘stcationes
2137 2414 2240 2457 tuas,
2259 2410 2303 2447 id
2322 2413 2391 2458 est,

1365 2471 1583 2520 spirituales
1609 2473 1850 2517 armaturas,
1875 2481 1946 2518 per
1970 2473 2078 2508 tuam
2103 2471 2395 2519 providentiam

1364 2533 1460 2571 mihi
1481 2532 1661 2579 collatas,
1682 2532 1894 2570 custodiam.
1917 2535 2012 2569 Ecce
2035 2532 2193 2580 spiritus
2212 2535 2393 2580 armano,

1366 2605 1454 2633 ecce
1480 2594 1614 2632 divina
1640 2594 1836 2642 provisi03
1865 2594 1933 2630 sed
1957 2596 2050 2631 nota
2072 2595 2184 2642 quod
2206 2595 2393 2642 Justifica-

1365 2658 1490 2696 tiones
1508 2657 1601 2702 istae,
1628 2655 1710 2693 sive
1729 2655 1948 2704 spirituales
1964 2659 2185 2703 armaturae,
2209 2657 2395 2695 divinitus

1366 2720 1665 2767 comparantur,
1685 2719 1975 2765 praeparantur,
1995 2717 2111 2754 nobis
2130 2718 2286 2755 dantur.
2307 2719 2395 2756 Illas

1365 2790 1538 2827 namque
1558 2779 1745 2816 Dominus
1762 2779 2005 2826 comparavit
2022 2779 2061 2815 in
2075 2779 2272 2826 passione,
2294 2790 2394 2827 prae-

1365 2841 1519 2890 paravit
1542 2841 1583 2877 in
1609 2840 1893 2877 resurrectione
1904 2867 1917 2886 ‚
1938 2840 2046 2876 dedit
2067 2839 2183 2876 nobis
2201 2840 2243 2876 in
2262 2843 2395 2878 nostra

1365 2902 1584 2940 vocatione.
1607 2903 1658 2938 De
1676 2901 1805 2948 primo
1823 2901 1849 2921 ¹⁰
1871 2913 1880 2936 :
1907 2912 1925 2935 α
1940 2903 1990 2938 De
2008 2903 2171 2948 peccato
2193 2901 2395 2940 damnavit

1365 2966 1591 3012 peccatum,
1613 2977 1630 2997 »
1659 2962 1702 2999 id
1731 2965 1809 3008 est,
1828 2972 1946 3010 poena
1973 2962 2179 2999 dominicae
2200 2963 2394 3011 passionis

1365 3025 1524 3062 abstulit
1570 3025 1728 3072 culpam
1775 3024 1912 3072 primae
1958 3024 2315 3072 praevaricationis,
2353 3026 2394 3063 in

1366 3099 1501 3136 carne,
1527 3099 1609 3127 non
1637 3089 1678 3126 in
1706 3088 1920 3126 divinitate.
1949 3087 2155 3135 Sequitur,
2184 3091 2226 3126 ut
2249 3089 2392 3136 J'ustifi-

1365 3154 1466 3191 catio
1497 3153 1618 3200 legis,
1650 3153 1691 3189 in
1722 3161 1801 3199 qua
1833 3160 1915 3188 non
1948 3150 2069 3187 fiebat
2097 3151 2275 3188 remissio
2296 3151 2391 3189 ‘sine

1365 3215 1554 3252 effusione
1584 3213 1798 3261 sanguinis,
1830 3212 2058 3260 impleretur
2090 3211 2132 3248 in
2167 3212 2284 3249 nobis
2320 3223 2390 3259 per

1365 3276 1500 3313 Christi
1532 3275 1766 3322 sanguinem
1793 3284 1867 3311 nos
1893 3272 2151 3320 justificantis.
2182 3275 2234 3309 De
2253 3283 2390 3310 secun-

1366 3338 1417 3374 do
1438 3339 1462 3360 ¹¹
1485 3349 1493 3374 :
1521 3337 1732 3374 «Traditus
1758 3338 1814 3372 est
1836 3338 1995 3382 propter
2023 3334 2165 3371 delicta
2190 3336 2347 3381 nostra,
2366 3348 2384 3369 n

1364 3402 1406 3436 ut
1435 3399 1580 3436 scilicet
1613 3409 1659 3436 ea
1692 3397 1852 3442 deleret,
1885 3398 1923 3433 et
1960 3397 2002 3432 ut
2038 3395 2171 3433 debita
2205 3395 2386 3433 solveret.

1366 3484 1374 3500 ⁷
1405 3483 1515 3522 Prota,
1537 3488 1599 3513 xxii
1612 3504 1622 3521 ,
1641 3483 1717 3513 6.-
1737 3482 1748 3498 ‘³
1764 3481 1874 3518 Ρνου.,
1891 3486 1931 3518 Χ,
1951 3479 2026 3510 2.-
2044 3479 2055 3494 ”
2075 3478 2185 3518 Pron„
2205 3485 2276 3519 XIV,
2293 3481 2388 3513 34.—

1368 3531 1389 3548 ¹⁰
1407 3530 1511 3570 Rom,
1527 3536 1603 3569 vm,
1623 3530 1653 3560 3.
1669 3544 1708 3553 -
1729 3528 1751 3550 ¹¹
1769 3528 1872 3565 Rom„
1891 3533 1938 3565 ιν,
1960 3526 2011 3557 15.
2030 3542 2071 3548 -
2089 3524 2133 3565 (a)
2153 3525 2228 3566 Ley.
2253 3527 2321 3567 qui,

2413 1958 2449 1986 de
2458 1959 2553 1986 causis
