2633 3878
152 362 254 389 ‹toz-dis

126 408 141 432 d
158 408 247 432 5505?-

117 450 155 476 tin
169 448 203 474 ad
215 448 256 473 di-

126 490 242 516 Palatio-

154 538 218 556 nem

136 571 239 605 qualis.

222 2979 276 3004 He.

205 3041 276 3065 'sau-

143 3285 264 3319 Ccmpla
271 3301 279 3306 -

169 3328 263 3354 centia

157 3368 271 3402 quadri-

155 3410 264 3436 formis.

275 268 350 306 362

273 354 492 391 Notandum
519 353 672 400 itaque,
709 352 820 400 quod
859 362 925 389 eor
949 352 1000 389 ad
1027 349 1296 388 dilatationem

275 415 503 461 dispositum
519 442 530 459 ,
551 415 668 451 debet
695 425 804 461 esse,
835 418 1026 463 qnantum
1051 413 1216 461 pertinet
1246 411 1297 447 ad

274 477 517 524 propositum
538 504 549 521 ,
584 477 801 514 emollitum
828 506 840 523 ,
880 478 1077 514 eruditum
1101 503 1112 520 ,
1149 473 1297 510 stabili-

275 544 373 576 tum:
396 540 599 576 Emollitnr
629 543 758 576 autem
784 551 854 587 per
881 539 1176 588 poenitcntiam3
1210 546 1296 573 eru-

277 602 379 638 ditur
408 612 478 648 per
517 601 772 649 sapientiam3
801 602 993 638 stabilitur
1021 610 1091 647 per
1117 598 1297 646 gratiam.

277 665 327 699 De
347 663 475 710 primo
494 663 503 683 ¹
527 675 535 699 :
563 678 581 697 «
599 663 744 700 Audisti
773 664 894 699 verba
913 661 1127 699 voluminis
1143 689 1153 706 ‚
1183 662 1300 707 atque

278 724 493 761 emollitum
519 727 575 762 est
609 736 676 762 cor
700 728 836 770 tuum,
868 727 905 762 et
934 723 1160 761 humiliatus
1192 733 1231 758 es
1260 721 1301 756 in

279 791 488 833 conspectu
520 787 671 823 Domini
698 800 705 823 ε
734 801 750 819 »
775 797 864 823 ecce
892 797 959 824 cor
984 785 1201 823 emollitum
1232 793 1302 831 per

279 849 557 895 pirnitentiam.
596 852 644 886 De
682 849 854 886 secundo
889 848 982 885 dicit
1021 846 1221 884 Psalmista
1248 846 1262 866 2
1292 857 1300 881 :

284 925 301 943 «
316 913 515 947 Dexteram
533 915 639 948 tuam
657 912 709 948 sic
724 915 857 949 notam
877 912 951 957 fac,
973 913 1008 947 ct
1027 909 1200 946 eruditos
1219 917 1301 944 cor-

281 971 329 1007 de
347 971 387 1007 in
401 973 609 1020 sapientia:
630 987 647 1007 »
665 984 752 1010 ecee
769 984 836 1010 cor
850 972 1045 1009 eruditum
1065 981 1136 1017 per
1155 969 1304 1016 sapien-

282 1033 387 1070 tiam.
410 1049 425 1066 ν)
452 1037 500 1071 Dc
523 1036 633 1072 tertio
654 1038 666 1055 ³¹
689 1048 696 1071 :
718 1050 733 1069 «
755 1036 951 1083 Optimum
972 1037 1025 1070 est
1044 1032 1169 1080 gratia
1187 1030 1305 1068 stabi-

282 1095 352 1131 lire
373 1107 440 1132 cor
455 1108 462 1132 :
480 1111 496 1131 »
517 1108 605 1134 eece
627 1109 694 1134 cor
713 1098 925 1134 stabilitum
941 1094 1202 1143 pergratiam.
1227 1095 1305 1130 Hoc

283 1158 404 1195 modo
426 1159 657 1206 dispositum
686 1163 766 1196 crat
786 1160 890 1196 illins
918 1170 997 1201 cor,
1023 1168 1142 1205 quem
1174 1156 1303 1193 Domi-

283 1231 355 1256 nus
375 1221 569 1268 dilatavit,
587 1226 626 1260 ut
647 1225 743 1260 esset
764 1222 814 1259 ad
835 1221 1082 1270 operandum
1102 1219 1255 1266 agilior.

710 1330 878 1371 Epilogus.

333 1409 425 1446 Dicit
445 1420 537 1455 ergo
558 1409 749 1457 Propheta
781 1409 821 1445 in
846 1407 992 1456 praesati
1024 1405 1243 1454 poenitentis
1261 1405 1307 1441 fi-

285 1483 383 1518 gura
408 1485 418 1507 .·
450 1474 554 1507 Viam
580 1472 827 1508 maritimorum
855 1475 1014 1515 tuorum,
1040 1471 1231 1516 quantum
1258 1469 1309 1505 ad

285 1534 516 1570 exteriorem
529 1534 737 1575 actionem,
756 1531 988 1569 obedientiae
1005 1533 1306 1577 congruentem;

284 1599 452 1642 cucurri,
492 1600 682 1643 quantum
710 1597 762 1632 ad
794 1597 876 1643 ejus
907 1594 1175 1632 conditionem
1206 1592 1308 1629 sesti-

284 1658 424 1694 nantiae
450 1658 768 1704 convenientem3
802 1669 878 1694 cnm
902 1658 1089 1702 dilatasti,
1119 1658 1309 1703 quantum

285 1721 334 1756 ad
355 1720 547 1756 interioris
571 1720 786 1756 affectionis
817 1719 1138 1766 dispositionem,
1170 1717 1310 1753 laetitiae

284 1786 585 1827 consonantem,
617 1793 674 1817 coz·
705 1792 846 1825 meum,
878 1782 1067 1828 quantum
1098 1779 1149 1815 ad
1181 1779 1309 1826 ipsam

283 1843 532 1880 affectionem
554 1842 836 1880 benevolentiae
857 1844 1109 1889 attestantem.

557 2004 735 2039 CAPUT
778 2003 1035 2038 TERTIUM.

601 2126 820 2153 VERSICULUS
845 2125 991 2152 Paulus.

329 2223 762 2269 33.Le9emp0ne=mi1tz·,
783 2222 950 2262 Domine,
974 2222 1044 2256 etc.
1069 2218 1134 2255 llic
1158 2217 1315 2254 tertium

283 2285 486 2322 inchoatur
506 2284 719 2331 capitulum
735 2311 746 2328 ,
770 2293 849 2329 quo
880 2281 1037 2317 tertium
1063 2280 1314 2327 repraesenta-

283 2348 344 2382 tur
369 2345 574 2382 ferculum.
618 2347 660 2382 ln
688 2344 816 2391 primo
850 2342 1046 2390 siquidem
1079 2340 1315 2389 proponitur

284 2407 486 2444 beatitudo
504 2424 512 2451 ;
532 2407 571 2443 in
586 2406 759 2443 secundo
776 2404 981 2442 retributio
993 2416 1003 2450 3
1027 2404 1067 2440 in
1090 2402 1198 2439 tertio
1218 2401 1316 2448 legis

286 2470 440 2517 positio.
462 2472 505 2506 Et
525 2469 617 2517 quia
649 2479 719 2516 per
738 2468 868 2515 legem
893 2466 1048 2504 venitur
1068 2465 1119 2502 ad
1147 2463 1315 2500 retribu-

287 2532 453 2577 tionem,
467 2534 503 2568 et
521 2542 591 2579 per
604 2530 901 2568 retributionem
916 2525 1210 2576 pervcniturad
1227 2525 1317 2562 bea-

288 2594 491 2630 titudinem
506 2621 516 2638 ,
538 2596 644 2640 patet
673 2592 783 2640 quod
802 2591 950 2628 fercula
964 2618 976 2635 ,
1008 2589 1193 2636 dignitate
1222 2597 1318 2635 pen-

288 2659 388 2698 sata,
408 2667 489 2691 non
506 2659 594 2691 sunt
612 2655 827 2699 incongrue
848 2652 1042 2690 ordinata.
1063 2653 1136 2687 Lex
1156 2650 1228 2686 ista
1244 2659 1314 2696 po-

291 2720 410 2753 tenter
440 2718 626 2764 imperat,
660 2716 757 2752 sicut
789 2714 957 2751 ostendit
983 2712 1206 2750 octonarius
1239 2710 1318 2757 pri-

291 2790 402 2823 mus:
437 2782 472 2815 et
492 2779 575 2826 ipsa
601 2778 808 2814 clementer
828 2777 991 2820 liberat,
1025 2774 1122 2810 sicut
1150 2771 1320 2810 ostendit

294 2841 487 2877 secundus
510 2853 517 2876 :
541 2839 602 2876 cui
629 2839 869 2886 respondent
892 2836 1125 2874 eorumdem
1152 2834 1317 2881 primor-

297 2902 418 2938 diales
439 2902 570 2937 littcrae
594 2914 601 2937 :
623 2911 715 2937 nam
747 2900 899 2947 primus
933 2897 1156 2934 octonarius
1188 2895 1322 2942 incipit

297 2964 347 3000 ab
367 2963 552 2999 hebraica
572 2963 697 2999 littera
717 2965 767 2998 lle
781 2989 792 3005 ‚
814 2973 900 3008 quae
920 2960 1192 3006 interpretatur
1219 2959 1320 3002 Istct3

298 3029 333 3062 et
351 3025 567 3069 secundus,
599 3024 650 3060 ab
669 3024 855 3060 hebraica
875 3022 1000 3058 littera
1028 3022 1131 3064 Yau,
1157 3030 1245 3066 quae
1264 3018 1322 3053 in-

299 3090 528 3134 terpretatur
547 3088 593 3122 Et
624 3089 718 3132 ipso.
750 3087 823 3121 Lex
859 3083 1042 3130 praedicta
1074 3079 1324 3118 rationalitati

299 3153 439 3186 nostrae
459 3148 695 3196 complacet,
718 3147 815 3182 sicut
833 3145 1051 3181 insinuatur
1075 3142 1324 3190 quaternario

300 3211 451 3258 prim03
482 3210 551 3246 sed
578 3207 808 3246 animalitati
834 3208 975 3243 nostr-ze
996 3205 1197 3252 displicet,
1229 3204 1326 3240 sicut

301 3274 519 3310 insinuatur
549 3272 737 3310 secundo.
780 3273 842 3308 Est
878 3272 1008 3306 autem
1043 3265 1327 3313 complacentia

307 3335 607 3382 quadriformis,
636 3345 724 3381 quae
754 3335 923 3380 quatuor
942 3327 1197 3377 praeambulis
1227 3326 1328 3362 indi-

306 3400 413 3433 catur
431 3397 634 3434 versiculis
656 3409 663 3432 ε
694 3394 912 3442 complacet
930 3391 1035 3429 enim
1065 3392 1109 3426 ut
1136 3388 1329 3425 desidera-

349 3484 356 3500 ¹
380 3481 403 3509 lt
427 3479 591 3519 Paralip„
611 3486 726 3510 xxxiv.
750 3479 801 3509 27.
823 3494 863 3501 —
888 3476 899 3494 ²
926 3474 1016 3506 Psal.
1043 3479 1191 3512 Lxxxlx,
1219 3472 1269 3502 12.
1289 3488 1329 3494 —

307 3528 319 3548 ²³
340 3526 452 3565 Helm„
471 3533 550 3566 xm,
570 3528 600 3557 9.
615 3543 655 3549 —
676 3526 689 3547 δ
705 3526 814 3564 Pron„
835 3531 896 3563 vii,
915 3524 944 3554 3.
958 3537 999 3545 -—
1015 3522 1026 3540 ⁵
1046 3519 1119 3559 Job,
1136 3525 1260 3557 xxviu,
1277 3519 1327 3548 25.

966 259 1236 304 EXPOSlTlO
1267 257 1320 300 ΙΝ
1350 258 1700 301 PSALTERttJM.

1371 349 1480 395 bilis,
1502 352 1545 385 ut
1564 348 1881 394 considerabitis,
1899 351 1941 386 ut
1956 351 2166 398 operabilis
2179 379 2191 398 ,
2208 356 2251 391 ut
2269 365 2396 393 remu-

1371 411 1569 448 nerabilis.
1622 411 1770 448 Primus
1812 422 1948 448 versus
1983 412 2151 459 primam
2189 414 2393 454 declarans

1374 472 1722 519 complacentiam,
1743 473 2043 521 quadruplicem
2063 474 2188 512 innuit
2206 486 2366 514 causam
2384 491 2395 514 .·

1373 538 1491 582 puta,
1517 534 1612 581 qnia
1636 534 1899 582 insipientiam
1928 536 2022 583 ligat
2031 549 2042 582 ;
2071 537 2164 584 quia
2189 539 2396 586 concupis-

1375 596 1542 633 centiam
1568 595 1754 642 castigat3
1789 597 1882 644 quia
1911 598 2142 645 sapientiam
2166 599 2397 647 investigat3

1376 658 1469 705 quia
1488 656 1782 703 intelligentiam
1801 669 1883 695 non
1903 659 2046 706 fatigat.
2066 660 2236 698 Primum
2251 663 2306 698 est
2321 662 2401 708 jus-

1376 719 1465 755 titiae
1484 732 1494 765 ;
1516 719 1756 763 secundum,
1783 722 2072 769 temperantiae3
2095 723 2275 770 tertium,
2307 735 2402 772 pru-

1379 778 1517 814 dentiae
1528 791 1538 824 ;
1561 780 1745 826 quartum
1760 808 1772 822 ‚
1790 781 2028 818 constantiae.

1717 885 1898 922 ,miculas
1919 887 2073 932 primus.

1427 966 1596 1002 Primam
1615 967 1908 1015 complacentiae
1927 979 2098 1015 causam,
2121 969 2266 1008 scilicet
2283 971 2406 1018 ligare

1379 1028 1668 1076 insipientiam,
1703 1029 1913 1067 insinuavit
1947 1031 2170 1078 Psalmista,
2207 1035 2408 1080 assumpta

1379 1090 1598 1138 poenitentis
1618 1092 1750 1138 figura
1765 1120 1776 1137 ,
1803 1104 1892 1129 cum
1916 1093 1994 1130 ait:
2016 1095 2137 1140 Legem
2168 1105 2258 1141 pone
2285 1095 2377 1130 mihi
2392 1123 2403 1142 ,

1380 1155 1552 1198 Domine,
1574 1154 1685 1200 quasi
1702 1154 1876 1201 ligamen
1898 1156 2140 1203 insipientiae.
2159 1159 2235 1193 Lex
2255 1157 2360 1193 enim
2382 1167 2405 1192 a

1380 1214 1564 1261 ligamine
1591 1215 1604 1236 '0
1635 1227 1643 1251 ;
1668 1227 1685 1249 «
1705 1216 1797 1263 Liga
1823 1216 1952 1263 legem
1982 1217 2022 1254 in
2049 1218 2179 1264 digitis
2205 1218 2328 1255 tuis.»
2365 1219 2408 1254 Et

1381 1277 1623 1323 notandum,
1643 1278 1754 1324 quod
1774 1279 1960 1315 Dominus
1985 1279 2153 1327 triplices
2174 1279 2284 1328 ponit
2302 1280 2407 1326 leges

1383 1339 1434 1376 ad
1452 1339 1658 1385 ligandum
1678 1338 1916 1386 insipientias
1943 1340 2112 1387 triplices
2134 1353 2142 1377 :
2166 1341 2277 1388 ponit
2305 1341 2410 1378 enim

1382 1401 1490 1447 leges
1503 1401 1719 1447 naturales,
1735 1401 1934 1438 clericales
1952 1430 1962 1446 ,
1977 1402 2135 1439 laicales
2152 1415 2160 1439 :
2177 1413 2247 1450 per
2260 1403 2410 1450 primas

1383 1462 1478 1510 ligat
1504 1462 1769 1509 insipientiam
1801 1462 2070 1508 ethnicorum3
2103 1474 2174 1511 per
2194 1463 2410 1511 secundas,

1383 1524 1645 1571 insipientiam
1666 1524 1920 1568 clericorum3
1950 1536 2020 1573 per
2047 1525 2178 1562 tertias
2193 1553 2205 1571 ,
2230 1525 2414 1573 insipien-

1383 1587 1477 1623 tiam
1507 1586 1712 1623 laicorum.
1740 1588 1790 1623 De
1822 1586 1958 1634 primis
1983 1589 1996 1609 ’ὁ

1385 1648 1441 1685 dit
1471 1648 1511 1684 in
1540 1659 1747 1693 mensura,
1789 1648 1952 1695 quando
1981 1649 2156 1696 ponebat
2187 1648 2331 1696 pluviis
2357 1649 2413 1686 le-

1386 1725 1476 1760 gem
1490 1741 1502 1758 ,
1522 1727 1539 1747 »
1565 1715 1636 1750 etc.
1658 1715 1752 1749 Ecce
1770 1712 1879 1759 leges
1899 1713 2124 1758 Jnaturales,
2152 1713 2416 1760 insipientIam

1386 1775 1629 1812 ethnicorum
1649 1774 1827 1821 ligantes,
1849 1775 1918 1821 qui
1939 1775 1987 1822 (a)
2010 1768 2145 1811 dicunt
2163 1775 2417 1812 elementares

1386 1838 1558 1874 actiones
1577 1848 1658 1873 non
1684 1837 1842 1873 subesse
1871 1836 2014 1873 divina}
2041 1836 2321 1884 providentiae,
2348 1836 2417 1872 sed

1387 1899 1493 1936 casui
1513 1901 1549 1935 et
1576 1898 1753 1935 fortunae.
1791 1900 1839 1935 De
1866 1898 2048 1935 secundis
2080 1898 2132 1935 ait
2164 1899 2383 1945 Propheta⁶
2406 1909 2414 1934 ε

1393 1975 1409 1994 «
1435 1963 1575 2007 Legem
1608 1960 1741 2008 posuit
1773 1959 1814 1996 in
1850 1960 1979 1997 Israel.
1999 1973 2017 1994 »
2054 1959 2167 2005 Quod
2199 1959 2341 1996 dicitur
2369 1959 2418 1995 de

1386 2023 1480 2060 viris
1499 2022 1716 2060 israeliticis
1731 2051 1742 2068 ,
1777 2024 2043 2070 competenter
2066 2022 2255 2070 accipitur
2275 2021 2325 2058 de
2345 2021 2421 2058 cle-

1386 2085 1500 2130 ricis3
1522 2084 1712 2132 quoniam
1737 2083 1854 2120 Israel
1876 2085 1941 2120 Vir
1956 2084 2082 2120 videns
2106 2086 2214 2120 Deum
2234 2083 2421 2130 interpre-

1387 2150 1489 2184 tatur
1505 2175 1515 2192 ,
1542 2145 1652 2194 quod
1679 2145 1828 2182 clericis
1848 2156 2019 2191 congrue
2052 2156 2134 2182 non
2163 2147 2351 2192 negatur3
2385 2147 2422 2182 et

1387 2210 1475 2246 luce
1515 2208 1656 2245 clarius
1699 2211 1754 2245 est
1785 2208 1896 2255 quod
1931 2207 2041 2244 dictis
2075 2207 2232 2254 legibus
2250 2207 2422 2254 ligantur

1389 2272 1536 2308 abusus
1568 2271 1758 2317 ipsorum.
1794 2271 1843 2305 De
1878 2269 1997 2305 tertiis
2031 2269 2149 2306 etiam
2178 2269 2320 2305 dicitur
2349 2279 2422 2316 per

1388 2332 1630 2369 Psalmistam
1655 2332 1667 2352 ⁷
1694 2343 1702 2366 :
1730 2343 1747 2364 «
1779 2331 1921 2376 Legem
1947 2340 2050 2377 pone
2083 2330 2207 2376 mihi,
2235 2329 2419 2375 Domine,

1389 2394 1429 2430 in
1448 2393 1513 2430 via
1531 2395 1623 2438 tua,
1645 2394 1741 2438 cto.;
1764 2406 1780 2424 »
1805 2391 1914 2438 quod
1936 2391 1982 2427 de
2003 2391 2222 2428 viatoribus
2250 2390 2420 2438 publicis

1390 2456 1648 2493 condecenter
1681 2453 1911 2500 intelligitur
1927 2466 1937 2499 3
1961 2455 1997 2489 ct
2024 2453 2135 2500 quod
2164 2463 2303 2490 eorum
2330 2452 2420 2488 insi-

1388 2517 1534 2565 pientia
1557 2517 1612 2553 sic
1648 2515 1802 2562 ligetur,
1830 2514 1963 2551 nullus
1994 2514 2068 2551 nisi
2096 2514 2283 2562 insipiens
2313 2513 2419 2550 diffi-

1390 2583 1503 2617 tetur.

1707 2625 1895 2660 Articulus
1920 2624 2102 2660 secundus.

1439 2702 1658 2740 Secundam
1686 2700 1978 2748 complacentiae
2005 2710 2163 2736 causam
2184 2698 2421 2742 declaravit,

1393 2777 1483 2803 cum
1503 2763 1657 2802 addidit
1672 2776 1683 2798 .·
1704 2764 1808 2798 Viam
1827 2763 2126 2808 justificationum
2147 2764 2303 2797 tuarum.
2325 2761 2419 2796 Ecce

1393 2829 1500 2864 viam
1537 2823 1860 2872 concupiscentiae
1898 2822 2132 2859 contrariam
2157 2850 2168 2867 ,
2209 2831 2330 2868 quam
2367 2821 2419 2856 ob

1395 2899 1554 2926 causam
1572 2889 1674 2924 recte
1692 2885 1832 2922 dicitur
1852 2885 2039 2931 castigare
2050 2881 2418 2930 concupiscentiam.

1395 2954 1437 2988 Et
1455 2949 1699 2993 notandum,
1729 2947 1839 2995 quod
1870 2947 1952 2983 haec
1972 2946 2037 2982 via
2066 2944 2206 2981 dicitur
2231 2945 2272 2980 in
2301 2943 2425 2991 Scrip-

1395 3017 1481 3050 tura
1500 3012 1565 3048 via
1583 3008 1848 3047 innocentium
1863 3036 1874 3054 ,
1895 3008 1960 3044 via
1985 3007 2246 3055 simplicium,
2268 3005 2332 3042 via
2350 3005 2423 3042 hu-

1397 3075 1551 3112 milium
1572 3087 1580 3111 :
1604 3084 1771 3122 quarum
1792 3072 1920 3119 prima
1940 3074 1996 3107 cst
2014 3071 2210 3119 praecipue
2230 3069 2424 3106 contraria

1398 3135 1719 3184 concupiscentioe
1738 3132 1909 3170 carnali:
1932 3130 2124 3178 secunda,
2145 3130 2425 3179 concupiscen-

1398 3199 1459 3234 tiae
1491 3197 1724 3245 temporali3
1753 3195 1863 3232 tertia
1889 3193 2212 3241 concupisc-entim
2241 3191 2421 3228 favorali.

1398 3263 1449 3297 De
1468 3260 1597 3308 prima
1614 3259 1679 3295 via
1698 3257 1878 3294 scribitur
1895 3258 1908 3279 ⁸
1932 3268 1940 3291 z
1967 3269 1984 3290 «
2001 3258 2018 3292 J
2025 3255 2152 3292 ustitia
2171 3252 2338 3290 custodit
2365 3251 2424 3287 in-

1400 3321 1573 3358 nocentis
1591 3320 1741 3356 viam.»
1762 3321 1856 3355 Ecce
1877 3316 2145 3354 innocentium
2173 3314 2259 3359 via,
2279 3323 2424 3349 concu-

1401 3429 1441 3436 —-
1460 3413 1473 3434 ⁶
1491 3412 1577 3443 Psal.
1603 3417 1734 3448 mcxvii,
1757 3411 1787 3440 5.
1807 3426 1849 3447 ὲ
1868 3409 1877 3426 ⁷
1899 3406 1990 3439 Psal.
2009 3412 2126 3442 XXXVI,
2147 3406 2198 3436 31.
2221 3420 2261 3427 —-
2280 3402 2294 3424 ⁸
2318 3404 2424 3441 Prov„

1402 3468 1478 3499 xlii,
1496 3461 1524 3491 6.

1445 3514 1492 3555 (ιι)
1510 3514 1590 3546 Caet.
1607 3512 1687 3544 edit.
1705 3520 1791 3552 quae.

2465 1238 2522 1264 Lex
2542 1245 2558 1262 a

2429 1276 2569 1312 ligamine

2026 1598 2035 1623 :
2060 1590 2228 1635 «Aquas
2267 1597 2411 1635 appen-
2447 1622 2450 1624 .

2441 2098 2542 2127 lsrael.
