2633 3878
42 712 142 738 Perse-

20 760 122 780 verare

15 793 80 828 trip!
87 793 133 820 iei-

3 837 47 862 tei·
77 843 144 863 con-

3 877 41 904 fit*
48 878 99 912 gil.

47 1955 115 1982 Dies

38 1996 120 2031 qni-i.

46 2395 117 2423 Dies

26 2436 125 2463 multi-

41 2478 116 2512 plex.

1005 224 1247 267 PSALMUS
1277 227 1450 269 CXVlll.

477 358 667 393 Articulus
691 355 876 392 secundus.

211 444 377 479 Causam
396 439 605 477 formalem
627 437 866 483 subnotavit,
882 448 973 474 eum
991 438 1167 475 subdidit
1183 451 1191 475 :

165 509 379 544 Perseverat.
397 506 471 542 Ista
489 502 780 552 perseverantia
801 504 856 538 est
874 502 941 539 illa
957 513 1194 550 permanen-

164 569 237 615 tia,
259 578 336 616 qua
366 570 520 614 tempus
544 566 748 612 permanet
774 564 814 600 in
840 565 1084 602 numerantis
1111 565 1193 602 ani-

165 642 231 668 ma
252 643 260 667 :
284 629 413 674 unde,
442 627 541 664 sicut
569 626 828 674 Philosophus
854 627 968 664 docet
990 629 1014 674 ¹,
1040 629 1196 675 tempus

163 703 246 730 non
263 693 373 737 esset,
392 689 423 726 si
443 689 575 726 anima
594 699 676 725 non
696 691 806 726 esset.
826 689 890 725 Hic
911 692 1023 737 potes
1043 692 1195 736 notare,

165 754 274 803 quod
305 752 507 800 tripliciter
537 751 727 797 contingit
757 762 1006 798 perseverare
1039 764 1047 788 :
1083 751 1195 789 vide-

163 817 253 854 lieet
293 815 555 857 rationaliter,
594 813 834 857 animaliter,
875 816 912 850 et
951 815 1193 852 naturaliter.

165 880 292 917 Prima
312 878 453 916 dicitur
477 876 741 926 perseveratio
761 877 984 924 bonorum3
1007 877 1196 923 secunda,

164 941 428 990 perseveratio
446 951 654 988 pecorum,
673 938 798 984 tertia,
819 939 1082 986 perseveratio
1104 950 1197 987 ope.-

164 1014 253 1040 rum
272 1003 514 1040 divinorum.
545 1002 673 1039 Prima
698 1001 963 1049 perseveratio
990 1001 1131 1048 legitur
1151 1001 1164 1021 ‘²
1188 1014 1196 1038 ε

169 1079 186 1099 «
210 1065 263 1104 tlli
294 1065 365 1102 viri
392 1064 672 1101 misericordiae
699 1067 806 1110 sunt,
838 1075 1010 1111 quornm
1039 1064 1200 1112 pietates

166 1139 247 1165 non
274 1128 521 1174 defecerunt,
545 1130 582 1163 et
605 1138 695 1163 eum
721 1126 868 1163 semine
900 1137 1037 1163 eorum
1067 1138 1199 1174 perse-

165 1193 301 1227 verant
324 1190 372 1239 (α)
394 1190 502 1226 bona
523 1202 531 1225 z
554 1203 571 1224 n
591 1199 679 1225 eece
698 1189 962 1236 perseveratio
982 1189 1196 1226 bonorum.

165 1252 345 1290 Secunda
365 1254 377 1275 ²³
399 1265 407 1290 :
435 1266 452 1287 «
473 1255 617 1290 pecora
635 1252 704 1289 tibi
732 1254 840 1298 sunt,
862 1252 1017 1289 attende
1046 1252 1143 1295 illis,
1166 1256 1204 1290 et

166 1317 197 1352 si
224 1318 314 1352 sunt
332 1315 459 1361 utilia,
484 1317 735 1363 perseverent
762 1314 870 1362 apud
892 1317 939 1351 te.
963 1329 979 1349 »
1004 1315 1119 1360 Quod
1138 1315 1201 1353 hic

167 1379 349 1415 scribitur
369 1378 417 1414 de
438 1378 669 1426 pecoribus,
699 1377 980 1414 convenienter
1006 1378 1202 1415 adscribi-

169 1444 230 1477 tur
255 1440 552 1488 peccatoribus,
582 1440 631 1476 de
665 1440 810 1487 quibus
839 1440 1007 1487 legimus
1032 1439 1045 1460 '⁹
1073 1454 1082 1476 :
1115 1455 1132 1475 ς(
1160 1442 1202 1477 Hi

168 1514 277 1548 vero,
306 1503 413 1540 velut
439 1501 726 1539 irrationabilia
754 1513 898 1549 pecora
926 1514 935 1538 :
959 1517 976 1537 »
1001 1513 1089 1540 ecce
1110 1513 1199 1551 per-

167 1566 358 1603 severatio
390 1576 594 1613 pecorum.
628 1564 753 1601 Tertia
780 1566 792 1585 ³
822 1577 830 1600 ε
866 1578 883 1599 «
915 1565 1056 1612 Didici,
1092 1565 1203 1613 quod

167 1628 303 1665 omnia
331 1637 473 1675 opera,
506 1638 594 1674 quse
618 1627 709 1663 feeit
737 1629 854 1673 Deus,
881 1632 1136 1674 perseverant
1161 1628 1200 1665 in

165 1692 354 1727 aeternnm
389 1702 396 1726 :
428 1703 447 1725 »
484 1699 572 1726 ecce
602 1690 866 1737 perseveratio
901 1701 1068 1738 operum
1101 1690 1203 1727 divi-

167 1763 324 1790 norum.

506 1800 696 1836 Articulus
723 1802 863 1837 tertius.

216 1879 381 1915 Causam
397 1877 641 1915 materialem
662 1877 878 1924 annotavit,
900 1889 991 1915 cum
1011 1878 1169 1915 addidit
1191 1891 1198 1914 :

171 1941 277 1983 Dies;
299 1941 393 1988 quia
410 1939 496 1977 dies
516 1940 617 1976 illud
643 1942 798 1988 tempus
825 1943 1004 1987 vocatur,
1025 1941 1136 1989 quod
1162 1942 1204 1978 in

170 2013 251 2040 nno
280 2002 367 2040 coeli
393 2005 505 2040 motu
529 2002 717 2039 fundatur
739 2014 747 2038 :
775 2002 872 2039 sicut
901 2005 1032 2040 autem
1058 2003 1204 2041 unitate

170 2068 416 2102 mensuratur
436 2065 563 2102 omnis
585 2075 794 2111 numerus,
816 2064 869 2101 sie
888 2065 958 2101 illo
985 2067 1096 2103 motu
1117 2077 1203 2102 om-

170 2129 230 2165 nis
248 2131 394 2174 motus,
415 2131 452 2166 et
469 2129 538 2165 illo
559 2132 735 2176 tempore
757 2139 875 2165 omne
902 2132 1075 2178 tempus,
1098 2130 1204 2167 unde

169 2191 356 2228 nimirum
400 2191 679 2228 convenienter
722 2191 936 2239 accipimus
980 2202 1052 2239 per
1098 2192 1206 2229 diem

169 2264 313 2300 unum,
339 2253 568 2291 universum
588 2257 743 2290 motum
766 2253 1031 2301 substratum,
1061 2257 1098 2291 et
1122 2254 1206 2291 uni-

168 2327 325 2354 versum
350 2319 505 2365 tempus
535 2316 758 2354 fundatum.
794 2319 836 2353 Et
866 2319 980 2363 nota,
1010 2316 1121 2364 quod
1150 2319 1208 2354 est

169 2379 252 2416 dies
277 2382 446 2425 naturae,
465 2379 651 2426 fortunae,
682 2379 815 2426 gratiae
845 2392 852 2415 :
881 2379 1012 2426 prima
1039 2379 1207 2427 pertinet

170 2441 223 2478 ad
240 2443 396 2478 motum
414 2441 642 2478 circularem
654 2454 664 2487 3
687 2441 874 2487 secunda,
893 2441 945 2477 ad
964 2443 1117 2478 motum
1137 2452 1206 2477 sae-

171 2502 366 2547 cularem;
397 2502 508 2540 tertia
534 2503 586 2540 ad
615 2506 769 2540 motum
795 2503 1020 2540 salutarem.
1052 2505 1103 2539 De
1129 2503 1208 2550 pri-

171 2576 238 2602 mo
267 2567 280 2588 ⁶
315 2578 322 2602 :
362 2579 380 2599 «
413 2567 572 2602 Factum
611 2568 667 2602 est
704 2576 866 2613 vespere
903 2567 939 2602 et
975 2577 1091 2603 mane
1123 2566 1206 2603 dies

172 2639 273 2665 unus
308 2641 316 2665 ε
347 2642 365 2663 »
400 2639 488 2666 ecce
528 2628 611 2665 dies
647 2630 808 2664 naturae..
849 2630 899 2665 De
936 2628 1112 2666 secundo
1145 2630 1158 2651 ⁷
1195 2640 1204 2664 z

176 2705 193 2725 «
219 2691 327 2728 Diem
357 2691 528 2728 hominis
556 2701 638 2728 non
669 2690 891 2728 desideravi
919 2704 928 2727 ε
957 2705 973 2725 »
1005 2702 1092 2728 eece
1124 2691 1207 2728 dies

171 2753 349 2792 fortunae.
372 2756 421 2792 De
442 2753 554 2791 tertio
570 2754 583 2775 ⁸
603 2766 610 2790 :
631 2767 648 2786 «
669 2755 764 2790 Ecce
785 2759 891 2790 nunc
908 2753 991 2790 dies
1009 2754 1167 2790 salutis:
1184 2768 1201 2789 »

172 2826 260 2853 ecce
283 2816 367 2854 dies
388 2816 533 2864 gratiae.

501 2922 687 2957 Articulus
712 2924 880 2966 quartus,

221 3008 388 3044 Causam
411 3007 574 3044 finalem
600 3007 823 3052 denotavit,
847 3018 939 3044 cum
966 3006 1064 3043 dixit
1086 3018 1094 3042 :
1117 3006 1209 3050 Quo-

175 3071 273 3105 niam
301 3071 422 3105 omnia
448 3071 609 3106 serviunt
641 3071 719 3106 tibi.
754 3069 856 3107 Nulli
889 3069 1082 3114 dubium,
1113 3069 1209 3116 quin

173 3130 262 3167 tinis
282 3131 462 3168 omnium
486 3134 567 3168 tam
593 3133 837 3178 temporum,
865 3141 988 3179 quam
1011 3134 1208 3180 tempora-

173 3192 293 3238 lium,
319 3193 368 3230 sit
400 3193 580 3230 divinum
613 3192 830 3230 servitium.
863 3194 1048 3238 Quaenam
1083 3193 1210 3241 major

173 3255 360 3304 perfectio
381 3258 588 3302 creaturae,
610 3267 731 3304 qnam
751 3257 919 3294 Creatori
942 3256 1114 3294 servire?
1134 3257 1210 3294 Sed

219 3355 358 3396 wrist„
384 3355 497 3397 Phys„
516 3355 574 3387 lib.
600 3356 655 3397 lv,
677 3357 758 3388 text.
784 3357 852 3388 131.
875 3373 914 3378 —
937 3356 951 3377 ²
972 3354 1090 3395 Eccli„
1116 3363 1210 3397 xmv,

177 3405 227 3435 10.
244 3421 279 3427 -—
301 3404 315 3426 ³
330 3404 449 3440 Eccli..
468 3412 529 3445 vil,
551 3406 602 3436 24.
621 3421 661 3427 —
681 3404 690 3422 ⁴
715 3404 738 3435 ll
762 3404 865 3444 Felix,
889 3411 926 3444 11,
949 3403 1075 3435 12.—⁵
1091 3403 1210 3443 Eccle.‚

178 3458 233 3491 ιιι,
267 3453 313 3484 t-t.
342 3470 381 3475 —-
411 3453 423 3474 ⁰
456 3453 550 3493 Gen„
585 3461 614 3493 ι,
641 3455 671 3484 ij.
706 3471 739 3475 —
772 3452 781 3470 ⁷
809 3452 942 3491 dorem„
974 3459 1066 3491 xvii,
1098 3453 1145 3484 ¹6.
1171 3470 1210 3475 -

2221 238 2300 280 1435

1268 320 1385 362 nota,
1417 318 1528 365 quod
1561 318 1617 354 illi
1651 320 1825 357 serviunt
1859 324 2043 361 creaturae
2080 326 2300 373 specialiter

1269 378 1409 426 triplici
1437 379 1588 416 ratione
1616 393 1624 416 :
1661 381 1863 428 quaedam,
1892 385 1985 430 quia
2012 390 2171 433 creatae;
2200 399 2302 436 quae-

1269 440 1389 487 dam,
1426 441 1519 489 quia
1551 445 1759 489 recreatae3
1795 445 2000 491 quaedam,
2036 449 2130 496 quia
2161 451 2298 488 beatae.

1269 503 1405 539 Primae
1430 504 1603 541 serviunt
1622 505 1698 542 sibi
1719 508 1755 542 et
1773 507 1871 553 suis,
1893 512 2168 554 praesentando
2192 513 2302 550 bona

1270 568 1436 612 naturae5
1459 568 1641 604 secunda}
1671 569 1865 615 serviunt,
1893 573 2168 617 praesentando
2194 575 2302 612 bona

1271 627 1404 673 gratiae
1425 640 1432 664 :
1456 629 1573 666 tertiae
1593 630 1778 677 serviunt,
1800 633 2073 679 praesentando
2094 634 2202 672 bona
2221 637 2304 684 glo-

1269 689 1349 726 riae.
1384 692 1433 727 De
1467 691 1596 738 primo
1635 694 1792 730 servitio
1826 694 1969 741 legitur
1999 694 2012 716 ⁹
2045 708 2053 732 :
2091 710 2108 730 «
2142 699 2303 735 Domine

1272 753 1396 799 Deus,-
1419 765 1437 787 »
1460 756 1496 790 ct
1515 753 1616 790 infra
1639 767 1646 790 :
1676 768 1693 789 «
1712 756 1794 792 Tibi
1816 757 1960 794 serviat
1979 759 2108 795 omnis
2128 762 2305 796 ereatura

1272 816 1355 862 tua,
1384 815 1478 863 quia
1505 815 1656 863 dixisti,
1688 820 1724 854 et
1752 817 1855 855 faeta
1881 823 1970 856 sunt
1993 833 2001 857 :
2028 835 2045 855 »
2071 832 2160 859 ecce
2186 823 2307 860 servi-

1272 877 1368 913 tium
1386 879 1584 926 pertinens
1601 879 1653 916 ad
1671 883 1833 917 creatas.
1854 883 1903 918 De
1924 884 2100 920 secundo
2116 885 2144 908 ¹⁰
2161 898 2198 921 :«
2210 889 2306 923 Con-

1273 941 1371 976 versi
1397 941 1486 978 estis
1510 942 1561 979 ad
1587 944 1709 979 Deum
1737 954 1760 980 a
1787 943 2027 992 simulacriS,
2054 947 2199 984 servire
2230 950 2306 984 Deo

1273 1003 1366 1040 vivo
1388 1006 1424 1040 et
1442 1015 1536 1041 vero
1559 1016 1567 1040 z
1591 1018 1608 1039 »
1633 1015 1721 1042 ecee
1742 1006 1944 1044 servitium
1964 1011 2143 1056 spectans
2169 1009 2220 1046 ad
2246 1021 2307 1046 re-

1274 1068 1434 1103 creatas.
1454 1069 1504 1103 De
1527 1067 1638 1104 tertio
1657 1067 1681 1090 ²¹
1706 1081 1741 1104 :«
1761 1069 1867 1106 Servi
1889 1070 1971 1116 ejus
1990 1071 2161 1108 servIent
2180 1071 2251 1119 illi,
2274 1076 2310 1110 et

1274 1128 1466 1166 videbunt
1485 1130 1626 1168 faeiem
1647 1132 1732 1178 ejus
1744 1145 1754 1179 3
1775 1148 1790 1166 υ
1812 1144 1900 1171 ecee
1922 1135 2124 1173 servitium
2145 1136 2310 1174 attinens

1275 1191 1326 1228 ad
1345 1192 1493 1230 beatas.

1709 1243 1883 1286 Epilogus.

1325 1317 1541 1354 Ostendens
1568 1329 1661 1366 ergo
1691 1321 1886 1368 Propheta
1915 1322 2124 1360 mirificam
2153 1325 2311 1362 bonita-

1275 1380 1352 1414 tem
1386 1389 1456 1425 per
1488 1380 1672 1416 maximae
1706 1382 1925 1428 sagacitatis
1959 1385 2225 1432 tenacitatem,
2250 1387 2313 1424 ‘sie

1275 1440 1359 1477 ait:
1390 1441 1624 1479 Ordinaccone
1653 1447 1736 1490 tua,
1765 1445 1911 1481 scilicet
1939 1445 1979 1481 in
2006 1447 2070 1483 Dei
2099 1452 2311 1496 conceptu,

1275 1501 1316 1538 in
1353 1514 1432 1551 quo
1467 1515 1586 1541 eausa
1620 1505 1779 1542 initialis
1791 1519 1801 1552 3
1835 1513 2061 1554 perseverat,
2097 1510 2243 1547 seilicet
2272 1512 2314 1548 in

1277 1565 1417 1602 animae
1438 1569 1547 1613 actu,
1569 1567 1609 1604 in
1629 1579 1710 1616 quo
1733 1580 1850 1606 causa
1867 1568 2047 1607 formalis
2058 1584 2070 1618 3
2093 1572 2186 1615 dies,
2211 1573 2314 1610 seili-

1277 1630 1336 1664 cet
1354 1627 1396 1664 in
1416 1628 1504 1665 coeli
1524 1632 1650 1676 motu,
1670 1630 1712 1666 in
1733 1642 1813 1678 quo
1833 1643 1952 1669 eausa
1969 1633 2202 1679 materialis;
2224 1646 2312 1682 quo-

1276 1692 1375 1726 niam
1398 1693 1518 1728 omnia
1541 1695 1705 1729 serviunt
1729 1694 1822 1739 tz'bz',
1844 1694 1991 1732 scilieet
2016 1695 2228 1734 universali
2253 1697 2314 1735 fa—

1277 1752 1445 1798 mulatu,
1466 1753 1506 1791 in
1525 1765 1605 1802 quo
1626 1766 1745 1793 causa
1764 1755 1906 1794 finalis.

1641 1904 1862 1933 VERSICULUS
1885 1907 1952 1933 ΧΠ.

1327 2006 1386 2040 92.
1424 2007 1511 2043 Nisi
1548 2008 1644 2052 quod
1677 2010 1735 2044 lew
1762 2012 1844 2054 tua,
1878 2012 1948 2046 etc.
1979 2009 2162 2058 Allegatis
2190 2012 2314 2050 tribus

1280 2067 1534 2114 magnalibus
1554 2068 1740 2107 bonitatis
1766 2071 1806 2106 in
1832 2071 1956 2108 tribus
1982 2073 2162 2110 versibus
2185 2074 2314 2122 praeli-

1279 2129 1403 2176 batis,
1423 2130 1486 2166 hic
1514 2130 1706 2178 allegatur
1732 2135 1938 2180 quartum,
1968 2134 2154 2173 videlicet
2178 2136 2314 2183 ligatio

1279 2192 1463 2229 maximae
1487 2193 1689 2231 libertatis.
1727 2195 1827 2240 Quid
1853 2196 1958 2233 enim
1986 2197 2188 2235 voluntate
2217 2199 2316 2236 libe-

1280 2254 1389 2291 rius?
1410 2255 1511 2300 Quid
1536 2255 1725 2303 ligatione
1753 2258 1949 2296 eharitatis
1974 2260 2191 2297 astrictius?
2211 2262 2316 2299 Hanc

1280 2316 1471 2355 libertatis
1497 2318 1724 2365 ligationem
1755 2331 1825 2368 per
1854 2321 1972 2368 hujus
1996 2333 2133 2359 versus
2160 2323 2315 2361 inveni·

1281 2391 1370 2415 mus
1403 2380 1758 2428 investigationem.
1793 2386 1892 2420 Deus
1924 2384 2053 2431 enim,
2089 2386 2157 2433 qui
2191 2385 2318 2424 libera

1281 2442 1482 2480 voluntate
1511 2443 1723 2491 plasmavit
1749 2445 1953 2483 hominem
1983 2447 2059 2484 sibi
2089 2447 2216 2485 libera
2245 2459 2316 2486 vo-

1282 2505 1429 2542 luntate
1447 2505 1707 2553 conformem,
1724 2507 1884 2544 dietavit
1901 2508 2029 2555 legem
2050 2509 2247 2547 charitatis
2265 2511 2317 2548 ad

1282 2568 1513 2615 ligationem
1532 2568 1666 2606 liberae
1687 2569 1918 2616 voluntatis,
1938 2581 1988 2608 ne
2007 2571 2170 2609 sortasse
2195 2573 2316 2610 liber-

1282 2632 1340 2667 tas
1362 2630 1602 2669 voluntatem
1637 2635 1835 2679 gravaret,
1864 2633 1895 2669 si
1925 2644 2015 2670 eam
2040 2634 2208 2672 charitas
2234 2646 2316 2673 non

1277 2693 1446 2739 Juvaret.
1473 2695 1551 2731 Hoc
1578 2693 1795 2741 dictamen,
1817 2695 1893 2732 hoe
1917 2695 2106 2743 ligamen,
2130 2697 2208 2734 hoc
2227 2708 2316 2745 gra-

1282 2766 1445 2802 vamen,
1464 2755 1540 2794 hoc
1556 2757 1747 2803 juvamen
1769 2758 2008 2805 dogmatizat
2026 2759 2221 2808 Propheta
2245 2770 2318 2808 per

1282 2818 1483 2866 praesentis
1504 2829 1641 2856 versus
1661 2819 1802 2857 seriem
1823 2821 2192 2868 quadrimembrem
2216 2835 2224 2859 :
2247 2823 2317 2860 sci-

1282 2879 1373 2917 licet
1392 2880 1589 2918 dictamen
1608 2881 1721 2929 legis,
1744 2881 1917 2929 ligamen
1937 2883 2071 2920 liberae
2090 2884 2318 2931 voluntatis,

1282 2953 1499 2989 gravamen
1517 2943 1720 2991 libertatis,
1744 2948 1781 2982 et
1798 2945 1986 2992 juvamen
2014 2947 2234 2993 charitatis,
2258 2947 2318 2983 di-

1283 3015 1374 3042 cens
1397 3018 1404 3042 :
1428 3007 1513 3044 Nisi
1532 3007 1627 3053 quod
1648 3008 1705 3044 Iex
1723 3010 1801 3054 tua,
1822 3010 1910 3055 etc.;
1933 3008 2047 3057 quasi
2067 3011 2246 3058 patenter
2264 3010 2320 3046 in-

1285 3067 1424 3115 quiens
1447 3079 1455 3104 :
1477 3067 1555 3104 Nisi
1575 3069 1786 3106 meditatus
1806 3069 1966 3107 fuissem
1993 3071 2104 3118 quod
2124 3071 2222 3118 legis
2246 3074 2320 3108 tuae

1286 3129 1483 3167 dictamen
1510 3133 1610 3168 esset
1633 3131 1848 3169 voluntatis
1876 3143 1974 3170 meae
2000 3133 2193 3180 ligamen,
2221 3133 2320 3171 forte

1286 3192 1490 3240 periissem
1517 3196 1679 3242 propter
1704 3193 1896 3231 libertatis
1922 3205 2158 3241 gravamen,
2183 3198 2322 3243 praeter

1285 3254 1483 3293 charitatis
1498 3256 1704 3302 juvamen.

1285 3346 1298 3367 ³
1319 3347 1342 3377 ΙΙ
1368 3346 1457 3386 Con,
1483 3354 1537 3386 Vi,
1558 3349 1590 3378 2.
1611 3364 1651 3370 —
1671 3347 1684 3368 ⁹
1703 3345 1843 3387 ludim,
1869 3354 1947 3387 xvi,
1971 3349 2018 3378 Π.
2041 3365 2078 3371 -
2104 3348 2130 3370 ¹⁸
2153 3348 2177 3380 ΙΙ
2201 3348 2319 3389 Thess„

1288 3401 1309 3434 ι,
1334 3396 1364 3426 9.
1385 3411 1425 3417 —-
1446 3394 1468 3414 ¹¹
1490 3393 1600 3434 Apoc„
1629 3400 1716 3434 xxn,
1735 3396 1765 3425 3.

1327 3450 1373 3491 (a)
1401 3449 1494 3489 Vu‘iq.
1519 3451 1732 3489 perman-¹111.
