2633 3878
170 1105 231 1130 izin>

149 1146 249 1178 quium

141 1185 262 1220 promis·

155 1226 246 1251 sionis

147 1267 261 1302 triplex.

195 2386 281 2412 lutei<

169 2427 261 2453 lectus

164 2467 267 2502 triplex

150 2509 179 2534 in
194 2508 286 2542 Scrip-

149 2552 223 2575 tura.

289 265 364 304 536

287 350 400 386 malis
432 349 605 394 malum,
642 347 711 384 sed
747 343 1049 382 misericorditer
1089 342 1312 389 erogaveris

287 412 516 456 bonuni;et
533 410 587 446 sic
625 409 666 446 in
704 407 839 444 divino
876 405 1106 443 consistorio
1138 405 1313 441 invenies

287 471 599 508 misericordiam
619 470 881 515 mitigantem,
901 477 983 504 non
999 465 1185 513 Justitiam
1204 464 1315 502 fusti-

287 536 443 579 gantem
465 545 473 569 :
496 542 583 569 ecee
603 530 890 579 propitiationis
922 528 1094 565 inventio
1125 537 1196 574 per
1215 527 1315 563 divi-

286 605 378 631 nam
398 593 707 631 misericordiam
732 591 982 628 mulcebriter
998 590 1252 636 mitigantem.

627 696 810 730 Articulus
837 694 977 729 tertius.

335 780 508 817 Veritatis
525 779 728 826 eloquium
757 778 988 821 annotatur,
1022 785 1111 811 cum
1143 774 1283 810 dieitur
1306 785 1313 808 :

290 841 484 878 Secundum
522 842 700 886 eloquium
746 844 857 874 tuum.
893 838 971 874 Hoc
1012 836 1193 872 divinum
1230 833 1313 870 elo-

288 902 425 950 quium
463 903 517 938 est
556 900 655 936 illud
688 899 857 936 verbum
887 896 1210 946 promissorium,
1233 904 1314 942 quo

289 963 450 1000 firmiter
487 961 745 1009 promittitur,
778 959 888 1007 quod
933 958 1057 995 oratio
1101 955 1316 1004 petentium

289 1024 456 1061 fideliter
486 1026 604 1071 atque
623 1021 857 1059 fiducialiter
886 1019 1121 1057 admittetur.
1152 1017 1226 1054 Sed
1245 1027 1317 1053 no-

290 1086 454 1123 tandum
471 1085 573 1121 eirea
591 1083 862 1131 promissionis
889 1080 1105 1128 eloquium,
1127 1079 1237 1126 quod
1264 1079 1318 1114 le-

291 1148 418 1195 gimus
438 1146 641 1194 eloquium
661 1144 957 1187 annuntiatum,
979 1141 1190 1186 creditum,
1213 1139 1318 1176 blas-

290 1209 519 1256 phematum
541 1219 549 1243 :
572 1206 762 1254 quoniam
782 1203 925 1241 divinae
944 1201 1215 1250 promissionis
1239 1201 1319 1237 elo-

292 1270 406 1317 quia,
429 1279 516 1316 quae
538 1267 724 1304 divinitus
752 1264 1049 1309 annuntiantur,
1085 1273 1109 1299 a
1134 1262 1319 1300 fidelibus

293 1330 528 1374 creduntur,
555 1329 606 1365 ab
637 1326 865 1363 infidelibus
897 1325 1234 1372 blasphemantur.
1269 1325 1318 1360 De

291 1392 420 1438 primo
454 1390 464 1411 ¹
502 1401 554 1425 ια
574 1391 792 1436 praeparare
830 1387 871 1423 in
903 1396 1110 1422 occursum
1147 1385 1211 1421 Dei
1249 1384 1317 1430 tui,

292 1452 432 1497 lsrae13
466 1451 559 1499 quia
591 1460 678 1487 eece
707 1449 882 1486 formans
907 1449 1079 1492 montes,
1115 1448 1152 1482 et
1185 1456 1320 1482 creans

291 1515 466 1558 ventum,
478 1515 514 1548 et
527 1511 761 1548 annuntians
772 1509 922 1546 homini
935 1508 1138 1555 eloquium
1150 1518 1265 1544 suum
1280 1519 1316 1543 :»

292 1585 380 1610 ecee
415 1573 618 1620 eloquium
656 1571 842 1608 divinitus
878 1569 1165 1607 annuntiatum.
1192 1571 1243 1605 De
1264 1579 1323 1605 se-

293 1635 424 1671 eundo
453 1635 466 1656 ²
501 1647 509 1671 :
537 1649 553 1667 «
586 1633 739 1670 Credita
767 1634 856 1668 sunt
884 1631 960 1667 illis
990 1631 1149 1678 eloquia
1180 1630 1244 1666 Dei
1268 1642 1276 1665 :
1301 1645 1317 1662 n

293 1707 380 1733 ecce
399 1695 603 1742 eloquium
633 1694 811 1730 divinum
844 1703 867 1728 a
896 1692 1082 1727 fidelibus
1114 1691 1318 1727 creditum.

295 1760 343 1793 De
364 1757 477 1793 tertio
497 1757 510 1778 ³
530 1768 538 1791 :
565 1769 583 1789 «
603 1755 835 1800 Abjecerunt
854 1753 982 1798 legem
998 1751 1166 1796 Domini,
1188 1753 1225 1787 et
1244 1751 1324 1787 elo-

295 1818 434 1865 quium
471 1816 598 1853 Sancti
635 1815 752 1851 Israel
786 1814 1161 1861 blasphemaverunt
1181 1824 1191 1857 ;
1231 1811 1322 1847 ideo

295 1880 415 1915 iratus
435 1881 490 1914 est
506 1878 615 1913 furor
635 1875 788 1912 Domini
809 1875 848 1910 in
876 1873 1026 1921 populo
1046 1883 1118 1909 suo
1142 1885 1150 1908 :
1177 1886 1194 1906 »
1234 1882 1323 1908 eece

297 1940 476 1976 divinum
493 1938 696 1984 eloquium
731 1937 782 1972 ab
812 1934 1038 1971 infidelibus
1069 1933 1322 1980 blasphema-

296 2004 392 2037 tum.
834 1996 837 1999 ’

621 2046 810 2080 ,articulus
831 2047 998 2089 quartus.

345 2122 542 2159 potestatis
557 2120 750 2167 judicium
769 2120 1015 2163 connotatur,
1036 2128 1126 2154 cum
1146 2117 1296 2153 canitur
1315 2129 1323 2153 :

299 2188 352 2221 Da
372 2185 462 2219 mihi
482 2184 712 2225 intellectum,
734 2180 847 2228 quasi
868 2179 970 2215 dicat
993 2192 1001 2214 :
1027 2180 1100 2214 Fac
1135 2189 1198 2214 me
1218 2178 1328 2214 intel-

297 2246 418 2292 ligere
437 2255 508 2292 per
527 2242 772 2279 liberationis
800 2240 1055 2285 miraculum,
1088 2239 1197 2286 quod
1226 2250 1327 2275 non-

300 2307 397 2342 dum
430 2314 593 2352 possum
624 2303 839 2348 inteHIgere
874 2312 945 2348 per
989 2299 1330 2345 contemplationis

303 2367 474 2404 oculum.
525 2365 633 2401 Unde
672 2364 904 2405 notandum,
951 2362 1061 2409 quod
1106 2361 1246 2408 legitur
1289 2361 1329 2397 in

305 2427 510 2474 scripturis
530 2426 743 2462 intellectus
771 2424 948 2468 moralis,
968 2423 1185 2460 intellectus
1216 2425 1328 2458 natu-

305 2489 412 2534 ralis,
433 2487 648 2524 intellectus
665 2485 970 2533 supernaturalis
992 2497 1000 2520 ε
1022 2485 1172 2531 primus
1203 2488 1257 2520 est
1275 2484 1332 2519 in-

307 2551 498 2587 dicativus
516 2549 722 2594 bonitatis;
751 2547 947 2584 secundus
975 2547 1168 2592 veritatis;
1199 2547 1331 2583 tertius

305 2611 516 2659 potestatis
540 2612 591 2646 De
620 2610 748 2656 primo
780 2609 983 2656 psallimus
1003 2607 1045 2642 ⁶:
1079 2607 1332 2644 «Intellectus

306 2674 436 2709 bonus
454 2671 638 2708 omnibus
657 2670 888 2707 facientibus
909 2680 999 2706 eum
1021 2681 1030 2705 z
1053 2682 1070 2702 »
1097 2669 1182 2705 talis
1202 2673 1256 2705 est
1278 2669 1333 2704 in-

307 2734 477 2770 tellectus
491 2732 664 2769 moralis.
687 2733 737 2767 De
757 2731 930 2767 secundo
954 2729 1045 2766 dicit
1064 2729 1272 2776 Apostolus
1292 2731 1304 2752 δ’
1322 2742 1330 2766 :

312 2810 328 2827 «
349 2796 432 2830 Non
465 2792 674 2829 ambuletis
712 2792 810 2828 sieut
836 2794 872 2828 et
904 2794 1037 2838 gentes
1069 2790 1274 2827 ambulant
1293 2791 1333 2826 in

309 2855 478 2891 vanitate
510 2864 645 2889 sensus
677 2853 761 2898 sui,
783 2853 1035 2889 obscuratum
1065 2852 1254 2888 habentes
1279 2852 1334 2888 in-

310 2915 534 2951 tellectum:
556 2928 573 2948 n
610 2914 695 2950 talis
725 2916 780 2949 est
813 2913 1029 2949 intellectus
1061 2912 1260 2950 naturalis.
1283 2915 1334 2949 De

308 2975 420 3013 tertio
446 2975 578 3011 scribit
608 2974 934 3020 psalmographus
953 2974 966 2994 ⁶
993 2986 1001 3009 :
1028 2986 1045 3007 ι(
1066 2973 1172 3010 Pavit
1200 2983 1266 3009 eos
1295 2973 1334 3008 in

309 3036 531 3074 innocentia
563 3034 692 3072 cordis
719 3034 798 3079 sui,
834 3036 870 3069 et
892 3034 931 3069 in
961 3034 1223 3070 intellectibus
1251 3045 1334 3070 ma-

308 3109 433 3135 nuum
451 3107 612 3134 suarum
624 3095 785 3132 deduxit
795 3105 862 3131 eos
873 3107 880 3130 :
893 3108 910 3128 n
924 3095 1137 3131 intellectus
1145 3105 1335 3131 manuum

310 3163 366 3196 est
383 3158 598 3195 intellectus
628 3156 870 3194 mirabilium
902 3156 1122 3200 actionum,
1155 3167 1234 3202 quo
1268 3156 1335 3192 de-

311 3221 508 3257 ducuntur
526 3219 706 3256 homines
725 3228 796 3265 per
814 3217 1012 3254 mirabilia
1033 3228 1120 3264 quae
1138 3217 1335 3263 videntur,

312 3282 363 3317 ad
381 3280 638 3323 mirabiliora,
658 3290 746 3327 quae
763 3289 845 3315 non
864 3277 1049 3314 videntur
1071 3289 1078 3313 :
1101 3277 1187 3314 talis
1206 3280 1261 3313 est
1280 3278 1334 3313 in-

312 3342 484 3378 tellectus
502 3339 820 3388 supernaturalis.

358 3472 366 3491 ¹
386 3471 498 3506 Amos.
519 3477 563 3509 tv,
583 3472 632 3502 ¹3.
653 3486 691 3492 —
712 3470 722 3488 ²
740 3469 842 3509 Rom„
865 3476 914 3508 ιιι,
937 3471 966 3500 2.
987 3486 1027 3491 -
1046 3469 1059 3490 ³
1079 3469 1156 3507 lsa„
1175 3475 1206 3506 v,
1228 3470 1278 3500 20.
1299 3487 1333 3491 —-

983 255 1253 298 EXPOSITIO
1283 254 1335 296 IN
1367 254 1715 296 PSALTERIUM.

1813 382 1983 424 Epilogus.

1433 465 1646 503 Ostendens
1666 475 1760 512 ergo
1779 464 1973 512 Propheta
1991 463 2113 500 fidem
2131 464 2352 510 instantem,
2373 466 2411 501 et

1386 526 1628 563 liberationis
1646 526 1879 563 miraculum
1903 525 2181 572 postulantem,
2203 524 2257 562 ait
2291 536 2300 561 z
2331 525 2411 571 Ap-

1386 591 1601 635 propinquet
1618 588 1819 634 deprecatio
1839 597 1929 631 mea,
1951 588 2142 634 quantum
2161 585 2213 622 ad
2235 585 2330 622 fidei
2347 595 2414 633 pe-

1386 649 1572 694 titorium,
1592 648 1789 695 pertinens
1809 648 1859 684 ad
1890 647 2110 684 humanum
2141 646 2348 693 affectum3
2369 648 2413 682 ln

1388 714 1571 756 conspectu
1590 713 1672 754 tuo,
1703 710 1896 756 quantum
1929 707 1982 744 ad
2017 707 2197 744 divinum
2228 707 2414 745 consisto-

1387 772 1509 816 rium,
1541 770 1705 806 attinens
1741 770 1792 806 ad
1821 769 2001 805 divinum
2036 771 2238 816 aspectum
2249 781 2261 815 3
2287 769 2415 805 Secun-

1389 833 1471 868 dum
1491 833 1667 878 eloquium
1686 835 1805 876 tuum,
1826 832 2018 878 quantum
2045 829 2098 866 ad
2126 828 2299 866 veritatis
2329 828 2413 865 elo-

1389 893 1529 940 quium
1548 894 1725 939 spectans
1752 892 1802 927 ad
1833 891 2132 927 instrumentum
2170 889 2413 936 confectum3

1392 956 1446 990 Da
1462 954 1552 989 mihi
1570 955 1808 997 intellectum,
1830 954 2022 1000 quantum
2056 951 2108 988 ad
2137 951 2340 999 potestatis
2355 951 2416 997 Ju-

1391 1016 1556 1061 dieium,
1588 1015 1800 1063 respiciens
1831 1014 1882 1051 ad
1910 1014 2191 1051 miraculosum
2220 1012 2414 1050 effectum.

1762 1159 1985 1187 VERSICULUS
2011 1160 2046 1186 X.

1444 1264 1520 1299 170.
1546 1264 1660 1298 Intret
1673 1263 1869 1308 postulatio
1897 1271 1975 1296 mea
1994 1262 2034 1296 τη
2050 1263 2236 1306 conspectu
2249 1263 2324 1307 tuo,
2345 1262 2416 1297 etc.

1392 1323 1528 1360 Fidem
1558 1323 1765 1359 instantem
1795 1332 1866 1370 per
1899 1331 2058 1358 versum
2084 1320 2257 1357 vidimus
2274 1330 2419 1367 praece—

1394 1385 1551 1421 dentem
1563 1396 1573 1430 3
1595 1394 1704 1431 spem
1720 1383 1943 1431 pulsantem
1962 1382 2095 1418 videre
2116 1392 2327 1429 possumus
2350 1391 2421 1429 per

1393 1448 1636 1494 praesentem.
1661 1446 1764 1482 Sicut
1783 1447 1914 1482 autem
1932 1443 2154 1481 attribuitur
2171 1442 2280 1489 fidei,
2311 1443 2421 1491 quod

1394 1509 1520 1554 agitur
1540 1509 1651 1544 motu
1670 1507 1786 1553 fidei;
1820 1507 1874 1542 sie
1903 1504 2139 1542 adscribitur
2170 1504 2277 1552 spei,
2309 1503 2422 1552 quod

1395 1568 1559 1606 efficitur
1577 1570 1688 1605 motu
1707 1567 1802 1615 spei.
1823 1569 1925 1604 Motu
1949 1566 2033 1614 spei
2051 1567 2182 1603 motus
2210 1567 2292 1602 erat
2320 1564 2422 1602 Psal-

1395 1629 1650 1676 mographus,
1673 1640 1762 1665 eum
1782 1639 1831 1665 ex
1854 1628 1962 1665 bono
1980 1626 2109 1664 cordis
2127 1626 2311 1663 thesauro
2329 1635 2423 1673 pro-

1396 1690 1554 1726 duceret
1572 1690 1695 1726 verba
1722 1690 1795 1726 ista
1816 1701 1825 1724 :
1848 1691 1979 1733 Intret,
1996 1689 2067 1725 etc.
2091 1700 2099 1724 :
2118 1690 2173 1724 est
2205 1686 2313 1723 enim
2343 1696 2424 1723 vox

1396 1751 1517 1788 animi
1538 1751 1653 1787 bonae
1671 1751 1770 1798 spei,
1796 1749 2042 1798 postulantis,
2064 1747 2345 1796 praestolantis,
2366 1747 2424 1784 al-

1395 1811 1583 1857 legantis,
1604 1812 1791 1858 rogantis.
1825 1810 1997 1855 Quaeris,
2035 1809 2162 1857 quid?
2193 1808 2424 1846 postulantis

1396 1872 1616 1917 introitum;
1658 1871 1913 1919 praestolantis
1959 1870 2141 1906 intuitum
2153 1882 2164 1916 3
2221 1869 2426 1916 allegantis

1397 1935 1557 1980 paetum
1574 1934 1835 1979 praeteritum,
1866 1931 2040 1977 rogantis
2072 1930 2220 1967 factum
2239 1929 2425 1967 divinitus

1398 1992 1654 2040 praefinitum,
1683 1992 1866 2029 videlieet
1895 1991 2138 2028 liberationis
2158 1990 2353 2028 effectum.
2374 1992 2427 2027 Is-

1399 2057 1482 2090 tum
1501 2056 1632 2090 aetum
1657 2053 1843 2090 Dominus
1871 2052 2105 2100 praefinivit,
2143 2051 2305 2099 quando
2336 2061 2427 2098 pro-

1398 2114 1552 2162 phetica
1569 2114 1830 2161 promissione
1859 2113 2020 2150 sancivit
2038 2115 2052 2136 '¹
2084 2125 2093 2149 :
2128 2112 2278 2149 «Salus
2303 2112 2427 2159 J'usto-

1401 2186 1490 2212 rum
1509 2187 1531 2212 a
1550 2175 1732 2220 Domino,
1753 2178 1789 2211 et
1806 2176 2003 2223 protector
2023 2184 2163 2210 eorum
2186 2173 2229 2209 in
2247 2176 2425 2220 tempore

1401 2236 1677 2282 tribulationis,
1697 2240 1732 2273 et
1752 2236 1956 2283 adjuvabit
1973 2246 2040 2272 eos
2058 2235 2261 2281 DominuS‚
2279 2237 2317 2271 et
2331 2234 2430 2271 libe-

1402 2297 1505 2334 rabit
1525 2308 1607 2343 eos,
1628 2301 1663 2334 et
1682 2301 1790 2334 eruet
1809 2308 1876 2334 eos
1896 2308 1919 2333 a
1943 2296 2229 2344 peccatoribus,
2249 2298 2287 2332 et
2305 2295 2430 2332 salva-

1403 2359 1461 2395 bit
1491 2369 1582 2403 eos,
1616 2359 1708 2406 quia
1742 2360 1997 2405 speraverunt
2015 2358 2056 2394 in
2089 2368 2136 2394 eo
2158 2369 2166 2393 :
2188 2370 2207 2392 »
2231 2367 2320 2393 eece
2348 2357 2431 2404 spei

1406 2420 1714 2467 quadrimodam
1747 2419 2032 2466 pulsationem,
2061 2420 2098 2455 et
2121 2416 2306 2465 pulsandi
2336 2427 2432 2464 qua-

1406 2478 1591 2515 drifidam
1616 2478 1823 2515 rationem.
1853 2478 2024 2523 Pulsavit
2054 2477 2160 2514 enim
2187 2487 2275 2524 spes
2297 2478 2432 2524 postu-

1406 2540 1550 2585 lando,
1600 2539 1864 2587 praestolando
1883 2567 1892 2582 ,
1932 2538 2167 2585 allegando,
2205 2537 2387 2585 rogando
2422 2549 2430 2573 :

1406 2604 1567 2649 propter
1586 2601 1814 2644 introitum,
1848 2601 2009 2647 propter
2040 2599 2244 2645 intuitum,
2276 2599 2437 2646 propter

1406 2666 1565 2710 paetum
1600 2662 1858 2709 praeteritum,
1890 2662 2050 2708 propter
2079 2660 2225 2698 factum
2251 2659 2438 2697 divinitus

1406 2724 1653 2771 praefinitum.

1742 2815 1928 2850 Articulus
1954 2815 2106 2859 primus.

1457 2907 1695 2944 postulando
1733 2906 1925 2953 pulsatur,
1955 2916 2045 2942 eum
2082 2905 2261 2953 psallitur
2288 2917 2296 2941 :
2324 2906 2441 2941 Intret

1407 2970 1608 3015 postulatio
1627 2979 1716 3004 mea.
1734 2968 1794 3004 Sic
1813 2967 2017 3015 pulsamus
2030 2994 2043 3012 ,
2060 2977 2150 3003 cum
2168 2976 2238 3013 per
2258 2965 2441 3002 affectum

1411 3029 1633 3067 devotionis
1651 3029 1692 3065 in
1713 3029 1928 3066 sacrarium
1948 3026 2210 3065 exauditionis
2233 3026 2438 3063 intramus.

1411 3092 1471 3130 Sic
1490 3091 1645 3139 pulsare
1665 3091 1833 3135 videtur,
1859 3089 1927 3137 qui
1949 3089 2078 3126 nubes
2104 3087 2349 3125 orationibus
2374 3096 2442 3133 pe-

1410 3157 1561 3191 netrare
1579 3156 1762 3190 meretur.
1785 3152 1860 3189 Sed
1879 3151 2121 3196 notandum,
2141 3149 2252 3197 quod
2270 3148 2440 3195 legimus

1410 3215 1610 3252 introitum
1637 3213 1893 3261 tripartitum,
1924 3212 2069 3249 scilicet
2093 3210 2295 3248 introitum
2320 3209 2436 3245 inter·
2457 3227 2596 3256 Introitus

1409 3275 1613 3320 sectivum,
1643 3275 1845 3311 introitum
1876 3272 2204 3317 interventivum,
2235 3269 2436 3306 introitum
2459 3268 2581 3304 trip10x.

1410 3337 1666 3375 inventivum.
1689 3337 1850 3374 introitu
1875 3336 2004 3383 primo
2024 3335 2142 3371 intrat
2159 3330 2408 3379 compunctio
2424 3343 2435 3376 ;

1412 3421 1422 3438 ⁴
1443 3419 1533 3452 Psal.
1555 3429 1610 3459 cx,
1632 3421 1683 3452 10.
1701 3435 1739 3441 —-
1760 3418 1773 3440 ⁵
1792 3417 1932 3459 Ephes„
1951 3424 1998 3456 lv,
2022 3414 2073 3447 18.
2096 3431 2136 3438 —
2162 3413 2175 3435 θ
2193 3411 2284 3445 Psal.
2310 3419 2440 3452 Lxxvu,

1417 3468 1467 3497 72.
1492 3484 1527 3489 —
1557 3468 1562 3484 ²
1585 3465 1673 3498 Psal.
1696 3472 1814 3504 xxxvt,
1835 3465 1887 3501 39,
1907 3465 1958 3494 40.
