2633 3878
148 1177 266 1204 Justitia

135 1220 254 1253 propter

120 1259 179 1286 tria
193 1267 263 1286 con-

121 1299 203 1326 fundi
215 1309 265 1336 po-

124 1341 191 1369 test.

152 2117 258 2144 Simili-

115 2158 185 2186 tudo
193 2159 257 2194 pul-

115 2200 196 2227 ebra.

1155 206 1394 248 PSALMUS
1425 207 1600 249 CXVlll.

305 305 428 340 «Non
459 301 684 346 obliviscar,
704 298 865 347 inquit,
891 295 1189 343 justificationes
1224 299 1306 332 tuas
1322 324 1333 342 ,

301 365 396 413 quia
427 364 467 400 in
494 363 588 411 ipsis
618 360 823 399 vivificasti
847 369 908 395 me
930 372 940 405 ;
959 371 977 392 η
1003 368 1091 394 ecce
1107 357 1334 403 justificatio

299 426 472 463 interior.
502 427 553 462 De
593 423 767 461 secunda
811 431 973 469 quoque
1016 419 1210 456 habemus
1249 419 1333 456 elo-

300 489 439 537 quium
453 486 683 535 prophetale
698 487 706 507 ¹
724 497 732 521 :
747 483 883 520 «Viam
900 482 1224 529 justificationum
1246 483 1332 518 tua-

298 562 388 588 rum
407 551 552 587 instruc
571 559 634 585 me
653 562 659 583 :
681 561 699 581 »
723 557 810 584 ecce
828 544 1053 593 justificatio
1074 543 1256 581 exterior.
1279 546 1330 582 De

298 612 409 649 tertia
440 611 611 658 denique
639 609 834 646 habemus
867 607 1133 644 testimonium
1154 607 1329 644 Psalmo-

297 673 372 711 diae
388 675 401 695 ²
425 686 433 710 :
467 686 484 708 «
500 672 718 709 Exercebor
744 671 784 707 in
809 669 1154 717 justificationibus
1181 669 1255 706 tuis
1281 681 1326 705 :n

295 746 384 773 ecce
406 735 631 783 justificatio
653 733 833 771 exterior.

625 839 812 875 Articulus
832 840 997 883 quartus.

338 923 603 969 verecundia,
630 932 709 969 qua
727 921 777 968 (a)
797 922 968 956 meretur
987 929 1036 956 ne
1058 922 1239 957 vereatur
1265 921 1324 968 (h),

290 984 477 1030 enitescit,
500 995 589 1020 cum
610 983 744 1030 adjicit
764 994 772 1018 :
798 984 843 1017 {⁷8
863 992 933 1017 non
952 982 1168 1027 confundar,
1190 982 1231 1018 id
1256 985 1325 1028 est,

289 1046 481 1084 confundi
506 1056 671 1082 merear.
695 1044 770 1081 Sed
799 1043 1005 1092 quomodo
1026 1044 1152 1090 justus
1174 1055 1247 1092 pro
1267 1044 1326 1080 in-

281 1108 431 1155 jUstitia
468 1108 731 1145 confundetur
751 1136 761 1153 ,
803 1106 898 1154 quia
941 1106 1098 1152 justitiae
1145 1106 1323 1144 confusio

285 1181 368 1207 non
388 1170 553 1207 debetur
569 1171 588 1205 ⁴?
607 1172 718 1215 Nota,
739 1168 850 1217 quod
865 1167 1054 1204 confundi
1073 1171 1200 1216 potest
1215 1169 1323 1216 justi-

285 1233 339 1270 tia
357 1235 520 1281 propter
540 1232 611 1269 tria
631 1245 638 1268 :
659 1231 753 1279 quia
771 1241 853 1268 non
872 1241 981 1276 vera,
1002 1241 1083 1267 non
1104 1241 1219 1278 pura,
1240 1242 1322 1268 non

284 1295 388 1332 viva.
420 1295 546 1332 Prima
565 1296 737 1331 meretur
764 1292 1035 1330 confusionem
1053 1320 1065 1338 ,
1086 1296 1248 1340 propter
1267 1293 1323 1329 in-

285 1357 562 1396 discretionem
574 1371 586 1404 3
608 1358 798 1404 secunda,
818 1360 980 1405 propter
1000 1356 1317 1404 indevotionem3

283 1419 407 1466 tertia,
430 1423 590 1468 propter
617 1419 970 1468 imperfectionem.
994 1418 1123 1455 Prima
1142 1418 1320 1456 confusio

282 1484 440 1519 notatur
459 1483 473 1505 ³
507 1495 514 1518 :
544 1495 561 1516 «
589 1482 888 1519 confundantur
918 1481 1189 1527 vehementer,
1227 1481 1320 1529 quia

281 1554 364 1581 non
388 1544 665 1581 intellexerunt
693 1544 955 1592 opprobrium
977 1544 1276 1592 sempiternum.
1298 1558 1315 1578 n

280 1606 338 1643 Illi
361 1606 525 1654 quidem
548 1617 630 1643 non
650 1607 872 1653 intelligunt
892 1605 1154 1654 opprobrium
1173 1605 1318 1652 sempi-

280 1670 449 1715 ternum,
467 1668 536 1716 qui
549 1679 621 1716 per
638 1679 850 1705 erroneum
864 1667 1109 1705 conscientiae
1122 1667 1317 1714 judicium

280 1731 476 1779 accipiunt
490 1741 563 1779 pro
578 1731 719 1768 virtute
734 1731 887 1776 vitium,
905 1731 968 1766 cui
984 1729 1151 1766 debetur
1171 1740 1318 1777 oppro-

279 1793 412 1830 brium
433 1793 740 1841 sempiternum,
762 1793 859 1829 sicut
877 1795 984 1840 patet
1002 1792 1043 1828 in
1070 1791 1154 1829 zelo
1181 1792 1321 1829 infide-

278 1854 376 1891 lium
407 1854 546 1891 fideles
571 1855 913 1903 persequentium,
947 1855 995 1891 de
1022 1854 1167 1902 quibus
1191 1854 1315 1891 indis-

279 1918 381 1953 crete
406 1916 622 1953 zelantibus
646 1917 816 1964 legimus
843 1915 856 1936 ⁵
883 1928 892 1952 z
926 1929 942 1950 «
966 1916 1131 1953 Videant
1158 1919 1193 1953 et
1223 1927 1314 1953 con-

278 1979 493 2016 fundantur
514 1979 683 2016 zelantes
709 1979 863 2026 populi.
890 1993 907 2013 >³
935 1979 1114 2015 Secunda
1133 1979 1313 2016 confusio

277 2044 435 2078 notatur
460 2042 475 2065 ⁵
505 2053 513 2078 ε
539 2054 558 2075 (ι
585 2041 854 2078 confundetur
877 2041 960 2087 sol,
982 2051 1071 2077 cum
1090 2042 1316 2089 regnaverit

278 2103 466 2140 Dominus
487 2103 742 2140 exercituum.
765 2117 784 2137 n
801 2103 1024 2140 sicutenim
1045 2104 1105 2140 sol
1126 2103 1314 2140 naturalis

277 2165 531 2203 confunditur
574 2168 736 2213 propter
782 2165 1128 2210 obnubilationem
1164 2166 1314 2203 levium

276 2238 485 2276 vaporum,
505 2227 559 2265 ita
576 2228 636 2265 sol
651 2227 826 2273 moralis,
849 2228 992 2265 scilicet
1009 2228 1170 2275 justitia,
1191 2240 1312 2277 prop-

275 2291 333 2326 ter
356 2290 678 2327 obscurationem
699 2290 915 2327 venialium
938 2293 1204 2338 peccatorum.
1228 2293 1313 2328 Ter-

275 2351 328 2388 tia
344 2351 523 2388 confusio
545 2354 754 2388 annotatur
769 2354 782 2374 ⁶
799 2364 807 2388 :
835 2364 851 2385 «
871 2352 1154 2399 confundetur,
1169 2353 1311 2402 inquit,

272 2413 392 2449 lsrael
425 2413 466 2449 in
500 2413 703 2450 voluntate
735 2425 819 2451 sua.
852 2428 870 2448 »
907 2414 1025 2451 Planc
1058 2415 1312 2452 confunditur

274 2474 389 2511 lsrael
422 2474 463 2510 in
493 2485 565 2511 sua
601 2475 827 2518 voluntate,
862 2476 1025 2523 quando
1064 2476 1311 2514 rationabilis

273 2536 407 2572 anima
444 2535 698 2573 confunditur
736 2537 777 2573 in
815 2548 895 2574 suae
944 2528 1155 2575 voluntatis
1193 2539 1312 2576 insor-

273 2598 418 2635 mitate.
451 2599 525 2635 Etsi
557 2598 663 2635 enim
689 2599 736 2636 sit
760 2600 929 2636 formata
957 2599 1096 2637 virtute
1128 2601 1308 2649 politica,

272 2660 416 2697 scilicet
434 2660 629 2708 aequitate,
649 2671 730 2698 non
752 2663 884 2698 tamen
904 2664 959 2698 est
979 2662 1147 2700 formata
1168 2663 1307 2702 virtute

272 2722 508 2769 theologica,
524 2723 706 2760 videlicet
723 2723 924 2768 charitate,
939 2735 1026 2772 quae
1046 2728 1102 2762 est
1120 2726 1308 2764 virtutum

270 2784 399 2821 forma
419 2787 455 2822 et
472 2784 661 2832 perfectio
675 2813 687 2831 ,
710 2785 751 2822 in
771 2788 965 2834 quantum
983 2788 1193 2826 meritorie.

704 2893 876 2935 Epilogus.

318 2970 377 3008 Ait
405 2981 500 3018 ergo
530 2973 742 3021 Propheta,
765 2976 957 3023 tanquam
984 2986 1155 3024 persona
1182 2978 1307 3016 chari-

273 3033 347 3068 tate
375 3033 638 3072 sanctificante
667 3047 884 3074 succensa:
923 3039 989 3075 Gor
1022 3050 1154 3086 meum,
1184 3051 1308 3089 quan-

273 3097 352 3130 tum
383 3094 434 3131 ad
466 3097 769 3145 conscientiam,
796 3110 918 3147 quam
944 3101 1187 3148 speculatur;
1222 3105 1305 3140 Flac

270 3158 560 3202 immaculatum,
590 3163 783 3206 quantum
809 3161 861 3198 ad
893 3162 1153 3210 munditiam,
1183 3175 1305 3213 quam

267 3218 491 3266 aemulatur;
522 3221 561 3256 In
581 3221 902 3268 justificationibus
925 3227 1017 3270 tuis,
1039 3228 1232 3273 quantum
1252 3227 1306 3266 ad

263 3280 476 3328 justitiam,
517 3293 638 3330 quam
671 3286 849 3332 veretur3
894 3287 939 3322 Ut
976 3298 1046 3324 non
1079 3291 1304 3339 confundar,

309 3380 314 3396 ¹
342 3378 430 3411 Psal.
451 3379 536 3421 hoc,
558 3382 611 3413 Ξῖ.
632 3397 671 3406 ——
690 3384 701 3404 ²
722 3384 819 3425 ibid„
841 3385 893 3416 23.
918 3403 951 3408 —
975 3386 986 3403 ³
1005 3387 1142 3426 ,let-em„
1164 3396 1207 3420 xx
1234 3392 1304 3429 ,11.

267 3426 345 3505 ἶέ
367 3427 448 3467 Ιεα.,
472 3435 572 3469 xxvi,
606 3433 654 3462 11.
685 3449 725 3454 —
752 3433 763 3450 ⁵
792 3433 871 3472 Isca„
903 3441 996 3473 xxtv,
1030 3435 1081 3466 23.
1110 3452 1151 3458 —
1180 3438 1193 3456 ⁰
1215 3437 1283 3475 Os,

293 3495 302 3511 ‚
345 3497 351 3504 .

2366 215 2439 253 421

1411 298 1604 345 quantum
1642 296 1693 333 ad
1732 298 2011 335 verecundiam
2027 327 2037 344 ,
2075 311 2154 348 qua
2190 304 2362 339 meretur
2394 313 2443 340 ne

1410 361 1589 396 vereatur
1609 359 1670 406 (c),
1690 358 1722 395 si
1742 369 1881 396 verum
1901 363 1958 397 est
1978 362 2089 409 quod
2109 366 2277 402 veretur.

1628 518 1945 556 CAPITULUM
1988 520 2219 559 SEXTUM.

1723 640 1945 669 VERSICULUS
1969 641 2117 670 PRIMUS·

1453 736 1509 771 81.
1530 736 1665 779 Defecit
1678 738 1717 772 in
1727 738 1888 773 salutare
1902 741 2004 774 tuum
2021 741 2143 776 anima
2153 750 2244 785 mea,
2255 742 2327 777 etc.
2343 743 2438 779 Ecce

1404 798 1559 833 sextum
1579 798 1796 844 capitulum
1809 802 2050 847 praesentans
2063 804 2217 838 sextum
2231 802 2436 841 ferculum.

1404 860 1444 895 In
1463 858 1696 906 praecedenti
1725 871 1899 908 namque
1920 862 2090 910 capitulo
2116 868 2349 912 praesentata
2366 865 2439 903 fuit

1402 920 1588 958 bonitatis
1604 922 1846 960 transmissio
1857 936 1867 970 3
1889 923 1930 960 in
1948 926 2130 972 praesenti
2148 937 2244 964 vero
2264 938 2438 976 praesen-

1401 985 1504 1019 tatur
1524 983 1752 1021 defectionis
1767 985 1957 1023 dimissio.
1973 989 2016 1024 Et
2031 989 2222 1035 quoniam
2240 991 2436 1027 transmis-

1401 1044 1458 1081 sio
1478 1045 1680 1092 bonitatis,
1700 1049 1755 1084 est
1775 1047 1935 1086 collatio
1958 1050 2132 1087 sanitatis
2143 1064 2154 1098 3
2178 1051 2353 1088 dimissio
2371 1053 2436 1089 dc-

1399 1107 1576 1144 fectionis
1590 1137 1602 1154 ,
1623 1112 1679 1145 est
1697 1109 1846 1146 ablatio
1872 1111 2131 1159 infirmitatis;
2153 1115 2260 1160 patet
2285 1114 2434 1151 ordinis

1398 1170 1521 1207 ratio:
1538 1181 1632 1207 nam
1650 1174 1813 1219 propter
1828 1172 1940 1210 illam
1955 1175 2293 1212 transmissionem
2313 1187 2434 1224 appe-

1398 1231 1489 1268 titur
1503 1232 1573 1269 illa
1583 1233 1773 1281 dimissio,
1787 1235 1867 1272 sive
1880 1239 2042 1284 propter
2054 1236 2165 1274 illam
2177 1238 2431 1277 collationem

1397 1294 1479 1330 haec
1490 1295 1650 1332 ablatio.
1672 1297 1893 1343 Capitulum
1906 1309 2076 1346 praesens
2093 1299 2342 1348 distinguitur
2356 1303 2432 1341 dis·

1395 1357 1580 1394 tinctione
1617 1358 1844 1406 bimembri,
1881 1360 1975 1408 quia
2010 1361 2090 1399 duo
2129 1366 2294 1410 possunt
2326 1365 2431 1404 circa

1397 1419 1654 1457 defectionem
1673 1421 1824 1468 notari,
1847 1422 1993 1459 scilicet
2013 1435 2132 1461 causa
2159 1424 2371 1474 deficiens,
2393 1431 2430 1465 et

1396 1493 1515 1519 causa
1543 1484 1721 1521 reficiens
1748 1497 1756 1521 :
1791 1496 1909 1522 causa
1947 1486 2112 1534 quidem
2144 1488 2332 1526 deficiens
2371 1493 2430 1528 est

1393 1545 1569 1582 humana
1605 1546 1794 1593 pronitas,
1835 1559 1955 1595 quam
1991 1549 2165 1587 declarat
2203 1552 2429 1590 octonarius

1393 1608 1569 1655 primus3
1602 1620 1720 1646 causa
1758 1611 1938 1647 reficiens
1975 1615 2031 1648 est
2069 1612 2205 1650 divina
2240 1613 2398 1652 bonitas
2413 1643 2426 1661 ,

1394 1680 1516 1717 quam
1537 1670 1711 1708 declarat
1729 1673 1937 1709 secundus.
1961 1675 2004 1710 Et
2035 1675 2226 1722 quoniam
2251 1676 2429 1714 humana

1391 1734 1567 1781 pronitas
1595 1735 1775 1773 incurvat
1795 1736 1970 1774 animam
1984 1766 1996 1784 ,
2021 1738 2091 1775 sed
2110 1738 2247 1776 divina
2269 1739 2426 1778 bonitas

1393 1796 1506 1844 erigit
1535 1808 1605 1845 per
1637 1798 1880 1843 doctrinam,
1919 1800 2013 1837 inde
2047 1803 2104 1838 est
2134 1802 2244 1849 quod
2273 1803 2426 1851 primus

1391 1860 1616 1897 octonarius
1645 1861 1852 1899 inchoatur
1881 1873 1953 1910 per
1984 1864 2092 1911 Caph
2119 1864 2308 1912 litteram,
2338 1877 2426 1914 quae
2444 1880 2538 1916 Caph.

1390 1921 1666 1970 interpretatur
1689 1924 1918 1970 incurvata3
1948 1926 2145 1963 secundus
2172 1928 2424 1975 perLLamed,
2446 1935 2564 1964 Lamed.

1390 1995 1477 2031 quae
1503 1984 1779 2033 interpretatur
1808 1986 1999 2024 doctrina.
2023 1988 2254 2026 Octonarius
2273 1990 2425 2038 primus

1390 2047 1499 2083 estin
1520 2047 1621 2084 duos
1640 2049 1913 2096 quaternarios
1933 2050 2248 2098 distinguendus.
2272 2053 2424 2091 Primus

1390 2110 1662 2157 quaternarius
1691 2111 1883 2158 ostendit,
1905 2113 2017 2161 quod
2047 2113 2224 2161 pronitas
2247 2114 2424 2154 humana

1389 2175 1444 2209 est
1472 2183 1591 2209 causa
1622 2173 1832 2221 defectiva3
1860 2175 2056 2212 secundus
2088 2177 2281 2224 ostendit,
2311 2179 2423 2226 quod

1387 2234 1564 2282 pronitas
1593 2235 1679 2283 ipsa
1714 2246 1797 2273 non
1830 2239 1887 2274 est
1918 2237 2117 2275 refectiva.
2145 2239 2259 2284 Quod
2290 2242 2422 2278 autem

1387 2298 1563 2344 pronitas
1602 2302 1820 2337 memorata
1857 2299 1904 2337 sit
1940 2311 2059 2338 causa
2088 2301 2294 2348 defectiva,
2325 2304 2422 2341 noti-

1387 2360 1478 2396 ficat
1496 2360 1689 2408 Propheta
1707 2371 1778 2409 per
1793 2364 1964 2410 quatuor
1979 2362 2244 2411 incitamenta,
2259 2365 2423 2402 totidem

1387 2421 1566 2458 versibus
1593 2422 1798 2460 subnotata
1824 2435 1832 2459 :
1863 2435 2034 2472 quorum
2062 2425 2236 2473 primum
2250 2429 2313 2464 >est
2337 2428 2421 2476 spei

1388 2483 1584 2530 debilitas,
1607 2484 1825 2521 secundum
1842 2485 1936 2522 fidei
1957 2486 2121 2533 exilitas,
2137 2488 2293 2526 tertium
2310 2500 2419 2528 amo-

1384 2546 1436 2582 ris
1456 2545 1641 2594 inanitas,
1664 2549 1849 2594 quartum
1875 2547 2025 2584 laboris
2058 2548 2304 2588 diuturnitas.
2334 2553 2417 2590 Pri-

1386 2619 1473 2644 mus
1511 2618 1647 2645 versus
1675 2608 1850 2656 primum
1887 2609 2055 2657 explicat
2092 2611 2415 2661 incitamentum,

1384 2670 1619 2719 explicando
1656 2671 1739 2718 spei
1768 2670 1980 2717 defectum,
2013 2672 2228 2720 objectum,
2257 2675 2415 2722 subjec-

1384 2735 1482 2779 tum,
1504 2743 1549 2770 ac
1571 2732 1808 2770 defectivum
1828 2733 2033 2770 effectum.-
2052 2746 2224 2782 quorum
2242 2737 2416 2785 primum

1383 2798 1439 2832 est
1465 2795 1753 2843 vituperabile,
1783 2795 2003 2832 secundum
2030 2796 2311 2846 desiderabile,
2343 2802 2417 2838 ter-

1382 2857 1480 2894 tium
1498 2857 1737 2904 miserabile,
1760 2859 1945 2905 quartum
1964 2857 2303 2898 irremunerabile.

1714 2963 1906 3000 Articulus
1928 2966 2080 3011 primus.

1428 3046 1623 3089 Quantum
1649 3045 1700 3083 ad
1720 3046 1916 3094 primum,
1937 3047 2079 3085 dicitur
2100 3061 2109 3085 :
2145 3051 2295 3094 Defecit.
2320 3053 2414 3088 Ecce

1381 3107 1463 3155 spei
1485 3107 1671 3153 defectus,
1696 3119 1779 3145 non
1805 3109 2000 3147 immerito
2025 3110 2321 3158 vituperandus.
2343 3114 2414 3150 De-

1379 3169 1502 3206 fectus
1522 3169 1592 3207 iste
1617 3170 1798 3208 incitatur
1819 3171 1859 3207 in
1880 3171 2044 3209 diversis
2063 3172 2328 3211 diversimode
2350 3174 2413 3212 :in

1379 3231 1622 3280 quibusdam
1643 3232 1693 3269 ab
1720 3232 1905 3270 irascibili
1920 3246 1932 3279 3
1952 3233 1992 3270 in
2012 3233 2252 3281 quibusdam
2276 3245 2301 3272 a
2323 3246 2413 3273 con-

1379 3293 1619 3342 cupiscibili3
1647 3294 1688 3331 in
1709 3294 1950 3342 quibusdam
1982 3306 2006 3332 a
2029 3295 2268 3334 rationabili.
2291 3298 2410 3336 Primi

1378 3359 1468 3393 sunt
1498 3356 1765 3403 impatientes3
1788 3357 1973 3404 secundi,
2005 3358 2315 3408 incontinentes;
2335 3363 2411 3398 ter-

1400 3440 1462 3481 qn)
1492 3440 1569 3472 ειη.
1601 3440 1678 3472 vdit.
1710 3449 1824 3481 quam.
1853 3457 1892 3464 -
1925 3440 1972 3481 (b)
2005 3430 2156 3475 uem'ut
2187 3447 2334 3478 veretur.
2367 3463 2408 3472 -

1377 3490 1415 3528 (c)
1439 3489 1519 3519 Item
1539 3496 1641 3527 quam
1661 3489 1823 3528 meretur,
1845 3497 1900 3519 nec
1919 3488 2038 3521 habent
2061 3490 2294 3532 nesvereatur.
