2633 3878
300 302 375 340 39⁵2

300 397 365 423 ma
385 389 393 408 ¹
417 400 426 422 .-
452 403 468 420 a
483 388 563 422 Vox
579 386 679 422 facta
699 390 753 422 est
772 386 819 423 de
833 386 946 428 ,coelis
962 398 970 423 :
984 400 1001 421 »
1023 397 1109 423 ecce
1129 386 1322 434 apparitio

301 448 529 496 corporalis.
550 447 649 484 Talis
667 447 841 495 profecto
864 451 919 484 est
937 448 1071 485 divina
1090 447 1324 493 consolatio,

302 521 389 557 qua?
410 511 451 546 fit
471 521 492 546 a
515 512 611 556 Deo,
632 510 695 546 vel
715 510 842 547 vocali
859 510 1011 556 judicio
1028 539 1038 556 ,
1069 510 1131 546 vel
1165 509 1325 557 speciali

303 572 453 608 nuntio.
467 573 516 608 De
525 572 697 608 secunda
708 574 972 620 competenter
984 572 1203 619 exponitur,
1217 571 1326 619 quod

302 635 534 682 proponitur
555 633 568 654 ³
594 646 601 670 ε
632 634 764 671 «Dixit
791 637 916 670 Deus:
941 634 1021 670 Fiat
1046 634 1140 680 lux,
1167 636 1204 670 et
1227 634 1329 670 facta

304 699 359 732 est
386 697 466 733 lux.
492 711 508 729 n
538 697 637 741 Quid
667 697 769 732 enim
797 695 940 732 clarius
979 695 1235 741 intelligimus
1260 705 1330 742 per

304 758 431 796 lucem
458 759 642 795 divinitus
665 759 806 794 factam
822 786 832 803 ,
864 768 984 805 quam
1004 758 1206 795 veritatem
1235 758 1330 794 inte-

304 821 383 857 rius
408 821 666 868 patefactam?
685 820 784 856 'ralis
811 823 866 856 est
891 819 1157 867 proculdubio
1188 819 1330 856 divinae

305 882 582 919 consolationis
621 881 832 930 spiritualis
878 881 1082 918 destinatio
1100 911 1111 924 ‚
1148 881 1332 918 videlicet

305 945 463 981 interior
484 945 624 981 mentis
644 944 891 981 illuminatio.
921 945 970 980 De
994 944 1101 981 tertia
1119 946 1246 991 potest
1267 953 1330 979 ac—

305 1007 380 1054 cipi
416 1007 580 1043 verbum
608 1007 708 1044 illud
740 1006 1032 1053 psalmographi
1053 1007 1066 1028 ³
1098 1018 1105 1040 :
1135 1004 1331 1042 «Posuisti

307 1070 507 1114 tenebras,
541 1073 575 1105 ct
600 1070 700 1105 facta
733 1072 788 1105 cst
817 1079 918 1114 n0x3
939 1082 955 1101 n
981 1067 1073 1115 quia
1105 1067 1264 1114 ponitur
1292 1066 1332 1102 in

306 1131 459 1168 somnio
500 1132 629 1177 imago
661 1130 904 1176 aenigmatica
922 1158 933 1175 ,
974 1132 1010 1165 et
1047 1128 1090 1165 fit
1138 1127 1331 1176 apparitio

306 1193 570 1239 phantastica,
593 1203 663 1239 per
684 1202 803 1239 quam
823 1192 865 1227 fit
885 1201 1173 1238 nonnunquam
1194 1200 1333 1227 conso-

307 1254 398 1291 latio
421 1254 638 1291 tenebrosa.

642 1355 830 1390 Articulus
858 1356 998 1390 tertius.

353 1445 639 1482 Consolationis
679 1443 930 1481 collationem
971 1443 1172 1480 annotavit
1195 1469 1207 1487 ,
1246 1452 1336 1478 cum

308 1508 506 1554 adjunxit:
524 1508 632 1553 Mihi,
652 1510 841 1555 tanquam
862 1505 1112 1553 compatienti
1132 1503 1332 1552 proximo,

308 1573 343 1606 et
362 1570 508 1607 idcirco
529 1569 739 1618 spectanti,
761 1574 798 1606 et
818 1567 1057 1616 expectanti,
1078 1568 1115 1604 et
1142 1565 1337 1604 affectanti

309 1631 619 1668 consolationem
644 1631 694 1668 ab
721 1641 781 1675 co,
805 1631 872 1678 qui
890 1631 903 1651 ¹·
929 1629 1167 1666 «mandavit
1185 1627 1336 1665 unicui-

310 1704 384 1740 que
413 1694 460 1729 dc
487 1693 671 1741 proximo
700 1703 799 1729 suo:
822 1705 840 1726 n
863 1692 1052 1740 spectanti
1078 1690 1240 1738 quidem
1267 1697 1339 1737 per

310 1756 450 1799 fidem,
471 1755 687 1803 expectanti
707 1765 779 1802 per
800 1765 932 1802 spem,
954 1753 1149 1790 affectanti
1164 1762 1235 1800 per
1253 1751 1339 1788 cha-

310 1819 476 1855 ritatem.
499 1820 643 1855 Horum
660 1817 787 1864 primo
809 1815 992 1862 concinit,
1009 1815 1120 1863 quod
1140 1814 1341 1852 Psalmista

313 1881 407 1917 dicit
422 1882 435 1902 ⁵
460 1893 467 1916 :
493 1894 510 1913 α
531 1880 672 1916 Levavi
693 1879 828 1916 oculos
848 1889 958 1915 meos
978 1878 1019 1914 in
1038 1879 1213 1924 montes,
1234 1877 1340 1914 unde

312 1943 438 1980 veniet
464 1942 656 1979 auxilium
689 1941 808 1986 mihi,
829 1954 846 1975 »
870 1940 1015 1976 scilicet
1044 1939 1245 1986 spectanti.
1277 1939 1340 1975 Se-

314 2006 444 2042 cundo
467 2005 669 2051 convenit,
690 2003 800 2052 quod
820 2003 1014 2051 Propheta
1032 2002 1189 2050 psallit⁶
1208 2014 1215 2038 :
1235 2015 1252 2036 a
1269 2004 1341 2038 Ex-

313 2073 472 2118 pectans
492 2069 692 2116 expectavi
713 2066 936 2112 Dominum,
957 2068 993 2102 et
1008 2065 1174 2102 intendit
1188 2065 1283 2101 mihi
1299 2080 1339 2110 ,»

316 2132 457 2169 scilicet
471 2130 701 2178 expectanti.
713 2129 838 2166 Tertio
851 2138 1010 2176 quoque
1025 2127 1218 2174 congruit,
1234 2126 1344 2174 quod

317 2194 422 2230 idem
457 2192 591 2230 astruit
610 2194 653 2228 ⁷:
681 2205 698 2225 «
729 2193 826 2228 Cum
859 2190 1110 2235 invocarem,
1146 2187 1346 2225 exaudivit

317 2267 379 2292 me
401 2258 498 2292 Deus
516 2255 670 2302 justitiae
698 2265 816 2300 meae3
838 2253 879 2290 in
898 2252 1149 2291 tribulatione
1178 2250 1346 2288 dilatasti

319 2318 434 2364 mihi,
461 2333 477 2350 »
502 2317 645 2354 scilicet
658 2316 864 2353 affectanti.

649 2423 835 2458 Articulus
861 2423 1021 2467 quartus.

371 2507 653 2546 consolationis
691 2507 883 2544 rationem
904 2532 917 2550 ,
955 2503 1139 2541 videlicet
1175 2502 1353 2539 fraternae

325 2571 559 2620 poenitentiae
578 2568 896 2617 procurationem
916 2565 1136 2611 subintulit,
1152 2575 1243 2601 cum
1263 2564 1352 2600 sub-

322 2634 450 2681 junxit
473 2646 480 2669 2
503 2634 599 2677 Quia
612 2632 890 2678 justificationes
912 2632 991 2666 tuas
1011 2629 1190 2675 exquisivi
1221 2638 1230 2662 ε
1256 2625 1354 2673 quid

327 2697 432 2733 enim
452 2698 507 2732 est
534 2694 768 2742 poenitentiae
786 2691 1032 2741 procuratio,
1061 2689 1135 2727 nisi
1167 2688 1356 2736 Justifica-

329 2759 443 2796 tionis
463 2756 696 2805 exquisitio?
718 2759 759 2793 Et
777 2758 870 2792 nota
890 2753 999 2802 quod
1033 2752 1245 2790 fraternam
1272 2761 1354 2798 pce-

330 2820 531 2857 nitentiam
551 2819 742 2855 debemus
762 2816 967 2864 exquirere
989 2825 1069 2852 non
1089 2814 1240 2851 curiose
1255 2841 1267 2858 ,
1285 2823 1357 2850 nec

331 2881 538 2926 insidiose,
557 2880 625 2916 sed
642 2879 828 2916 officiose.
853 2879 981 2915 Primo
1003 2877 1125 2914 modo
1148 2876 1359 2924 exquirunt

335 2944 620 2992 exploratores,-
637 2941 826 2986 secundo,
847 2940 1161 2988 exprobratores,
1179 2942 1216 2975 et
1232 2938 1357 2984 tertio,

336 3007 615 3044 exhortatores.
637 3005 687 3039 Dc
713 3003 842 3050 primo
857 3003 870 3024 ⁸
888 3014 896 3038 ;
920 3016 938 3036 ι(
953 3004 1026 3039 Cor
1047 3001 1173 3049 iniqui
1194 3000 1362 3048 exquirit

341 3069 386 3116 (a)
412 3069 540 3113 mala3
569 3066 622 3103 sic
646 3066 821 3103 curiosus
852 3065 1077 3112 explorator
1102 3063 1239 3109 ,aliena
1273 3073 1362 3111 pec-

339 3133 435 3167 cata.
453 3145 468 3164 »
491 3132 541 3167 De
561 3128 733 3166 secundo
751 3130 765 3149 ⁹
797 3139 805 3163 :
829 3140 846 3160 «
865 3126 1034 3163 Herodes
1065 3125 1207 3162 occidit
1226 3135 1363 3161 omnes

338 3203 496 3240 pueros,
518 3191 586 3239 qui
603 3194 711 3228 erant
733 3190 774 3226 in
793 3189 1028 3233 Bethlehem,
1055 3190 1091 3224 ct
1110 3187 1151 3223 in
1180 3186 1364 3223 omnibus

339 3254 484 3292 finibus
504 3254 586 3300 eJus
607 3264 630 3290 a
647 3253 799 3289 bimatu
814 3279 824 3296 ,
843 3254 879 3288 et
895 3250 1010 3296 infra,
1030 3249 1246 3286 secundum
1269 3252 1364 3285 tem-

340 3327 413 3363 pus
433 3315 543 3363 quod
562 3311 796 3362 exquisierat
816 3323 839 3350 a
858 3312 989 3359 Magis.
1009 3325 1026 3346 »
1049 3311 1223 3347 Herodem
1251 3310 1367 3346 inter-

343 3381 541 3425 pretamur
575 3378 616 3414 in
645 3377 816 3425 pellibus
847 3375 1107 3422 gloriantem,
1143 3375 1179 3410 et
1205 3373 1367 3409 Judoeam

345 3440 592 3477 confitentem
614 3451 622 3475 :
644 3438 815 3476 Herodes
839 3438 972 3486 itaque
1000 3438 1155 3483 tempus
1175 3433 1365 3481 exquirit,

391 3525 396 3540 ¹
420 3523 538 3561 Marc„
559 3531 582 3560 ι,
605 3526 652 3554 11.
670 3540 710 3546 --
731 3523 740 3541 2
762 3522 857 3561 Gen„
878 3530 902 3559 1,
922 3522 953 3552 3.
971 3536 1009 3544 -
1029 3519 1040 3538 ³
1056 3518 1146 3550 Psal.
1169 3526 1243 3556 ent,
1265 3520 1368 3550 20.—

351 3572 356 3587 '·
379 3570 497 3610 Ereti„
519 3577 599 3609 xvv,
628 3571 674 3601 12.
697 3588 724 3592 —
751 3571 761 3588 ⁵
780 3568 869 3601 Psul.
891 3576 969 3608 cxx,
996 3570 1022 3598 t.
1045 3583 1083 3590 —
1105 3567 1117 3586 ⁶
1140 3565 1229 3597 Psal.
1247 3573 1369 3607 xxxix,

990 296 1261 339 EXPOSITIO
1293 297 1344 339 IN
1378 298 1728 341 PSALTERIUM.

1399 391 1435 425 et
1453 399 1596 436 pueros
1613 389 1839 426 Judaeorum
1859 389 2024 436 occidit,
2046 401 2137 428 cum
2155 394 2361 441 praelatus,
2381 398 2423 432 ut

1400 453 1588 498 appareat
1607 451 1823 497 gloriosus,
1845 451 2015 489 alienam
2031 453 2153 490 vitam
2171 455 2366 502 explorat,
2387 460 2424 494 et

1401 512 1665 548 confitentium
1688 512 1890 560 spurcitias
1909 524 1980 561 per
2003 514 2273 561 poenitentiam
2300 516 2425 564 depu-

1400 575 1523 618 ratus,
1537 576 1573 609 et
1592 573 1644 609 ad
1663 573 1927 612 innocentiam
1945 578 2161 622 revocatas,
2181 577 2423 625 exprobran-

1403 634 1454 670 do
1476 638 1771 672 commemorat.
1804 638 1855 672 De
1883 636 1994 674 tertio
2015 637 2042 660 ¹⁰
2062 650 2071 675 :
2093 651 2111 672 «
2131 640 2181 675 De
2204 649 2284 686 qua
2303 639 2426 676 salute

1403 696 1694 743 exquisierunt,
1720 698 1757 733 et
1787 698 1944 735 scrutati
1974 701 2063 736 sunt
2087 700 2338 747 prophetae.»
2368 701 2426 738 Sic

1403 757 1548 794 faciunt
1571 757 1651 803 illi,
1672 758 1739 805 qui
1760 758 1933 796 officiose
1953 770 1999 797 ac
2017 761 2189 798 studiose
2214 765 2429 809 procurant

1403 819 1568 855 salutem
1586 819 1771 867 proximi.

1834 923 2003 965 Epilogus.

1453 1007 1547 1044 Dicit
1565 1018 1659 1054 ergo
1680 1008 1872 1056 Propheta
1889 1010 1931 1045 in
1943 1009 2174 1056 hujusmodi
2193 1011 2430 1059 compatien-

1405 1069 1451 1106 tis
1469 1080 1637 1117 persona
1659 1082 1667 1107 :
1690 1072 1794 1117 Haec,
1816 1071 1961 1108 scilicet
1991 1072 2207 1110 consolatio
2242 1073 2401 1120 praefata
2420 1085 2428 1109 :

1407 1142 1495 1168 eece
1515 1132 1649 1168 datum
1667 1133 1884 1180 optimum3
1905 1135 2012 1170 Facta
2032 1137 2084 1170 est
2098 1161 2110 1179 ,
2131 1133 2173 1170 id
2193 1136 2248 1171 est
2261 1162 2271 1180 ,
2294 1134 2432 1172 divini-

1407 1196 1466 1230 tus
1499 1194 1690 1231 destinata
1711 1206 1720 1231 z
1745 1205 1835 1232 ecce
1870 1195 2104 1232 descensum
2137 1207 2161 1232 a
2187 1198 2295 1234 Patre
2319 1196 2434 1233 lumi-

1408 1266 1529 1302 num,
1563 1257 1681 1302 Mihi,
1719 1257 1831 1304 quasi
1867 1257 2117 1305 compatienti
2147 1258 2290 1295 collata
2310 1270 2320 1294 ε
2344 1269 2433 1295 ecce

1409 1317 1643 1355 descensum
1657 1318 1699 1355 in
1718 1319 1978 1356 convertentis
1997 1319 2198 1365 animum,·
2219 1320 2312 1364 Quia
2326 1320 2435 1366 justi-

1408 1383 1591 1426 ficationes
1610 1384 1687 1417 tuas
1708 1383 1909 1428 exquisivi,
1935 1381 2032 1418 dum
2062 1381 2233 1429 proximi
2251 1382 2437 1429 poeniten-

1408 1442 1503 1479 tiam
1522 1443 1732 1491 procuravi
1748 1455 1756 1480 :
1780 1453 1868 1480 ecce
1889 1453 2124 1482 conversum
2141 1444 2381 1492 proximum.

1776 1590 1995 1617 VERSICULUS
2021 1592 2056 1616 13
2066 1608 2073 1616 .

1460 1694 1517 1729 57.
1530 1695 1652 1729 Porcio
1662 1704 1752 1739 mea,
1771 1696 1842 1730 etc.
1853 1695 1935 1730 Non
1947 1693 2075 1730 solum
2094 1703 2182 1741 spes
2194 1693 2439 1741 laetificatpa-

1413 1756 1563 1799 tientes,
1579 1756 1618 1791 ut
1637 1755 1860 1792 octonarius
1877 1755 1986 1802 prior
1998 1755 2220 1803 proposuit,
2236 1755 2305 1792 sed
2321 1755 2439 1792 etiam

1414 1816 1595 1853 fortificat
1612 1816 1815 1862 facientes,
1844 1820 1962 1864 prout
1982 1817 2051 1854 iste
2082 1817 2281 1865 proponit.
2316 1817 2439 1854 Forti-

1415 1878 1505 1915 fieat
1522 1880 1652 1914 autem
1664 1878 1839 1926 primum
1857 1878 1909 1914 ad
1928 1879 2030 1915 bene
2050 1879 2313 1926 operandum,
2330 1879 2442 1926 quod

1417 1942 1572 1976 testatur
1591 1940 1863 1987 quaternarius
1882 1939 2077 1987 anterior3
2108 1940 2365 1986 postmodum
2391 1940 2443 1978 ad

1417 2001 1567 2038 malum
1592 2001 1860 2049 superandum
1877 2030 1890 2048 ,
1919 2001 2029 2049 quod
2059 2002 2283 2039 testificatur
2312 2004 2442 2050 poste-

1418 2064 1511 2102 rior.
1532 2064 1591 2101 Ad
1611 2064 1858 2112 operandum
1888 2075 1982 2102 vero
2009 2064 2210 2112 fortificat,
2239 2064 2334 2113 quia
2351 2074 2445 2112 pro-

1419 2126 1591 2174 positum
1609 2126 1773 2163 ratificat
1786 2153 1799 2172 ,
1828 2126 2012 2164 intuitum
2030 2126 2223 2173 ⁸rectificat
2238 2155 2249 2173 ,
2265 2126 2446 2163 affectum

1419 2188 1614 2235 purificat,
1637 2192 1674 2225 et
1702 2188 1882 2225 effectum
1902 2189 2121 2236 plurificat,
2156 2189 2254 2226 sicut
2280 2190 2449 2236 quatuor

1423 2252 1523 2288 ordo
1546 2262 1733 2288 versuum
1761 2251 1992 2288 manifestat.
2014 2251 2185 2295 Qualiter
2200 2251 2341 2288 ”autem
2362 2261 2450 2298 spes

1422 2313 1664 2361 propositum
1696 2313 1887 2359 ratificet,
1923 2323 2058 2349 versus
2076 2312 2193 2360 primi
2226 2312 2450 2360 quadrifida

1425 2375 1656 2412 continentis
1695 2375 1810 2412 docet
1836 2404 1848 2422 ‚
1887 2374 2114 2412 denotando
2150 2373 2450 2422 quadruplicem

1425 2439 1616 2487 propositi
1635 2439 1922 2485 causalitatem,
1941 2438 2135 2480 {videlicet
2166 2437 2326 2475 finalem
2338 2465 2350 2484 ‚
2381 2437 2454 2474 ini-

1427 2501 1584 2548 tialem,
1613 2500 1846 2547 formalem,
1874 2504 1910 2538 et
1934 2500 2200 2547 materialem;
2235 2502 2272 2537 et
2302 2509 2453 2537 conno-

1428 2564 1547 2600 tando
1570 2574 1776 2601 causarum
1793 2557 2092 2611 proprietatem,
2115 2562 2259 2599 scilicet
2277 2561 2366 2598 finis
2381 2562 2453 2598 uti-

1430 2625 1592 2670 litatem,
1608 2625 1706 2663 initii
1725 2625 1787 2663 vel
1808 2625 2009 2662 efficientis
2027 2624 2299 2670 humilitatem,
2319 2623 2454 2661 formae

1431 2687 1678 2725 stabilitatem
1700 2690 1736 2724 et
1755 2687 1925 2724 materiae
1943 2686 2179 2723 facilitatem.

1763 2792 1949 2827 Articulus
1975 2793 2126 2837 primus.

1483 2875 1621 2913 Finalis
1646 2874 1790 2911 utilitas
1817 2873 2001 2920 aperitur,
2033 2882 2124 2908 cum
2144 2870 2285 2908 dicitur
2307 2883 2315 2907 :
2337 2872 2460 2908 Porcio
2520 2869 2525 2874 '

1436 2949 1513 2975 mea
1531 2950 1538 2974 :
1561 2947 1654 2974 nam
1672 2936 1895 2984 portionem
1913 2945 2026 2971 suam
2045 2932 2209 2981 quilibet
2226 2931 2327 2969 illud
2346 2931 2460 2979 dicit,

1437 3000 1548 3049 quod
1569 2999 1700 3036 utilius
1720 2997 1932 3045 conspicit,
1956 2999 1994 3033 ct
2012 2997 2182 3044 amplius
2201 2994 2461 3044 concupiscit,

1439 3063 1537 3100 sicut
1554 3064 1660 3110 patet
1677 3061 1718 3097 in
1737 3060 1917 3109 portione
1937 3059 2102 3096 triformi
2114 3071 2124 3105 3
2147 3057 2348 3104 exteriori,
2370 3057 2465 3094 inte-

1439 3125 1554 3171 riori,
1572 3122 1764 3172 superiori
1781 3134 1789 3158 :
1805 3132 1974 3169 quarum
1987 3120 2115 3168 prima
2132 3121 2278 3167 spectat
2293 3119 2345 3156 ad
2357 3118 2464 3155 bona

1438 3188 1620 3229 fortunae;
1643 3184 1841 3229 secunda,
1863 3183 1915 3219 ad
1945 3182 2053 3219 bona
2078 3181 2210 3228 gratiae
2219 3183 2298 3227 yet
2326 3178 2462 3224 tertia,

1443 3249 1493 3286 ad
1511 3248 1619 3285 bona
1639 3246 1787 3294 gloriae.
1813 3244 1941 3282 Portio
1961 3244 2090 3291 prima
2108 3243 2216 3280 bona
2240 3243 2296 3278 est
2325 3239 2464 3278 utenti-

1442 3311 1539 3355 hus,
1560 3319 1642 3346 non
1668 3306 1943 3352 abutentibu53
1965 3303 2092 3352 qualis
2116 3302 2188 3340 fuit
2208 3301 2311 3338 filius
2329 3299 2465 3349 prodi-

1444 3383 1529 3419 gus,
1549 3371 1618 3419 qui
1636 3369 1737 3417 patri
1757 3367 1854 3405 dixit
1872 3368 1900 3390 ¹¹
1922 3378 1931 3402 :
1948 3379 1966 3400 «
1985 3367 2109 3410 Pater,
2131 3364 2183 3400 da
2200 3363 2297 3400 mihi
2315 3363 2465 3411 portio-

1449 3465 1474 3492 ι.
1495 3479 1535 3484 -
1555 3461 1567 3482 '1
1585 3459 1676 3491 Psal.
1701 3465 1746 3497 lv,
1770 3460 1797 3488 1.
1819 3474 1859 3479 —
1879 3456 1890 3474 ⁸
1908 3454 2020 3493 Pron„
2037 3459 2148 3492 xxV11‚
2168 3453 2219 3483 21.
2243 3468 2277 3475 -
2298 3450 2311 3472 ⁹
2332 3449 2465 3490 Matth„

1446 3516 1483 3548 11,
1508 3511 1610 3540 ιϋ.-
1631 3505 1807 3544 ¹·1Petr.,
1830 3504 1924 3543 1,10.
1951 3518 1984 3524 —-
2006 3500 2029 3522 ¹¹
2052 3500 2140 3538 Luc„
2161 3506 2216 3539 XV,
2241 3499 2290 3530 12.

1488 3564 1528 3605 (a)
1551 3562 1645 3602 γαίᾳ.
1669 3559 1816 3601 inquirit.
