2633 3878
136 2505 268 2531 Christus

128 2549 155 2572 et
191 2547 267 2572 Anii-

130 2587 266 2614 christus.

285 276 363 314 668

286 361 412 402 stulto
448 359 656 400 desectum
693 353 1036 397 considerationis
1076 351 1264 405 providae
1294 382 1305 401 ,

285 432 385 486 quia
403 443 500 472 cum
521 431 687 482 ignoret
702 427 929 481 praetcrita,
944 437 1028 466 non
1051 426 1186 478 potest
1204 435 1309 476 prae-

286 504 427 544 videre
451 503 615 550 futui-113
644 500 736 540 ideo
764 498 914 539 dicitur
941 511 949 536 ε
987 497 1159 547 Ιῃηοναε
1187 495 1307 536 homo

284 573 389 627 quid
409 578 507 615 ante
528 583 570 613 se
598 571 742 622 suerit,
765 572 968 621 tanquam
997 566 1150 606 stultus
1170 568 1211 606 et
1240 565 1304 605 in-

283 644 570 685 consideratus
591 648 600 668 1
627 656 635 682 ;
665 657 683 680 α
703 637 989 682 Consideravit
1011 649 1053 676 se
1068 669 1078 687 ,
1111 639 1152 675 et
1180 635 1305 685 abiit,

283 718 322 756 et
342 714 483 754 statim
505 713 661 754 oblitus
678 715 754 760 est,
777 710 912 763 qualis
932 709 1071 749 fuerit.
1096 722 1114 744 n
1133 705 1308 759 Ecquid

281 791 376 838 post
394 796 486 827 cum
509 786 700 836 futurum
721 786 806 831 est,
827 781 924 833 quis
945 781 984 822 ez·
1004 780 1159 832 poterit
1188 777 1307 820 indi-

283 857 410 898 care?
440 855 559 908 quasi
594 854 701 894 dicat
725 867 732 893 :
758 851 921 892 Nullus.
945 851 957 872 ²
983 866 1002 888 «
1034 849 1111 899 Qui
1139 850 1309 901 ignorat

285 928 448 976 sutura,
471 925 588 966 nullo
618 927 753 978 potest
779 923 884 962 scire
915 921 1081 961 nuntio.
1115 934 1133 957 »
1160 919 1210 959 Et
1229 919 1308 958 hoc

283 998 454 1051 quidem
475 997 597 1038 valde
616 997 867 1037 damnosum
883 1007 892 1042 3
910 992 1022 1032 unde
1042 992 1055 1013 ³
1074 1006 1082 1031 z
1107 990 1308 1031 «Utinam

285 1072 500 1122 saperent,
523 1070 563 1108 et
583 1066 869 1117 intelligerent
887 1076 934 1104 ac
954 1062 1189 1104 novissima
1210 1073 1311 1114 pro-

284 1141 488 1181 viderent.
509 1153 527 1175 n

339 1213 402 1251 15.
416 1209 552 1251 Labor
566 1207 804 1255 stultorum,
817 1209 894 1247 etc.
909 1205 983 1246 Hic
998 1205 1119 1246 tertio
1131 1204 1311 1245 ostendit

286 1283 328 1322 in
363 1281 490 1321 stulto
525 1280 732 1321 defectum
764 1276 1020 1330 operationis
1054 1276 1309 1325 fructuosae,

284 1355 382 1408 quia
403 1353 446 1392 in
464 1351 605 1392 labore
625 1361 700 1390 suo
723 1349 906 1389 multum
926 1347 1131 1399 affligitur
1144 1379 1155 1398 ,
1175 1350 1216 1387 et
1236 1359 1311 1399 pa-

284 1438 382 1466 rum
413 1422 601 1477 proficit;
632 1421 724 1461 ideo
756 1420 855 1460 dicit
881 1431 890 1459 :
922 1419 1055 1460 Labor
1083 1418 1312 1461 stultorum

285 1498 447 1549 affliget
469 1504 536 1536 608
553 1526 562 1543 ,
594 1492 694 1545 quia
717 1503 803 1531 non
823 1490 1015 1530 laborant
1045 1489 1089 1528 in
1122 1489 1243 1530 bonis
1260 1489 1273 1509 ⁶
1299 1504 1308 1530 :

291 1586 308 1607 «
329 1568 380 1610 Ut
408 1568 551 1619 inique
578 1566 775 1617 agerent,
797 1563 1114 1603 laboraverunt.
1146 1577 1165 1600 ›)
1192 1562 1242 1603 Et
1263 1566 1277 1588 ⁵
1300 1574 1310 1603 z

292 1656 309 1677 ι(
334 1638 492 1680 Lassati
512 1649 661 1677 sumus
680 1635 724 1675 in
745 1634 814 1675 via
840 1633 1071 1686 iniquitatis
1100 1636 1141 1673 et
1170 1633 1313 1686 perdi-

287 1711 411 1752 tionis
426 1741 435 1758 ,
457 1712 495 1750 et
515 1707 833 1749 ambulavimus
854 1706 946 1747 vias
965 1705 1169 1754 difficiles,
1193 1705 1310 1745 viam

287 1785 427 1822 autem
448 1778 613 1819 Domini
632 1776 946 1830 ignoravimus.
969 1790 988 1812 »
1013 1774 1063 1815 Et
1091 1775 1222 1827 hujus
1249 1787 1313 1816 ra-

285 1853 443 1893 tionem
463 1849 598 1891 reddit
620 1861 630 1888 :
654 1849 735 1898 Qui
757 1848 952 1889 nesciunt
980 1847 1029 1887 in
1056 1845 1196 1887 urbem
1212 1857 1312 1898 per-

285 1934 392 1976 qere,
415 1922 455 1962 id
476 1923 560 1970 est,
590 1919 781 1960 nesciunt
800 1918 915 1959 viam
946 1919 1104 1957 rectam
1129 1917 1181 1957 ad
1211 1929 1313 1957 eun-

286 1993 389 2034 dum
427 1992 472 2032 in
505 1991 655 2032 urbem
692 1989 806 2030 illam
831 2021 841 2039 ,
879 1989 930 2030 de
971 2001 1055 2041 qua
1092 1987 1312 2030 dieitur⁶:

293 2063 438 2104 «Urbs
471 2061 729 2103 fortitudinis
758 2063 916 2101 nostrae
947 2059 1048 2101 Sion
1074 2074 1083 2109 ;
1119 2059 1314 2101 Salvator

287 2137 466 2188 ponetur
494 2133 537 2173 in
569 2145 617 2173 ea
649 2144 819 2182 muruS,
841 2133 883 2171 et
909 2130 1187 2172 antemurale.
1215 2145 1234 2168 »
1266 2131 1313 2172 In

286 2209 397 2250 hanc
416 2206 567 2247 urbem
586 2204 778 2245 nesciunt
795 2202 911 2243 stulti
928 2215 1130 2256 pergere3
1148 2204 1308 2244 unde⁷:

293 2296 312 2318 «
340 2278 448 2329 Quid
470 2278 598 2318 habet
627 2275 811 2328 amplius
837 2287 862 2315 a
892 2275 1019 2315 stulto
1050 2275 1244 2326 sapiens;
1275 2277 1314 2315 et

289 2350 388 2403 quid
409 2360 592 2402 pauper,
617 2347 698 2387 nisi
728 2350 775 2387 ut
807 2348 959 2399 pergat
990 2345 1117 2394 illuc,
1147 2345 1222 2386 ubi
1253 2348 1315 2386 est

291 2420 408 2460 vita?
432 2434 451 2456 n

342 2488 624 2542 Spiritualiter
656 2487 725 2527 hic
753 2499 827 2539 per
857 2486 1089 2539 sapientem
1109 2485 1312 2538 intelligi-

288 2574 384 2602 mus
418 2560 631 2602 Christum
650 2591 660 2609 ,
694 2570 768 2611 per
799 2558 1063 2610 insipientem
1084 2556 1317 2598 Antichris-

286 2636 393 2673 tum.
418 2631 551 2673 Verba
564 2631 651 2672 oris
667 2630 878 2682 sapientis
895 2629 1050 2681 qratia,
1068 2628 1169 2680 quia
1183 2628 1315 2668 verba

287 2703 439 2744 Christi
457 2702 640 2754 gratiosa
661 2701 673 2722 ⁸
697 2713 706 2740 ε
736 2716 755 2738 «
774 2699 934 2740 Diffusa
953 2703 1015 2739 est
1034 2699 1172 2751 gratia
1191 2698 1237 2738 in
1256 2697 1314 2742 la-

287 2776 368 2815 biis
398 2775 481 2815 tuis
516 2789 524 2814 :
562 2776 781 2826 propterea
808 2771 1023 2813 benedixit
1050 2773 1091 2811 te
1128 2770 1238 2811 Deus
1269 2770 1315 2810 in

288 2849 510 2887 aeternum.
533 2860 551 2882 »
579 2844 629 2885 Et
650 2844 692 2885 ⁹:
721 2859 739 2881 ι(
767 2843 1000 2896 Stupebant
1029 2853 1201 2891 omneS,
1238 2840 1314 2893 qui

288 2929 386 2958 cum
406 2916 651 2963 audiebant,
677 2927 803 2967 super
827 2913 1050 2966 prudentia
1079 2915 1121 2953 et
1144 2924 1315 2964 respon-

288 2988 345 3028 sis
361 2988 498 3040 eJus.»
519 2985 569 3026 Et
585 2985 612 3006 ¹⁰
635 2999 673 3025 :«
687 2985 769 3024 Alii
787 2985 978 3025 dicebant
995 2998 1003 3024 :
1020 2982 1235 3036 Numquid
1255 2983 1314 3022 sic

289 3059 416 3099 homo
445 3057 613 3098 locutus
643 3056 732 3096 est?
752 3070 770 3092 »
798 3054 830 3095 E
850 3057 996 3094 contra
1023 3053 1223 3106 insipiens
1252 3056 1314 3093 est

289 3129 587 3178 Antichristus,
609 3127 660 3168 de
681 3138 765 3179 quo
782 3126 808 3151 ¹¹
837 3139 846 3165 :
873 3140 892 3162 (ι
913 3124 1024 3165 Dixit
1039 3124 1240 3176 insipiens
1269 3123 1314 3163 in

289 3200 413 3241 corde
432 3211 508 3239 suo
534 3213 542 3239 :
563 3197 654 3239 Non
674 3200 735 3237 est
754 3196 876 3237 Deus.
901 3210 920 3233 n
946 3194 1078 3236 Labia
1095 3194 1185 3246 effus
1202 3205 1314 3246 Ῥηθ-

289 3270 528 3323 cipitabzmc
559 3279 672 3318 eum,
696 3267 794 3320 quia
811 3269 981 3319 propter
1001 3277 1090 3306 suae
1110 3264 1312 3306 doetrinae

289 3341 498 3382 malitiam
543 3340 816 3391 demergetur
863 3340 907 3378 in
944 3336 1204 3390 profundum
1236 3336 1264 3360 ¹²
1302 3350 1310 3376 :

333 3474 442 3510 ¹Jac.,
467 3478 493 3510 ι,
517 3471 565 3502 24.
587 3487 627 3492 —-
651 3470 662 3488 ²
681 3471 802 3510 Supra,
827 3476 901 3508 vni,
921 3470 952 3501 7.
973 3486 1012 3491 -
1035 3468 1048 3490 ³
1069 3468 1182 3507 Dent„
1202 3473 1313 3504 xxxii,

290 3520 341 3551 29.
358 3535 398 3542 —
420 3518 430 3536 ⁴
450 3518 585 3555 Jerem.,
606 3526 654 3557 ix,
675 3520 706 3549 5.
727 3534 766 3540 —
785 3518 795 3535 ⁵
815 3517 907 3557 Sap.,
930 3523 963 3554 V,
984 3517 1015 3547 7.
1035 3533 1070 3538 —
1091 3515 1198 3554 1ῑΙ.ςα.,
1218 3521 1313 3552 xxw,

294 3570 322 3598 1.
344 3582 385 3589 —
405 3565 414 3583 ⁷
435 3565 557 3606 Supra,
575 3572 621 3605 vi,
641 3567 671 3597 8.
693 3581 732 3587 —
752 3566 762 3583 ⁸
785 3564 879 3597 Psal.
900 3571 996 3604 xmv,
1017 3567 1047 3596 3.
1068 3581 1106 3586 -
1131 3563 1142 3581 ³
1162 3561 1252 3602 Luc„
1272 3568 1313 3601 11,

962 262 1231 305 Exposl'l'lo
1262 262 1312 303 ΙΝ
1345 262 1744 305 ECCLESlASTEN.

1389 366 1408 391 (ι
1427 352 1715 393 Arctabuntur
1731 365 1902 405 gressus
1923 354 2094 395 virtutis
2112 356 2148 408 ej
2155 367 2222 407 us,
2244 358 2284 397 et
2302 368 2408 409 prae-

1383 426 1574 479 cipitabit
1587 438 1684 466 eum
1698 426 1920 467 consilium
1943 439 2085 467 suum.
2100 442 2119 465 »
2137 427 2273 469 Verba
2292 429 2406 470 enim

1383 498 1476 548 ejus
1495 499 1620 537 erunt
1641 497 1769 537 verba
1797 496 2072 549 blasphemiae
2099 500 2140 538 et
2168 499 2403 551 superbiae3

1383 567 1475 607 ideo
1496 567 1623 607 stulta
1644 569 1685 607 et
1704 578 1892 607 erronea.
1917 567 2034 608 Unde
2054 568 2206 608 dicitur
2221 569 2251 593 ¹⁸
2271 581 2310 609 z«
2326 569 2408 610 Ad-

1383 649 1534 678 versus
1565 637 1699 677 Deum
1720 637 1893 678 deorum
1923 638 2120 690 loquetur
2151 639 2406 691 magnifica,

1383 711 1422 747 et
1451 706 1677 757 dirigetur,
1700 707 1831 747 donec
1851 707 2110 760 compleatur
2129 709 2361 752 iracundia.
2383 725 2402 749 »

1383 776 1434 816 Et
1454 776 1481 801 ¹¹·
1504 788 1543 815 z«
1564 775 1787 817 Rcvelatus
1807 777 1931 817 fuerit
1947 778 2076 819 homo
2096 779 2251 831 peccati
2265 810 2275 830 ,
2298 779 2410 820 filius

1383 846 1648 899 perditioniS,
1691 847 1763 900 qui
1802 848 2051 889 adversatur
2067 881 2077 900 ,
2117 852 2158 890 et
2194 849 2411 891 extollitur

1384 929 1511 970 super
1555 929 1680 958 omne
1707 948 1717 966 ,
1759 919 1873 971 quod
1916 919 2069 960 dicitur
2107 920 2229 961 Deus.
2266 934 2286 958 ›>
2331 919 2411 962 Iste

1384 988 1584 1040 insipiens
1604 1000 1690 1029 non
1717 991 1884 1030 tantum
1905 990 2154 1031 indiscretus
2173 991 2254 1032 erit
2272 991 2317 1032 in
2346 992 2410 1032 lo-

1385 1059 1552 1112 quendo
1568 1092 1577 1110 ,
1601 1059 1672 1100 sed
1703 1060 1829 1100 etiam
1858 1060 2148 1113 improvidens
2171 1076 2180 1103 :
2203 1062 2305 1115 quia
2325 1074 2411 1104 non

1385 1129 1668 1170 considerabit
1687 1130 1870 1181 ruinam,
1887 1144 1983 1183 quse
1998 1133 2196 1173 secutura
2213 1134 2276 1173 est
2293 1144 2408 1184 eum,

1386 1201 1618 1241 secundum
1649 1201 1761 1253 quod
1781 1201 1881 1241 dicit
1899 1202 2124 1254 Apostolus
2150 1206 2179 1228 ¹⁵
2203 1215 2212 1243 :
2240 1218 2260 1242 t(
2278 1202 2411 1253 Quem

1386 1271 1590 1312 Dominus
1615 1271 1734 1313 Jesus
1761 1272 1984 1312 interficiet
2012 1273 2164 1326 spiritu
2181 1274 2265 1314 oriS
2291 1274 2405 1315 sui.»

1388 1343 1519 1382 Istum
1541 1342 1809 1394 insipientem
1831 1343 1946 1383 stulti
1968 1347 2218 1396 sequentur,
2243 1347 2283 1385 et
2299 1345 2407 1385 affli-

1387 1417 1556 1466 gentur,
1582 1414 1659 1466 qui
1683 1415 1879 1456 nesciunt
1901 1415 1948 1456 in
1972 1415 2112 1457 urbem
2129 1425 2314 1468 peracre,
2337 1427 2412 1468 per

1386 1497 1533 1526 veram
1553 1485 1680 1526 fidem
1702 1487 1742 1525 et
1765 1485 2031 1526 dilectionem
2051 1487 2078 1512 ¹⁶
2104 1500 2112 1527 :
2143 1501 2162 1524 «
2180 1486 2313 1527 Mittet
2332 1486 2413 1527 illis

1387 1553 1498 1594 Deus
1517 1554 1804 1606 operationem
1836 1554 2013 1605 erroris,
2036 1555 2110 1607 qui
2131 1555 2299 1596 veritati
2326 1568 2412 1597 non

1387 1628 1673 1679 crediderunt,
1691 1628 1763 1669 sed
1778 1631 2080 1669 consenserunt
2099 1629 2313 1682 iniquitati
2336 1643 2344 1668 :
2363 1641 2412 1670 eo

1387 1700 1500 1752 quod
1527 1699 1773 1740 charitatem
1803 1699 1989 1740 veritatis
2018 1711 2104 1740 non
2135 1702 2410 1753 receperunt,

1386 1770 1479 1810 ideo
1499 1770 1730 1810 nescientes
1747 1770 2021 1822 decipientur.
2040 1785 2058 1807 »
2079 1769 2197 1811 Unde
2214 1769 2242 1795 ¹⁷
2265 1783 2304 1810 2«
2319 1769 2415 1811 Nes-

1387 1841 1575 1892 cierunt,
1610 1853 1747 1893 neque
1783 1840 2082 1881 intellexerunt
2103 1872 2113 1892 ,
2149 1840 2195 1881 in
2228 1841 2414 1882 tenebris

1387 1912 1619 1952 ambulant.
1640 1926 1659 1948 »

1441 1987 1459 2023 1
1468 1987 1506 2024 6.
1518 1983 1587 2025 Voe
1601 1983 1696 2034 tibi,
1709 1985 1836 2034 terra,
1847 1985 1925 2024 etc.
1942 1983 2060 2024 Dedit
2070 1983 2304 2024 remedium
2313 1995 2413 2024 con-

1387 2057 1452 2096 tra
1483 2054 1860 2103 inordinationem,
1892 2065 1988 2107 quae
2008 2055 2205 2107 provenit
2231 2066 2284 2095 ex
2304 2066 2416 2107 prae-

1386 2127 1470 2167 lato
1512 2126 1624 2166 malo
1657 2128 1698 2166 et
1728 2125 1888 2173 stult03
1922 2125 1991 2165 hic
2017 2125 2140 2166 tertio
2178 2125 2248 2166 dat
2276 2137 2414 2166 reme-

1387 2199 1507 2239 dium
1540 2199 1686 2238 contra
1715 2196 2097 2246 inordinationem,
2130 2208 2228 2249 quae
2262 2209 2413 2251 prove-

1387 2271 1451 2310 nit
1487 2282 1540 2310 ex
1569 2268 1744 2321 praelato
1785 2267 1925 2307 inutili
1965 2270 2005 2307 et
2037 2267 2243 2319 remisso3
2279 2271 2416 2309 osten-

1387 2341 1489 2381 dens
1520 2339 1647 2379 talem
1681 2338 1858 2391 pigrum
1888 2340 1929 2378 et
1966 2338 2177 2379 carnalem
2209 2350 2295 2379 non
2327 2350 2416 2379 esse

1386 2409 1728 2464 praeficiendum,
1751 2420 1830 2449 nec
1862 2408 1989 2449 etiam
2022 2408 2332 2449 sustinendum.
2364 2408 2417 2449 Et

1386 2481 1515 2522 habet
1542 2480 1634 2520 haec
1655 2490 1752 2532 pars
1781 2478 1885 2519 duas
1908 2493 1917 2520 ε
1941 2479 2041 2532 quia
2071 2479 2207 2532 primo
2236 2478 2414 2520 detesta-

1386 2555 1458 2593 tur
1479 2564 1579 2593 eum
1595 2583 1606 2602 ,
1628 2550 1853 2591 ostendens
1872 2550 2012 2603 ipsum
2041 2549 2286 2603 praelatione
2305 2549 2416 2590 indi-

1389 2635 1553 2675 gnum3
1589 2621 1772 2662 secundo
1806 2620 1906 2661 dicit
1937 2632 2023 2660 non
2057 2632 2146 2660 esse
2181 2620 2219 2660 ei
2256 2619 2416 2661 occulte

1386 2694 1694 2736 detrahendum
1706 2725 1716 2742 ,
1729 2692 1787 2732 ibi
1802 2692 1857 2744 (v.
1873 2691 1936 2743 20)
1956 2705 1963 2730 :
1981 2691 2031 2732 In
2045 2691 2301 2745 cogitatione
2322 2695 2412 2741 cua,

1386 2770 1463 2807 etc.
1487 2765 1676 2807 Ostendit
1695 2775 1801 2815 ergo
1833 2762 2045 2803 carnalem
2070 2765 2110 2802 et
2129 2761 2303 2814 pigrum
2324 2772 2414 2801 esse

1386 2836 1633 2890 praelatione
1650 2835 1890 2886 indignum,
1906 2833 2042 2885 primo
2055 2834 2225 2885 propter
2247 2830 2414 2872 deordi-

1386 2909 1601 2950 nationem
1625 2906 1763 2959 gulae3
1787 2904 1968 2946 secundo
1996 2906 2164 2956 propter
2195 2903 2414 2944 infirmita-

1387 2983 1493 3029 tem,
1516 2978 1583 3019 vel
1603 2978 1856 3018 otiositatem
1877 2975 2079 3028 pigritiae3
2104 2974 2227 3015 tertio
2246 2976 2416 3027 propter

1387 3049 1714 3103 ineptitudinem
1734 3047 1918 3097 laetitiae3
1941 3049 2092 3099 quarto
2114 3048 2284 3098 propter
2309 3045 2414 3086 sub-

1387 3123 1627 3164 versionem
1655 3120 1857 3173 Justitiae,
1892 3119 1945 3159 ob
1976 3129 2165 3158 aurorem
2201 3116 2411 3168 pecuniae.

1388 3193 1564 3245 Propter
1606 3189 1970 3232 deordinationem
2019 3188 2134 3240 gulae
2165 3219 2177 3238 ‚
2214 3187 2416 3240 praelatus

1387 3263 1567 3304 carnalis
1601 3264 1642 3303 et
1684 3260 1888 3302 remissus
1935 3262 1996 3299 est
2028 3258 2273 3311 praelatione
2302 3257 2414 3298 indi-

1387 3347 1521 3387 gnu5,
1541 3336 1582 3374 et
1601 3344 1667 3375 vae
1687 3332 1767 3383 eis,
1795 3331 1869 3384 qui
1901 3342 2001 3371 eum
2034 3329 2113 3369 sibi
2141 3327 2378 3382 praeficiunt
2400 3340 2410 3377 ;

1387 3465 1437 3496 47.
1457 3482 1497 3487 —
1517 3464 1544 3485 10
1561 3463 1668 3503 Joan.‚
1688 3469 1754 3502 vil,
1776 3463 1826 3493 46.
1847 3477 1888 3483 —
1911 3460 1935 3481 11
1958 3457 2043 3491 Psal.
2071 3465 2152 3494 xni.
2181 3459 2209 3487 1.
2233 3473 2272 3478 —
2299 3455 2325 3477 ¹2
2342 3455 2413 3496 Job,

1387 3518 1492 3549 xwu,
1509 3512 1539 3541 7.
1561 3527 1601 3533 —
1626 3509 1654 3531 ¹³
1673 3510 1773 3548 Dan„
1797 3515 1853 3546 x1,
1875 3508 1926 3538 36.
1951 3505 2082 3535 —1‘011
2112 3502 2232 3540 Thess„
2255 3510 2298 3543 11,
2326 3504 2414 3536 3.-

1389 3558 1415 3581 1·
1435 3557 1532 3598 lbid.,
1556 3559 1586 3590 8.
1608 3574 1648 3580 -
1671 3557 1695 3578 ¹⁶
1716 3555 1815 3596 ibid„
1837 3556 1887 3587 10.
1908 3570 1947 3577 —
1970 3553 1991 3571 ¹⁷
2010 3550 2101 3584 Psal.
2121 3557 2237 3591 Lxxx1,
2257 3552 2289 3589 5,.
