2633 3878
106 525 139 550 In
153 525 208 550 Ec-

96 565 185 592 clesia

70 609 131 634 tres
146 616 211 641 gia-

68 648 137 679 dus.
155 650 208 676 Or—

87 690 190 717 diuum

81 731 201 765 gradus,

69 772 209 800 etolficin.

888 198 942 240 IN
970 197 1347 240 HEXAEMERON.
1379 198 1554 242 SERMO
1582 200 1704 242 XXlI.

229 291 342 334 Unde
360 290 451 343 ille,
479 290 554 345 qui
582 289 723 342 magis
741 291 802 330 est
819 287 1019 338 humiliS‚
1042 289 1180 341 major
1199 290 1261 329 est

229 363 341 417 apud
375 362 524 404 Deum.
564 361 658 402 Alia
692 363 753 402 est
786 359 996 401 distinctio
1025 359 1260 400 secundum

229 435 436 476 rationem
462 444 716 474 ascensuum
745 433 786 471 et
812 430 1027 483 graduum
1048 429 1257 471 Ecclesiae.

229 505 400 559 Oportet
427 507 572 546 autem
601 515 694 544 eam
727 502 914 543 ordinari
946 501 1082 542 tribus
1107 501 1263 542 ordini-

229 577 308 618 bus
325 575 530 629 lapidum.
555 573 662 614 Sunt
681 576 825 614 autem
847 572 1006 625 gradus
1026 571 1260 625 purgativi,

230 646 524 695 illuminativi,
546 645 778 699 perl'ectivi.
803 643 1007 696 Purgatio
1028 648 1169 684 autem
1194 643 1264 683 tri-

230 719 325 773 plex
347 720 409 759 est
430 729 440 757 t
463 720 676 771 purgatur
697 717 826 757 homo
855 729 880 756 a
907 716 1116 757 consortio
1139 715 1264 756 1113110-

230 803 357 842 rum,
378 802 403 830 a
435 789 582 830 nubilo
613 787 980 840 ignorantiarum,
1013 788 1066 828 ab
1098 787 1265 827 infesta-

228 862 343 903 tione
373 861 633 902 daemonum.
667 859 739 900 His
771 858 994 911 1050001111
1020 858 1122 899 ordo
1141 859 1264 899 ostia-

229 933 392 974 riorum
416 965 427 983 ,
475 932 685 973 lectorum
705 963 718 982 ,
778 930 1102 971 exorcistarum.
1156 929 1264 971 Ordo

229 1005 499 1047 ostiariorum
518 1036 529 1055 ,
551 1007 598 1045 ut
619 1002 904 1044 excludantur
933 1001 1170 1052 immundi,
1194 1014 1264 1043 ex-

229 1077 544 1126 communicati,
566 1075 866 1127 energumeni,
890 1074 1199 1125 catechumeni,
1226 1078 1266 1114 ct

228 1161 316 1191 non
329 1148 488 1190 fundati
502 1148 547 1188 in
562 1147 658 1188 fide.
677 1146 729 1188 Et
743 1147 822 1186 ista
842 1146 1000 1187 fiebant
1017 1146 1063 1186 in
1081 1146 1267 1187 Ecclesia

228 1220 445 1276 primitiva
460 1252 472 1271 ‚
495 1219 667 1274 quando
688 1218 873 1260 Ecclesia
893 1219 1051 1271 optime
1073 1221 1161 1259 orat
1182 1218 1264 1259 dis-

229 1293 386 1346 posita;
419 1292 492 1333 sed
523 1292 649 1332 modo
686 1302 838 1344 porcus
879 1292 919 1330 et
964 1290 1079 1330 canis
1120 1289 1263 1330 intrat.

231 1363 340 1406 Ordo
374 1364 580 1404 lectorum
620 1365 697 1413 est,
732 1364 781 1403 ut
819 1363 1028 1414 purgetur
1061 1373 1085 1400 a
1119 1361 1266 1401 nubilo

231 1435 570 1487 ignorantiarum
609 1446 684 1487 per
721 1433 916 1474 auditum
960 1432 1177 1479 lectionis,
1219 1435 1268 1473 ut

229 1506 359 1547 homo
378 1507 480 1546 sciat
503 1505 724 1546 historiam
748 1516 897 1545 eorum
924 1516 1022 1556 quae
1042 1503 1264 1554 leguntur,

231 1578 350 1619 etsie
372 1578 638 1618 informetur.
671 1574 789 1616 Unde
823 1574 950 1615 etiam
980 1574 1024 1614 in
1051 1574 1268 1626 primitiva

230 1648 436 1699 Ecclesia,
460 1648 559 1701 quia
581 1651 681 1687 tunc
704 1646 825 1699 quasi
847 1658 995 1686 omnes
1014 1649 1134 1686 erant
1154 1646 1268 1687 litte-

229 1721 336 1771 rati,
358 1720 581 1772 legebatur
601 1718 661 1759 eis
680 1718 815 1758 lectio.
840 1717 978 1758 Tertia
999 1718 1197 1770 purgatio
1216 1718 1267 1758 ab

230 1791 568 1833 infestationibus
621 1790 870 1831 daemonum
886 1823 895 1841 ,
954 1803 1029 1844 per
1075 1791 1269 1831 ordinem

231 1863 553 1904 exorcistarum.
574 1862 684 1903 Ordo
700 1862 866 1915 primus
885 1863 1110 1914 respondet
1130 1862 1269 1915 Ange-

229 1935 308 1984 lis;
333 1936 565 1985 secundus,
589 1934 894 1986 Archangeli53
920 1934 1084 1983 tertius,
1108 1935 1268 1976 Princi-

230 2009 415 2063 patibus.
439 2008 544 2050 Item
576 2011 637 2050 est
667 2008 770 2049 ordo
791 2008 1009 2060 graduum
1033 2008 1086 2049 ad
1106 2008 1268 2049 illumi-

230 2081 449 2132 nandum,
499 2092 575 2133 per
608 2080 802 2121 ordinem
840 2080 1131 2133 acolytorum,
1173 2082 1269 2122 suh-

229 2152 505 2194 diaconorum
526 2184 537 2203 ,
577 2151 820 2194 levitarum.
874 2151 1152 2205 Acolytorum
1207 2157 1269 2194 est

230 2225 338 2266 ferre
364 2225 547 2275 lumina3
581 2224 962 2275 subdiaconorum,
995 2223 1139 2276 legere
1170 2224 1269 2279 Epi-

229 2297 380 2338 stolam
404 2311 414 2348 ;
453 2296 743 2346 diaconorum,
782 2295 928 2348 legere
965 2295 1264 2349 Evangelium.

230 2367 385 2410 Omnes
418 2369 534 2409 enim
572 2368 816 2408 ministrant
847 2380 974 2418 vasa,
997 2369 1069 2410 sed
1089 2369 1268 2410 diversi-

229 2440 370 2490 mode,
387 2440 488 2493 quia
505 2439 697 2492 acolytus
715 2439 964 2492 ampullam,
983 2441 1268 2483 subdiaconus

2288 200 2359 238 141

1334 301 1471 331 ces...
1495 290 1606 331 inter
1625 301 1734 343 quos
1753 289 1900 331 lucetis
1917 320 1926 338 ,
1948 288 2056 330 sicut
2074 285 2305 329 luminaria
2320 284 2366 325 in

1334 360 1520 412 mundo,
1557 361 1687 403 verba
1705 361 1805 402 vitae
1837 360 2119 410 continentes,
2143 372 2162 396 »
2194 359 2242 398 ut
2272 355 2367 397 sub-

1335 430 1514 482 diaconi,
1532 432 1607 485 qui
1627 432 1843 473 continent
1865 431 2043 472 verbum
2064 428 2364 483 Epistolarum.

1336 500 1465 541 Tertii
1500 514 1574 554 per
1605 503 1859 543 documenta
1890 502 2115 550 altissima,
2150 501 2366 542 sententiae

1337 568 1671 622 Evangeliorum
1699 585 1707 610 ε
1733 574 1774 611 et
1805 571 1864 611 sic
1892 570 2070 610 diaconi.
2094 568 2211 609 Unde
2242 569 2366 609 etiam

1336 641 1524 682 solebant
1547 643 1793 695 praedicare,
1829 645 1877 682 ut
1904 642 2158 695 StephanUS,
2181 641 2368 682 Lauren-

1336 715 1436 764 tius,
1459 713 1720 755 Vincentius.
1745 713 1863 754 Unde
1891 713 2086 766 Angelus
2114 713 2165 753 ad
2186 716 2369 765 pastores

1337 785 1395 825 ait
1422 785 1460 826 1ἐ
1491 801 1510 823 κ
1541 785 1762 826 Annuntio
1788 785 1840 837 (a)
1878 784 2000 825 vobis
2037 783 2247 836 gaudium
2280 795 2370 822 ma-

1340 869 1494 909 gnum,
1517 871 1536 894 »
1555 860 1632 898 etc.
1656 856 1728 897 Ille
1748 857 1926 909 angelus
1946 859 2007 897 est
2025 855 2240 897 diaconus.
2261 853 2370 896 Ordo

1338 929 1603 983 acolytorum
1649 930 1873 983 respondet
1922 928 2202 970 Potestatihus
2217 943 2226 978 ;
2268 927 2371 968 ordo

1338 1001 1714 1052 subdiaconorum,
1743 1000 2006 1051 Virtutibus,
2041 999 2143 1041 ordo
2170 987 2372 1040 'diacono-

1339 1085 1460 1123 rum,
1484 1072 1867 1113 Dominationibus.
1893 1070 1964 1112 Est
1983 1074 2125 1112 autem
2154 1071 2256 1112 ordo
2277 1082 2372 1124 per-

1339 1146 1514 1187 fectivus
1531 1161 1540 1196 ;
1558 1150 1598 1187 et
1612 1145 1680 1186 ille
1695 1148 1757 1186 est
1772 1145 1944 1197 triplex;
1969 1143 2249 1195 sacerdotalis,
2267 1143 2373 1197 epis-

1340 1217 1511 1271 copalis,
1537 1221 1577 1258 et
1597 1216 1903 1270 patriarchalis.
1922 1216 2238 1256 Consummatio
2258 1216 2374 1256 enim

1341 1292 1402 1330 est
1422 1289 1657 1329 secundnm
1678 1287 1884 1341 triplicem
1904 1287 2095 1328 modum.
2125 1286 2217 1328 Una
2247 1290 2308 1328 est
2328 1287 2373 1327 in

1341 1359 1705 1401 administratione
1737 1358 1955 1399 communi
1985 1361 2372 1409 sacramentorum,

1342 1432 1430 1471 sine
1450 1432 1606 1484 quilius
1625 1443 1710 1471 0011
1731 1433 1793 1471 est
1812 1430 1938 1480 salus,
1962 1433 2009 1471 ut
2035 1430 2261 1482 baptismo,
2285 1443 2373 1483 poe-

1342 1503 1530 1553 nitentia,
1550 1502 1830 1552 Eucharistia,
1848 1501 2045 1542 unctione
2060 1504 2264 1542 extrema.
2289 1500 2377 1542 Pri-

1344 1587 1465 1615 mum
1483 1577 1543 1615 cst
1573 1575 1655 1625 via,
1691 1586 1765 1626 per
1790 1585 1919 1626 quam
1945 1573 2228 1613 introducitur
2248 1573 2375 1615 homo

1343 1646 1388 1687 in
1420 1646 1672 1696 Ecclesiam3
1702 1645 1960 1694 secundum,
1995 1656 2069 1697 per
2099 1644 2213 1697 quod
2246 1645 2374 1686 homo

1343 1718 1561 1759 reducitur
1595 1718 1640 1757 in
1676 1717 1861 1769 graium
1895 1716 2124 1769 pristinum
2136 1730 2146 1766 ;
2177 1716 2370 1767 tertium,

1343 1801 1418 1841 per
1438 1788 1550 1842 quo-l
1572 1788 1702 1829 homo
1723 1787 2010 1828 introducitur
2032 1787 2075 1826 in
2097 1787 2264 1828 coelum.
2290 1786 2375 1829 Pri-

1343 1872 1466 1901 mum
1495 1863 1557 1901 est
1585 1860 1635 1901 ad
1664 1859 1918 1900 deletionem
1947 1858 2188 1911 originalis3
2223 1871 2376 1901 secuu-

1343 1932 1470 1982 dum,
1493 1932 1545 1972 ad
1576 1931 1830 1973 deletionem
1861 1930 2071 1982 mortalis;
2099 1932 2295 1983 tertium,
2325 1931 2378 1973 ad

1344 2003 1598 2045 deletionem
1626 2003 1765 2043 omnis
1797 2002 2004 2043 venialis:
2037 2004 2078 2043 et
2108 2003 2208 2055 quia
2238 2003 2283 2044 in
2310 2003 2378 2044 his

1343 2087 1431 2117 non
1451 2079 1512 2116 est
1531 2075 1730 2129 perfectio
1750 2074 1834 2115 nisi
1853 2074 1897 2114 in
1918 2073 2096 2126 Christo,
2118 2074 2214 2116 ideo
2234 2088 2373 2117 sacra-

1343 2152 1537 2190 mentum
1569 2147 1834 2189 eucharistias
1864 2147 2144 2188 committitur
2170 2149 2375 2191 sacerdoti

1342 2220 1590 2274 specialiter.
1624 2219 1817 2261 Secunda
1846 2222 1907 2260 est
1936 2219 1983 2260 in
2011 2219 2374 2263 administratione

1343 2292 1543 2333 ordinum
1563 2291 1957 2345 privilegiatorum,
1987 2294 2036 2332 ut
2065 2291 2172 2333 sacri
2190 2292 2369 2346 ordinis,

1344 2368 1386 2406 et
1404 2363 1754 2406 confirmationis
1778 2363 1879 2405 Haec
1898 2366 1961 2403 est
1980 2375 2066 2404 non
2085 2363 2288 2417 aliorum,
2306 2366 2379 2408 sed

1343 2436 1661 2490 episcoporum,
1685 2436 1760 2489 qui
1780 2439 1879 2477 sunt
1909 2436 2197 2477 sacerdotibus
2217 2438 2376 2490 perfec—

1342 2507 1469 2549 tiores
1492 2522 1500 2548 :
1524 2507 1617 2548 ideo
1638 2507 1682 2547 in
1703 2506 1804 2559 ipsis
1828 2506 1950 2547 debet
1970 2519 2061 2547 esse
2082 2507 2207 2548 altior
2225 2510 2380 2561 perfec-

1341 2579 1400 2620 tio
1425 2578 1477 2620 ad
1498 2578 1684 2619 dandum
1709 2577 1918 2631 Spiritum
1944 2577 2168 2629 Sanctum,
2191 2579 2265 2632 qui
2289 2592 2377 2622 non

1341 2650 1423 2691 nisi
1443 2662 1519 2704 per
1539 2648 1750 2703 apostolos
1765 2649 1962 2690 dabatur:
1983 2648 2076 2690 ideo
2090 2649 2216 2691 etiam
2230 2651 2373 2693 locum

1340 2724 1486 2763 tenent
1503 2720 1828 2774 Apostolorum:
1850 2732 1979 2773 super
1998 2720 2208 2773 apostolos
2228 2728 2372 2766 autem

1341 2796 1404 2834 est
1426 2792 1635 2845 Chr1stuS,
1674 2795 1715 2834 et
1746 2796 1840 2847 post
1872 2791 2036 2834 Petrus.
2073 2793 2243 2847 Oportet
2267 2808 2371 2849 ergo
2391 2815 2530 2842 summu,

1341 2877 1431 2906 esse
1456 2867 1620 2919 patrem
1648 2867 1839 2918 patrum,
1862 2876 1993 2917 quem
2011 2876 2088 2905 nos
2115 2864 2275 2919 Papam
2295 2880 2372 2910 vo-
2391 2856 2534 2932 ξζζζῢζξ,

1341 2950 1502 2990 0001115,
1520 2937 1592 2991 qui
1611 2941 1754 2978 tamen
1774 2943 1944 2991 propter
1963 2936 2248 2979 humilitatem
2269 2951 2373 2993 qua·
2391 2940 2480 2966 ‘³¹¹⁸'-

104 2525 208 2553 nimo-
230 2514 351 2564 parat
376 2511 573 2561 calicem,
604 2510 806 2551 diaconus
825 2510 962 2552 offert.
985 2510 1104 2552 Unde
1139 2512 1267 2553 etiam

82 2575 199 2644 quffllo
231 2582 458 2636 aliquando
496 2582 754 2622 ministravit
789 2581 1074 2634 sanguinem,
1098 2576 1266 2635 quando

71 2650 212 2719 ἓξὲξ-
232 2653 551 2695 ministrabatur
581 2653 760 2706 sanguis
780 2653 887 2694 aliis.
922 2652 1032 2695 Sunt
1060 2666 1164 2707 ergo
1196 2655 1266 2696 isti

72 2737 212 2785 nimm-
231 2724 398 2766 ordines
417 2723 709 2766 illuminativi.
734 2723 963 2765 illustratio
984 2727 1128 2766 autem
1148 2739 1265 2780 111101-

72 2783 120 2808 ”“”
232 2796 331 2838 dam
359 2798 422 2837 est
447 2808 520 2850 per
557 2796 751 2850 exempla
791 2797 1027 2846 exteriora,
1066 2798 1265 2850 quaedam

232 2879 308 2921 per
344 2867 597 2909 documenta
643 2867 896 2918 mediocria,
943 2867 1141 2921 quaedam
1190 2883 1265 2924 per

233 2938 488 2980 documenta
506 2950 718 2992 suprema.
742 2937 874 2979 Primi
907 2942 1076 2991 portant
1096 2953 1239 2983 cereos
1252 2975 1262 2994 ,

232 3012 283 3051 ut
319 3009 486 3064 acolyti,
526 3010 682 3063 quibus
702 3009 856 3051 dicitur
873 3010 886 3032 ¹
912 3022 922 3048 z
968 3009 1100 3052 «Sint
1127 3012 1265 3054 lumbi

233 3081 364 3122 vestri
400 3081 642 3135 praecincti,
683 3085 725 3121 et
758 3080 945 3122 lucernae
992 3082 1200 3126 ardentes.
1238 3101 1258 3124 »

232 3151 436 3194 Lucernae
473 3152 587 3193 enim
625 3155 724 3193 sunt.
759 3164 888 3205 opera
919 3152 1082 3206 lucida,
1114 3168 1264 3198 secun-

231 3223 335 3266 dum
388 3224 643 3276 Gregorium
672 3228 700 3264 ².
758 3223 941 3266 Secundi
987 3225 1262 3280 illuminant,

231 3297 391 3348 verbo,
426 3300 468 3338 et
498 3295 694 3350 exemplo
724 3297 738 3319 ³
771 3309 781 3337 :
821 3312 840 3335 «
883 3296 935 3338 Ut
976 3298 1066 3340 sitis
1101 3301 1264 3356 simpli-

276 3428 287 3450 ¹
307 3427 398 3466 Luc..
419 3434 481 3469 xn,
502 3428 556 3460 35.
573 3445 609 3451 -
629 3427 641 3449 ²
659 3428 774 3469 Greg.,
796 3428 831 3460 in
851 3428 994 3470 Evanq„
1014 3429 1107 3463 hom.
1130 3440 1208 3465 xin-
1223 3451 1264 3457 —

231 3475 245 3498 ³
261 3475 403 3518 Philip„
425 3483 466 3517 11,
494 3477 544 3518 ¹5,
572 3478 624 3508 16.
648 3494 682 3499 ⁷-
710 3476 724 3498 ὗ
742 3477 833 3516 Luc„
857 3485 896 3518 11,
925 3479 974 3509 ¹0.
999 3495 1038 3502 —
1061 3480 1072 3499 ⁵
1092 3481 1139 3513 Ex
1165 3481 1262 3514 Cone.

233 3522 490 3564 constantinop.
519 3531 550 3565 1,
571 3533 646 3557 can.
671 3526 705 3559 3.
721 3542 763 3549 —
790 3525 804 3547 ⁶
824 3525 902 3565 lea„
923 3532 996 3566 iux,
1020 3528 1070 3560 ¹8.
1089 3545 1130 3553 —
1148 3529 1159 3548 ⁷
1177 3529 1264 3562 lbid.

1340 3012 1440 3051 tuor
1457 3009 1585 3050 habet
1605 3013 1617 3034 ⁵
1638 3008 1898 3062 patriarchas
1912 3040 1922 3058 ,
1945 3008 2368 3064 Constantinopolita-

1339 3093 1446 3123 num
1457 3113 1469 3132 ,
1506 3081 1844 3122 Alexandrinum
1857 3112 1867 3130 ,
1908 3079 2343 3134 Hierosolymitanum
2356 3114 2368 3136 ,

1339 3155 1669 3196 Antiochenum.
1701 3154 1752 3196 Et
1779 3155 1830 3196 de
1859 3154 1926 3194 his
1959 3154 2148 3207 loquitur
2181 3154 2310 3196 lsaias
2329 3157 2367 3199 ⁸:

1346 3244 1365 3268 «
1385 3228 1522 3270 Erunt
1546 3228 1737 3281 quinque
1766 3226 1956 3269 civitates
1979 3226 2197 3279 loquentes
2215 3226 2371 3281 lingua

1341 3300 1578 3343 Chanaam:
1611 3314 1630 3338 11
1667 3298 1800 3340 Roma
1830 3303 1970 3339 autem
2006 3298 2260 3340 universalis
2290 3304 2369 3344 est.

1341 3365 1471 3417 Ideo'⁷
1498 3389 1517 3413 11
1544 3373 1692 3416 civitas
1721 3373 1828 3415 Solis
1852 3372 2071 3414 vocabitur
2099 3385 2206 3427 una,
2225 3389 2245 3413 11
2269 3377 2370 3429 quia

1339 3446 1426 3499 etsi¹
1448 3445 1542 3486 aliae
1571 3448 1755 3498 quatuor
1782 3444 1901 3486 sedes
1932 3444 2100 3498 plenam
2136 3447 2367 3489 auctorita-

1381 3530 1428 3572 (a)
1455 3530 1551 3571 ναις.
1575 3529 1784 3572 Evangelizo.
