2633 3878
149 2469 238 2494 Amor

142 2507 250 2544 duplex

130 2549 160 2576 in
172 2551 269 2579 nobis.

147 2955 260 2984 Civitas

136 2997 256 3033 duplex.

1220 337 1561 387 EXPOSITIO

640 491 740 561 IN
821 491 2132 565 LIBRUMssECCLESLASTAEhm

1306 685 1460 695 -q—

1089 844 1100 852 '
1152 863 1614 911 ARGUMENTUM

1220 979 1289 1023 &Em
1309 977 1393 1013 edit.
1416 979 1551 1022 Vate'c.)

371 1095 590 1154 Expositio
612 1109 798 1154 sequens
820 1096 867 1138 in
887 1095 1054 1139 librum
1079 1097 1396 1140 Ecclesiastem
1418 1097 1597 1140 nomine
1625 1097 1762 1141 sancti
1786 1097 2108 1143 Bonaventurae
2128 1100 2174 1143 in
2194 1101 2320 1146 initio
2342 1108 2382 1146 et
2403 1103 2447 1146 in

313 1171 401 1215 fine
430 1172 637 1231 inscripta
662 1172 898 1216 luculentis
918 1173 1075 1216 litteris
1095 1179 1211 1217 extat
1232 1174 1277 1217 in
1298 1175 1483 1234 antiquo
1510 1175 1750 1234 exemplari
1770 1176 2021 1219 monasterii
2042 1178 2177 1221 sancti
2202 1177 2382 1222 Joannis
2401 1180 2447 1223 in

313 1248 440 1308 Seyts
460 1250 626 1293 ordinis
645 1249 942 1293 Carthusiani.
966 1250 1041 1293 Est
1061 1265 1181 1306 sane,
1205 1256 1256 1294 ut
1278 1251 1461 1310 reliquae
1484 1251 1591 1295 tanti
1611 1251 1798 1295 doctoris
1817 1253 2123 1311 expositiones,
2145 1257 2447 1300 commentarii

310 1332 351 1369 et
380 1326 508 1382 libri,
538 1342 627 1370 non
661 1327 804 1370 verbis
833 1327 1042 1384 affluens,
1072 1327 1144 1372 sed
1176 1327 1348 1371 erudito
1381 1333 1422 1371 et
1450 1328 1674 1388 seraphico
1699 1343 1843 1385 more,
1874 1330 2098 1374 sententiis
2125 1332 2333 1388 gravibus
2361 1333 2448 1377 dis-

309 1403 467 1459 tincta,
490 1409 531 1447 et
554 1419 703 1448 rerum
732 1405 929 1448 ubertate
955 1405 1141 1449 fecunda
1167 1422 1175 1448 :
1208 1420 1348 1464 usque
1372 1406 1501 1458 adeo,
1527 1411 1577 1450 ut
1596 1421 1650 1450 cx
1669 1412 1843 1450 auctore
1873 1406 2093 1461 doctrina,
2117 1415 2157 1452 et
2177 1424 2231 1452 ex
2249 1409 2446 1454 doctrina

309 1485 460 1524 auctor
478 1481 604 1525 facile
624 1481 935 1540 comperiatur.

1131 1734 1583 1794 PROOEMIUM
1616 1724 1623 1742 ¹

336 1880 377 1913 ’«
397 1875 550 1916 Beatus
572 1875 692 1926 vii-²,
716 1877 840 1927 quus
875 1879 938 1915 est
971 1888 1129 1916 nomen
1166 1876 1332 1917 Domini

295 1958 389 1999 spes
422 1948 541 1999 erS‚
576 1950 616 1987 et
650 1958 736 1987 non
769 1947 955 1999 respexit
987 1947 1031 1986 in
1053 1946 1260 1987 vanitates
1291 1951 1330 1987 et

294 2017 480 2058 insanias
508 2017 646 2058 falsas.
683 2034 701 2054 »
740 2017 875 2068 Cum,
917 2018 1024 2058 sicut
1056 2017 1146 2058 vult
1183 2018 1332 2058 beatus

294 2087 520 2141 Dionysius
533 2090 570 2137 ³⁵,
593 2089 755 2129 bonum
781 2089 835 2128 sit
854 2088 1045 2141 primum
1077 2089 1328 2141 appetibile3

293 2159 455 2200 bonum
488 2161 631 2200 autem
665 2172 765 2200 cum
797 2159 852 2199 sit
880 2159 1064 2212 duplex,
1098 2161 1331 2213 temporale

293 2230 470 2279 scilicet,
492 2233 533 2271 et
565 2234 794 2281 aeternum,
821 2232 948 2282 ¹iuxta
982 2230 1086 2271 illud
1107 2230 1120 2252 ⁴
1149 2245 1157 2271 :
1187 2246 1206 2269 a
1228 2231 1330 2280 Quae

295 2300 509 2350 videntur,
530 2302 780 2354 temporalia
810 2305 933 2352 sunt;
955 2312 1053 2353 quae
1079 2305 1223 2341 autem
1242 2314 1329 2342 non

293 2371 514 2422 videntur,
533 2375 693 2412 aeterna
712 2375 811 2412 sunt
833 2386 841 2412 :
869 2387 888 2410 n
908 2371 1119 2424 duplicem
1138 2372 1183 2412 in
1203 2372 1329 2412 nobis

293 2444 473 2494 generat
503 2455 694 2483 amorem
712 2475 722 2491 ‚
752 2443 842 2484 sive
871 2443 1106 2496 appetitum
1130 2454 1150 2491 ‚⁴
1175 2442 1330 2483 scilicet

292 2512 530 2564 charitatis,
553 2516 594 2554 et
612 2513 802 2555 libidinis
819 2547 829 2565 ,
854 2518 903 2555 ut
921 2515 1103 2556 charitas
1131 2515 1183 2555 sit
1203 2526 1325 2555 amor

291 2584 459 2625 rediens
493 2584 545 2625 ad
578 2588 736 2625 aeterna
761 2617 771 2636 ‚
804 2585 936 2626 libido
974 2586 1024 2627 ad
1063 2589 1244 2627 terrena.
1277 2584 1329 2625 Et

291 2655 391 2708 quia
420 2656 760 2697 convenientiam
792 2660 831 2697 et
856 2656 1139 2699 differentiam
1161 2657 1323 2709 appeti-

290 2729 416 2768 tuum
455 2727 649 2780 sequitur
688 2727 985 2768 convenientia
1023 2731 1064 2768 et
1102 2727 1321 2769 disconve-

290 2797 451 2838 nientia
470 2809 656 2849 morum,
677 2800 718 2838 et
731 2798 965 2840 secundum
983 2798 1326 2840 convenientiam

291 2867 337 2908 in
361 2868 530 2920 legibus
556 2872 597 2910 et
627 2869 818 2910 moribus
840 2869 1028 2910 consistit
1052 2869 1193 2910 unitas
1219 2869 1324 2910 civi-

290 2938 416 2980 tatis:
444 2952 500 2981 ex
525 2939 607 2981 hoc
637 2940 795 2993 duplici
826 2952 972 2981 amore
1001 2940 1159 2993 duplex
1189 2940 1327 2981 orItur

290 3008 463 3061 civitas,
486 3010 644 3052 scilicet
671 3023 856 3065 superna
884 3010 1144 3061 Jerusalem,
1163 3014 1204 3052 et
1229 3011 1327 3053 civi-

291 3083 354 3121 tas
399 3081 644 3135 BahyloniS.
686 3082 844 3124 Primae
889 3082 1218 3124 fundamentum
1264 3086 1327 3124 est

290 3152 474 3193 charitas
492 3153 706 3204 ordinata,
734 3153 945 3204 secundae,
961 3153 1091 3194 libido
1109 3165 1323 3207 perversa.

290 3222 485 3277 Superna
515 3236 620 3276 ergo
647 3223 819 3275 civitaS,
851 3225 952 3278 quia
982 3224 1156 3265 fundata
1188 3227 1250 3265 est
1282 3225 1327 3265 in

291 3293 494 3336 charitate
510 3327 520 3346 ,
543 3307 641 3349 quae
662 3295 788 3348 erigit
814 3295 866 3336 ad
886 3298 1063 3348 aeterna,
1089 3295 1135 3336 in
1158 3296 1326 3337 aeternis

335 3401 344 3423 ¹
367 3401 420 3442 Cf.
444 3403 526 3436 Edit.
550 3403 671 3444 Vatic„
695 3412 751 3434 an.
773 3403 863 3443 1588,
890 3405 972 3434 tom.
999 3403 1023 3440 l,
1044 3411 1122 3443 pag.
1145 3404 1223 3444 3093
1245 3403 1325 3435 edit.

293 3449 394 3491 Veu„
417 3460 474 3483 an.
494 3453 584 3493 ΠΜ,
605 3455 688 3485 tom.
712 3452 767 3484 lX.
789 3459 867 3492 pag.
896 3451 964 3482 148.
981 3468 1020 3474 —
1045 3453 1057 3472 ·-'
1081 3451 1173 3484 psal.
1202 3458 1323 3491 xxxix,

1411 1877 1613 1929 quiescit,
1638 1880 1678 1918 et
1698 1877 1742 1917 in
1763 1877 1821 1917 eis
1835 1877 2138 1921 beatitudinem
2160 1883 2292 1933 ponit.
2313 1881 2446 1936 Baby-

1409 1948 1517 1988 lonis
1537 1960 1639 1988 vero
1658 1947 1824 1998 civitas,
1849 1961 1946 2002 quae
1968 1962 2043 2002 per
2063 1951 2285 1993 libidinem
2307 1953 2442 2007 depri-

1408 2018 1540 2058 mitur
1560 2019 1613 2059 ad
1645 2021 1834 2070 terrena,
1857 2019 1901 2059 in
1921 2020 1988 2060 his
2016 2023 2192 2064 terrenis
2214 2024 2438 2066 beatitudi-

1407 2101 1505 2128 nem
1526 2090 1659 2141 ponit.
1685 2089 1735 2130 Et
1761 2090 1820 2130 sic
1851 2091 2106 2144 relinquitur
2125 2107 2177 2135 ex
2198 2096 2437 2148 praedictis,

1406 2160 1521 2212 quod
1553 2160 1662 2200 sicut
1692 2160 1852 2213 duplex
1882 2162 2044 2203 bonum
2075 2168 2159 2215 est,
2194 2167 2254 2207 sic
2283 2167 2437 2222 duplex
2461 2189 2589 2216 Remu-

1405 2241 1540 2280 amor,
1564 2230 1622 2271 sic
1640 2231 1798 2284 duplex
1815 2232 1977 2283 civitas,
1996 2235 2055 2275 sic
2073 2237 2202 2278 etiam
2222 2238 2438 2282 beatitudo
2471 2229 2587 2305 dsseff‘

1404 2300 1591 2352 duplex,
1623 2313 1723 2342 vera
1756 2302 1912 2344 scilicet
1950 2304 1994 2345 in
2026 2307 2223 2359 aeternis,
2254 2309 2359 2351 falsa
2394 2311 2435 2351 in

1404 2371 1710 2423 temporalibus
1729 2376 1771 2414 et
1790 2375 1975 2416 caducis.
2000 2376 2213 2419 «Beatum
2236 2381 2437 2423 dixerunt

1403 2441 1637 2493 populum⁵
1657 2475 1666 2493 ,
1699 2443 1768 2484 cui
1798 2444 1892 2486 haec
1920 2450 2075 2488 sunt.»
2104 2448 2152 2489 Et
2180 2450 2288 2492 sicut
2318 2465 2438 2494 amor

1403 2511 1622 2553 charitatis
1638 2545 1647 2562 ‚
1670 2517 1712 2554 et
1739 2514 1950 2568 libidinis,
1976 2518 2034 2558 sic
2063 2519 2239 2562 obviant
2258 2522 2339 2563 sibi
2355 2555 2368 2574 ,
2391 2528 2438 2565 ut

1403 2583 1532 2625 simul
1560 2597 1649 2626 esse
1670 2598 1756 2626 non
1782 2588 1971 2640 possint;
1994 2590 2053 2631 sic
2083 2591 2150 2633 hae
2181 2593 2278 2635 duae
2303 2594 2435 2637 beati-

1403 2655 1600 2697 tudines:
1629 2668 1791 2698 «nemo
1826 2659 1940 2700 enim
1959 2660 1972 2682 ⁶
1993 2664 2130 2714 potest
2161 2663 2329 2706 duobus
2360 2667 2435 2708 do-

1405 2728 1532 2769 minis
1549 2730 1724 2771 servire.
1742 2744 1762 2767 »
1782 2730 1879 2772 Ideo
1900 2732 1936 2772 si
1951 2734 2047 2786 quis
2060 2735 2153 2776 vult
2169 2748 2260 2778 esse
2272 2737 2434 2791 beatuS‚

1403 2811 1574 2841 necesse
1602 2803 1664 2841 est
1688 2803 1736 2842 ut
1757 2801 1902 2844 futura
1929 2804 2040 2846 bona
2069 2806 2308 2860 diligat,·et
2336 2823 2435 2852 con-

1402 2871 1565 2910 temnat
1580 2871 1821 2922 praesentia.
1842 2872 1936 2914 Ideo
1955 2873 2140 2928 Spiritus
2158 2882 2341 2932 sanetus,
2363 2893 2438 2934 per

1405 2941 1699 2995 Psalmistam,
1725 2945 1870 2986 virum
1891 2947 2062 2989 beatum
2094 2950 2147 2990 ab
2174 2951 2255 2992 hoc
2281 2952 2438 3006 duplici

1403 3017 1501 3056 actu
1520 3015 1746 3058 describit:
1768 3030 1793 3058 a
1822 3031 2106 3072 supernorum
2137 3021 2432 3076 delectatione,

1402 3098 1500 3140 quae
1531 3087 1693 3129 faciunt
1722 3088 1894 3129 beatum
1925 3101 1935 3130 :
1961 3105 1981 3128 α
2012 3089 2163 3132 Beatus
2190 3093 2281 3144 vir,
2314 3096 2439 3148 cujus

1402 3161 1465 3199 est
1497 3170 1655 3200 nomen
1685 3159 1852 3200 Domini
1882 3172 1978 3213 spes
2008 3163 2123 3214 eJus3
2149 3177 2169 3202 ι)
2192 3167 2232 3205 et
2260 3177 2285 3206 a
2303 3168 2434 3209 terre-

1402 3240 1558 3270 norum
1587 3229 1902 3282 aspernatione,
1925 3242 2022 3283 quae
2053 3232 2215 3275 faciunt
2246 3247 2405 3278 vanum
2423 3271 2447 3289 „

1402 3342 1432 3371 5.
1451 3357 1490 3362 —
1509 3339 1523 3361 ὃ
1542 3339 1657 3381 Dion.,
1676 3339 1715 3371 de
1732 3339 1800 3373 div.
1817 3340 1929 3383 Nom„
1951 3351 1984 3375 c.
2003 3351 2052 3376 1v.
2071 3346 2137 3368 -·⁴
2155 3347 2181 3378 ll
2203 3347 2292 3388 Cor..
2317 3357 2362 3391 ιν,
2388 3353 2434 3383 18.

1401 3403 1441 3409 —
1461 3386 1474 3407 ⁵
1493 3385 1580 3418 Psal.
1603 3394 1732 3427 cuin,
1759 3389 1808 3419 15.
1835 3404 1873 3410 —
1892 3388 1906 3409 θ
1925 3389 2061 3431 Masta,
2081 3399 2128 3432 νῑ,
2147 3395 2198 3425 24.

1445 3452 1488 3489 (a)
1509 3450 1588 3482 Cae.
1608 3451 1688 3483 eald.
1711 3451 1940 3484 Ecclesiastes.
