<?xml version="1.0" encoding="UTF-8"?>
<!DOCTYPE html PUBLIC "-//W3C//DTD XHTML 1.0 Transitional//EN"
    "http://www.w3.org/TR/xhtml1/DTD/xhtml1-transitional.dtd">
<html xmlns="http://www.w3.org/1999/xhtml" xml:lang="en" lang="en">
 <head>
  <title>
</title>
<meta http-equiv="Content-Type" content="text/html;charset=utf-8" />
  <meta name='ocr-system' content='tesseract 3.04.00' />
  <meta name='ocr-capabilities' content='ocr_page ocr_carea ocr_par ocr_line ocrx_word'/>
</head>
<body>
  <div class='ocr_page' id='page_1' title='image "./operaomniasixtiv09bonauoft_0365.png"; bbox 0 0 2633 3878; ppageno 0'>
   <div class='ocr_carea' id='block_1_1' title="bbox 109 2897 248 3087">
    <p class='ocr_par' dir='ltr' id='par_1_1' title="bbox 109 2897 248 3087">
     <span class='ocr_line' id='line_1_1' title="bbox 116 2897 248 2925; baseline 0.008 -2"><span class='ocrx_word' id='word_1_1' title='bbox 116 2897 248 2925; x_wconf 83' lang='lat' dir='ltr'>verbum</span> 
     </span>
     <span class='ocr_line' id='line_1_2' title="bbox 110 2938 247 2972; baseline 0.015 -9"><span class='ocrx_word' id='word_1_2' title='bbox 110 2938 162 2965; x_wconf 77' lang='lat' dir='ltr'>Dei</span> <span class='ocrx_word' id='word_1_3' title='bbox 174 2946 247 2972; x_wconf 89' lang='lat' dir='ltr'>quo·</span> 
     </span>
     <span class='ocr_line' id='line_1_3' title="bbox 135 2980 220 3006; baseline 0.012 -1"><span class='ocrx_word' id='word_1_4' title='bbox 135 2980 220 3006; x_wconf 87' lang='lat' dir='ltr'>modo</span> 
     </span>
     <span class='ocr_line' id='line_1_4' title="bbox 109 3028 241 3054; baseline 0.008 -9"><span class='ocrx_word' id='word_1_5' title='bbox 109 3028 241 3054; x_wconf 77' lang='lat' dir='ltr'>pronun-</span> 
     </span>
     <span class='ocr_line' id='line_1_5' title="bbox 109 3060 242 3087; baseline 0.008 -1"><span class='ocrx_word' id='word_1_6' title='bbox 109 3060 242 3087; x_wconf 66' lang='lat' dir='ltr'>nundum</span> 
     </span>
    </p>
   </div>
   <div class='ocr_carea' id='block_1_2' title="bbox 1120 169 1568 214">
    <p class='ocr_par' dir='ltr' id='par_1_2' title="bbox 1120 169 1568 214">
     <span class='ocr_line' id='line_1_6' title="bbox 1120 169 1568 214; baseline -0.009 0"><span class='ocrx_word' id='word_1_7' title='bbox 1120 170 1364 214; x_wconf 88' lang='lat' dir='ltr'>PSALMUS</span> <span class='ocrx_word' id='word_1_8' title='bbox 1393 169 1568 213; x_wconf 82' lang='lat' dir='ltr'>CXVIII.</span> 
     </span>
    </p>
   </div>
   <div class='ocr_carea' id='block_1_3' title="bbox 267 259 1309 1180">
    <p class='ocr_par' dir='ltr' id='par_1_3' title="bbox 267 259 1309 1180">
     <span class='ocr_line' id='line_1_7' title="bbox 267 259 1304 314; baseline -0.006 -11"><span class='ocrx_word' id='word_1_9' title='bbox 267 266 396 314; x_wconf 88' lang='lat' dir='ltr'>pitur,</span> <span class='ocrx_word' id='word_1_10' title='bbox 417 268 455 303; x_wconf 88' lang='lat' dir='ltr'>et</span> <span class='ocrx_word' id='word_1_11' title='bbox 473 263 785 313; x_wconf 78' lang='lat' dir='ltr'>quadrupliciter</span> <span class='ocrx_word' id='word_1_12' title='bbox 804 260 1031 310; x_wconf 79' lang='lat' dir='ltr'><strong>dispartitur</strong></span> <span class='ocrx_word' id='word_1_13' title='bbox 1051 272 1061 298; x_wconf 90' lang='lat'>:</span> <span class='ocrx_word' id='word_1_14' title='bbox 1084 259 1304 309; x_wconf 89' lang='lat' dir='ltr'>aliquando</span> 
     </span>
     <span class='ocr_line' id='line_1_8' title="bbox 267 322 1304 377; baseline -0.011 -9"><span class='ocrx_word' id='word_1_15' title='bbox 267 339 443 377; x_wconf 86' lang='lat' dir='ltr'>namque</span> <span class='ocrx_word' id='word_1_16' title='bbox 483 327 738 365; x_wconf 81' lang='lat' dir='ltr'>consolantur</span> <span class='ocrx_word' id='word_1_17' title='bbox 780 324 1012 373; x_wconf 89' lang='lat' dir='ltr'>poenitentes</span> <span class='ocrx_word' id='word_1_18' title='bbox 1049 334 1074 361; x_wconf 88' lang='lat' dir='ltr'>a</span> <span class='ocrx_word' id='word_1_19' title='bbox 1109 322 1304 368; x_wconf 83' lang='lat' dir='ltr'>Domino,</span> 
     </span>
     <span class='ocr_line' id='line_1_9' title="bbox 267 383 1303 435; baseline -0.009 -6"><span class='ocrx_word' id='word_1_20' title='bbox 267 392 437 429; x_wconf 85' lang='lat' dir='ltr'>verbum</span> <span class='ocrx_word' id='word_1_21' title='bbox 471 389 537 426; x_wconf 89' lang='lat' dir='ltr'>Dei</span> <span class='ocrx_word' id='word_1_22' title='bbox 572 388 763 435; x_wconf 81' lang='lat' dir='ltr'>sagaciter</span> <span class='ocrx_word' id='word_1_23' title='bbox 801 385 1027 431; x_wconf 87' lang='lat' dir='ltr'>audiendo3</span> <span class='ocrx_word' id='word_1_24' title='bbox 1059 383 1303 432; x_wconf 87' lang='lat' dir='ltr'>aliquando,</span> 
     </span>
     <span class='ocr_line' id='line_1_10' title="bbox 268 446 1307 495; baseline -0.009 -4"><span class='ocrx_word' id='word_1_25' title='bbox 268 454 455 491; x_wconf 79' lang='lat' dir='ltr'>tenaciter</span> <span class='ocrx_word' id='word_1_26' title='bbox 503 449 788 495; x_wconf 85' lang='lat' dir='ltr'>custodiend03</span> <span class='ocrx_word' id='word_1_27' title='bbox 828 447 1073 495; x_wconf 89' lang='lat' dir='ltr'>aliquando,</span> <span class='ocrx_word' id='word_1_28' title='bbox 1116 446 1307 483; x_wconf 87' lang='lat' dir='ltr'>vivaciter</span> 
     </span>
     <span class='ocr_line' id='line_1_11' title="bbox 270 508 1308 564; baseline -0.01 -10"><span class='ocrx_word' id='word_1_29' title='bbox 270 515 475 564; x_wconf 89' lang='lat' dir='ltr'>operando</span> <span class='ocrx_word' id='word_1_30' title='bbox 493 526 504 560; x_wconf 89' lang='lat'>3</span> <span class='ocrx_word' id='word_1_31' title='bbox 541 511 758 559; x_wconf 88' lang='lat' dir='ltr'>aliquando</span> <span class='ocrx_word' id='word_1_32' title='bbox 804 509 1081 558; x_wconf 89' lang='lat' dir='ltr'>perspicaciter</span> <span class='ocrx_word' id='word_1_33' title='bbox 1128 508 1308 546; x_wconf 88' lang='lat' dir='ltr'>conside-</span> 
     </span>
     <span class='ocr_line' id='line_1_12' title="bbox 269 570 1308 623; baseline -0.008 -9"><span class='ocrx_word' id='word_1_34' title='bbox 269 578 410 616; x_wconf 89' lang='lat' dir='ltr'>rando.</span> <span class='ocrx_word' id='word_1_35' title='bbox 435 579 486 612; x_wconf 88' lang='lat' dir='ltr'>De</span> <span class='ocrx_word' id='word_1_36' title='bbox 506 577 675 623; x_wconf 89' lang='lat' dir='ltr'>quatuor</span> <span class='ocrx_word' id='word_1_37' title='bbox 691 573 773 610; x_wconf 89' lang='lat' dir='ltr'>istis</span> <span class='ocrx_word' id='word_1_38' title='bbox 792 572 966 609; x_wconf 77' lang='lat' dir='ltr'>articulis</span> <span class='ocrx_word' id='word_1_39' title='bbox 985 571 1158 608; x_wconf 89' lang='lat' dir='ltr'>seriatim</span> <span class='ocrx_word' id='word_1_40' title='bbox 1177 570 1308 617; x_wconf 89' lang='lat' dir='ltr'>agitur</span> 
     </span>
     <span class='ocr_line' id='line_1_13' title="bbox 269 631 1308 685; baseline -0.008 -9"><span class='ocrx_word' id='word_1_41' title='bbox 269 640 310 676; x_wconf 93' lang='lat' dir='ltr'>in</span> <span class='ocrx_word' id='word_1_42' title='bbox 339 639 399 676; x_wconf 87' lang='lat' dir='ltr'>his</span> <span class='ocrx_word' id='word_1_43' title='bbox 432 639 603 685; x_wconf 88' lang='lat' dir='ltr'>quatuor</span> <span class='ocrx_word' id='word_1_44' title='bbox 628 634 844 671; x_wconf 78' lang='lat' dir='ltr'>versiculis.</span> <span class='ocrx_word' id='word_1_45' title='bbox 878 634 1029 671; x_wconf 83' lang='lat' dir='ltr'>Primus</span> <span class='ocrx_word' id='word_1_46' title='bbox 1061 643 1155 679; x_wconf 89' lang='lat' dir='ltr'>ergo</span> <span class='ocrx_word' id='word_1_47' title='bbox 1187 631 1308 669; x_wconf 89' lang='lat' dir='ltr'>versi-</span> 
     </span>
     <span class='ocr_line' id='line_1_14' title="bbox 270 697 1305 748; baseline -0.006 -10"><span class='ocrx_word' id='word_1_48' title='bbox 270 701 382 738; x_wconf 89' lang='lat' dir='ltr'>culus</span> <span class='ocrx_word' id='word_1_49' title='bbox 423 699 590 748; x_wconf 86' lang='lat' dir='ltr'>pertinet</span> <span class='ocrx_word' id='word_1_50' title='bbox 627 698 680 735; x_wconf 88' lang='lat' dir='ltr'>ad</span> <span class='ocrx_word' id='word_1_51' title='bbox 728 698 985 746; x_wconf 85' lang='lat' dir='ltr'>poenitentem</span> <span class='ocrx_word' id='word_1_52' title='bbox 1020 697 1305 745; x_wconf 84' lang='lat' dir='ltr'>respirantem,</span> 
     </span>
     <span class='ocr_line' id='line_1_15' title="bbox 271 758 1305 808; baseline -0.005 -9"><span class='ocrx_word' id='word_1_53' title='bbox 271 763 466 799; x_wconf 86' lang='lat' dir='ltr'>mediante</span> <span class='ocrx_word' id='word_1_54' title='bbox 485 761 551 797; x_wconf 88' lang='lat' dir='ltr'>Dei</span> <span class='ocrx_word' id='word_1_55' title='bbox 570 760 710 806; x_wconf 86' lang='lat' dir='ltr'>verbo,</span> <span class='ocrx_word' id='word_1_56' title='bbox 729 760 860 808; x_wconf 89' lang='lat' dir='ltr'>ipsum</span> <span class='ocrx_word' id='word_1_57' title='bbox 879 759 1071 806; x_wconf 83' lang='lat' dir='ltr'>sagaciter</span> <span class='ocrx_word' id='word_1_58' title='bbox 1088 758 1305 795; x_wconf 90' lang='lat' dir='ltr'>audiendo.</span> 
     </span>
     <span class='ocr_line' id='line_1_16' title="bbox 273 819 1307 870; baseline -0.005 -9"><span class='ocrx_word' id='word_1_59' title='bbox 273 825 379 861; x_wconf 88' lang='lat' dir='ltr'>Unde</span> <span class='ocrx_word' id='word_1_60' title='bbox 399 823 551 870; x_wconf 88' lang='lat' dir='ltr'>sagacis</span> <span class='ocrx_word' id='word_1_61' title='bbox 571 822 764 859; x_wconf 88' lang='lat' dir='ltr'>auditoris</span> <span class='ocrx_word' id='word_1_62' title='bbox 780 821 1115 869; x_wconf 83' lang='lat' dir='ltr'>quadrimembris</span> <span class='ocrx_word' id='word_1_63' title='bbox 1132 819 1307 857; x_wconf 91' lang='lat' dir='ltr'>conditio</span> 
     </span>
     <span class='ocr_line' id='line_1_17' title="bbox 270 882 1308 929; baseline -0.003 -7"><span class='ocrx_word' id='word_1_64' title='bbox 270 886 478 922; x_wconf 87' lang='lat' dir='ltr'>denotatur</span> <span class='ocrx_word' id='word_1_65' title='bbox 507 885 548 921; x_wconf 94' lang='lat' dir='ltr'>in</span> <span class='ocrx_word' id='word_1_66' title='bbox 578 885 655 921; x_wconf 91' lang='lat' dir='ltr'>hoc</span> <span class='ocrx_word' id='word_1_67' title='bbox 691 883 886 921; x_wconf 85' lang='lat' dir='ltr'>versiculo</span> <span class='ocrx_word' id='word_1_68' title='bbox 903 911 915 929; x_wconf 95' lang='lat'>,</span> <span class='ocrx_word' id='word_1_69' title='bbox 935 883 1118 920; x_wconf 86' lang='lat' dir='ltr'>videlicet</span> <span class='ocrx_word' id='word_1_70' title='bbox 1143 882 1308 919; x_wconf 90' lang='lat' dir='ltr'>virilitas</span> 
     </span>
     <span class='ocr_line' id='line_1_18' title="bbox 269 944 1308 992; baseline -0.003 -8"><span class='ocrx_word' id='word_1_71' title='bbox 269 947 508 992; x_wconf 85' lang='lat' dir='ltr'>refricandi,</span> <span class='ocrx_word' id='word_1_72' title='bbox 527 946 673 983; x_wconf 88' lang='lat' dir='ltr'>utilitas</span> <span class='ocrx_word' id='word_1_73' title='bbox 706 945 993 991; x_wconf 85' lang='lat' dir='ltr'>fructificandi,</span> <span class='ocrx_word' id='word_1_74' title='bbox 1020 945 1199 983; x_wconf 85' lang='lat' dir='ltr'>docilitas</span> <span class='ocrx_word' id='word_1_75' title='bbox 1228 944 1308 981; x_wconf 90' lang='lat' dir='ltr'>col-</span> 
     </span>
     <span class='ocr_line' id='line_1_19' title="bbox 269 1007 1306 1055; baseline 0 -11"><span class='ocrx_word' id='word_1_76' title='bbox 269 1009 446 1055; x_wconf 87' lang='lat' dir='ltr'>ligendi,</span> <span class='ocrx_word' id='word_1_77' title='bbox 485 1008 680 1045; x_wconf 85' lang='lat' dir='ltr'>subtilitas</span> <span class='ocrx_word' id='word_1_78' title='bbox 727 1008 912 1054; x_wconf 86' lang='lat' dir='ltr'>eligendi.</span> <span class='ocrx_word' id='word_1_79' title='bbox 958 1008 1088 1045; x_wconf 90' lang='lat' dir='ltr'>Prima</span> <span class='ocrx_word' id='word_1_80' title='bbox 1131 1007 1306 1045; x_wconf 87' lang='lat' dir='ltr'>conditio</span> 
     </span>
     <span class='ocr_line' id='line_1_20' title="bbox 269 1070 1309 1117; baseline -0.001 -10"><span class='ocrx_word' id='word_1_81' title='bbox 269 1070 530 1107; x_wconf 87' lang='lat' dir='ltr'>contrariatur</span> <span class='ocrx_word' id='word_1_82' title='bbox 543 1070 790 1108; x_wconf 87' lang='lat' dir='ltr'>auditoribus</span> <span class='ocrx_word' id='word_1_83' title='bbox 811 1070 1020 1107; x_wconf 89' lang='lat' dir='ltr'>desidiosis</span> <span class='ocrx_word' id='word_1_84' title='bbox 1028 1084 1038 1117; x_wconf 88' lang='lat'>3</span> <span class='ocrx_word' id='word_1_85' title='bbox 1056 1071 1231 1107; x_wconf 88' lang='lat' dir='ltr'>secunda</span> <span class='ocrx_word' id='word_1_86' title='bbox 1249 1070 1309 1106; x_wconf 92' lang='lat' dir='ltr'>in-</span> 
     </span>
     <span class='ocr_line' id='line_1_21' title="bbox 267 1131 1305 1180; baseline 0.001 -12"><span class='ocrx_word' id='word_1_87' title='bbox 267 1132 476 1170; x_wconf 87' lang='lat' dir='ltr'>fructuosis</span> <span class='ocrx_word' id='word_1_88' title='bbox 493 1145 505 1180; x_wconf 91' lang='lat'>3</span> <span class='ocrx_word' id='word_1_89' title='bbox 525 1132 640 1170; x_wconf 89' lang='lat' dir='ltr'>tertia</span> <span class='ocrx_word' id='word_1_90' title='bbox 668 1132 873 1169; x_wconf 86' lang='lat' dir='ltr'>obliviosis</span> <span class='ocrx_word' id='word_1_91' title='bbox 894 1145 905 1179; x_wconf 99' lang='lat'>3</span> <span class='ocrx_word' id='word_1_92' title='bbox 927 1136 1067 1180; x_wconf 88' lang='lat' dir='ltr'>quarta</span> <span class='ocrx_word' id='word_1_93' title='bbox 1100 1131 1305 1169; x_wconf 83' lang='lat' dir='ltr'>fabulosis.</span> 
     </span>
    </p>
   </div>
   <div class='ocr_carea' id='block_1_4' title="bbox 603 1239 971 1284">
    <p class='ocr_par' dir='ltr' id='par_1_4' title="bbox 603 1239 971 1284">
     <span class='ocr_line' id='line_1_22' title="bbox 603 1239 971 1284; baseline -0.003 -9"><span class='ocrx_word' id='word_1_94' title='bbox 603 1239 796 1275; x_wconf 76' lang='lat' dir='ltr'>Articulus</span> <span class='ocrx_word' id='word_1_95' title='bbox 813 1240 971 1284; x_wconf 79' lang='lat' dir='ltr'>primus.</span> 
     </span>
    </p>
   </div>
   <div class='ocr_carea' id='block_1_5' title="bbox 263 1320 1308 3239">
    <p class='ocr_par' dir='ltr' id='par_1_5' title="bbox 263 1320 1308 2612">
     <span class='ocr_line' id='line_1_23' title="bbox 315 1320 1307 1370; baseline -0.002 -10"><span class='ocrx_word' id='word_1_96' title='bbox 315 1325 513 1367; x_wconf 79' lang='lat' dir='ltr'>Quantum</span> <span class='ocrx_word' id='word_1_97' title='bbox 550 1322 603 1359; x_wconf 91' lang='lat' dir='ltr'>ad</span> <span class='ocrx_word' id='word_1_98' title='bbox 640 1322 814 1370; x_wconf 85' lang='lat' dir='ltr'>primam</span> <span class='ocrx_word' id='word_1_99' title='bbox 849 1322 1119 1359; x_wconf 86' lang='lat' dir='ltr'>conditionem</span> <span class='ocrx_word' id='word_1_100' title='bbox 1157 1320 1307 1368; x_wconf 89' lang='lat' dir='ltr'>sagacis</span> 
     </span>
     <span class='ocr_line' id='line_1_24' title="bbox 269 1384 1307 1431; baseline -0.001 -10"><span class='ocrx_word' id='word_1_101' title='bbox 269 1384 476 1431; x_wconf 90' lang='lat' dir='ltr'>auditoris,</span> <span class='ocrx_word' id='word_1_102' title='bbox 497 1385 645 1421; x_wconf 89' lang='lat' dir='ltr'>scilicet</span> <span class='ocrx_word' id='word_1_103' title='bbox 666 1384 894 1421; x_wconf 88' lang='lat' dir='ltr'>virilitatem</span> <span class='ocrx_word' id='word_1_104' title='bbox 918 1384 1189 1429; x_wconf 81' lang='lat' dir='ltr'>refricationis,</span> <span class='ocrx_word' id='word_1_105' title='bbox 1209 1395 1307 1431; x_wconf 76' lang='lat' dir='ltr'>prae-</span> 
     </span>
     <span class='ocr_line' id='line_1_25' title="bbox 267 1446 1308 1494; baseline 0.002 -12"><span class='ocrx_word' id='word_1_106' title='bbox 267 1446 430 1484; x_wconf 85' lang='lat' dir='ltr'>mittitur</span> <span class='ocrx_word' id='word_1_107' title='bbox 449 1459 457 1483; x_wconf 93' lang='lat'>:</span> <span class='ocrx_word' id='word_1_108' title='bbox 478 1448 522 1483; x_wconf 82' lang='lat' dir='ltr'>In</span> <span class='ocrx_word' id='word_1_109' title='bbox 544 1448 652 1483; x_wconf 72' lang='lat' dir='ltr'>labiis</span> <span class='ocrx_word' id='word_1_110' title='bbox 673 1449 781 1490; x_wconf 74' lang='lat' dir='ltr'>meis,</span> <span class='ocrx_word' id='word_1_111' title='bbox 802 1447 897 1494; x_wconf 89' lang='lat' dir='ltr'>quia</span> <span class='ocrx_word' id='word_1_112' title='bbox 914 1458 986 1494; x_wconf 88' lang='lat' dir='ltr'>per</span> <span class='ocrx_word' id='word_1_113' title='bbox 1004 1447 1181 1484; x_wconf 87' lang='lat' dir='ltr'>humana</span> <span class='ocrx_word' id='word_1_114' title='bbox 1199 1447 1308 1484; x_wconf 85' lang='lat' dir='ltr'>labia</span> 
     </span>
     <span class='ocr_line' id='line_1_26' title="bbox 268 1508 1307 1556; baseline 0.001 -12"><span class='ocrx_word' id='word_1_115' title='bbox 268 1508 405 1546; x_wconf 87' lang='lat' dir='ltr'>divina</span> <span class='ocrx_word' id='word_1_116' title='bbox 420 1508 652 1546; x_wconf 87' lang='lat' dir='ltr'>refricantur</span> <span class='ocrx_word' id='word_1_117' title='bbox 665 1509 840 1556; x_wconf 85' lang='lat' dir='ltr'>eloquia.</span> <span class='ocrx_word' id='word_1_118' title='bbox 855 1510 899 1546; x_wconf 88' lang='lat' dir='ltr'>Et</span> <span class='ocrx_word' id='word_1_119' title='bbox 916 1511 1026 1556; x_wconf 87' lang='lat' dir='ltr'>nota,</span> <span class='ocrx_word' id='word_1_120' title='bbox 1040 1509 1152 1556; x_wconf 88' lang='lat' dir='ltr'>quod</span> <span class='ocrx_word' id='word_1_121' title='bbox 1170 1509 1307 1556; x_wconf 87' lang='lat' dir='ltr'>hujus-</span> 
     </span>
     <span class='ocr_line' id='line_1_27' title="bbox 265 1570 1307 1618; baseline 0.001 -12"><span class='ocrx_word' id='word_1_122' title='bbox 265 1571 379 1607; x_wconf 89' lang='lat' dir='ltr'>modi</span> <span class='ocrx_word' id='word_1_123' title='bbox 396 1570 505 1608; x_wconf 88' lang='lat' dir='ltr'>labia</span> <span class='ocrx_word' id='word_1_124' title='bbox 530 1581 613 1608; x_wconf 93' lang='lat' dir='ltr'>non</span> <span class='ocrx_word' id='word_1_125' title='bbox 638 1571 787 1608; x_wconf 88' lang='lat' dir='ltr'>debent</span> <span class='ocrx_word' id='word_1_126' title='bbox 812 1581 895 1608; x_wconf 87' lang='lat' dir='ltr'>esse</span> <span class='ocrx_word' id='word_1_127' title='bbox 923 1570 1198 1618; x_wconf 81' lang='lat' dir='ltr'>aspernantia,</span> <span class='ocrx_word' id='word_1_128' title='bbox 1224 1579 1307 1607; x_wconf 90' lang='lat' dir='ltr'>non</span> 
     </span>
     <span class='ocr_line' id='line_1_28' title="bbox 265 1633 1308 1682; baseline -0.001 -11"><span class='ocrx_word' id='word_1_129' title='bbox 265 1633 540 1681; x_wconf 77' lang='lat' dir='ltr'>indIgnantia,</span> <span class='ocrx_word' id='word_1_130' title='bbox 567 1645 651 1672; x_wconf 89' lang='lat' dir='ltr'>non</span> <span class='ocrx_word' id='word_1_131' title='bbox 683 1634 947 1673; x_wconf 83' lang='lat' dir='ltr'>adversantia.</span> <span class='ocrx_word' id='word_1_132' title='bbox 978 1634 1190 1682; x_wconf 84' lang='lat' dir='ltr'>Aspernari</span> <span class='ocrx_word' id='word_1_133' title='bbox 1218 1644 1308 1681; x_wconf 89' lang='lat' dir='ltr'>per-</span> 
     </span>
     <span class='ocr_line' id='line_1_29' title="bbox 266 1696 1304 1744; baseline -0.001 -11"><span class='ocrx_word' id='word_1_134' title='bbox 266 1696 364 1734; x_wconf 86' lang='lat' dir='ltr'>tinet</span> <span class='ocrx_word' id='word_1_135' title='bbox 399 1697 454 1734; x_wconf 88' lang='lat' dir='ltr'>ad</span> <span class='ocrx_word' id='word_1_136' title='bbox 490 1700 716 1744; x_wconf 87' lang='lat' dir='ltr'>tumorem3</span> <span class='ocrx_word' id='word_1_137' title='bbox 754 1696 982 1744; x_wconf 88' lang='lat' dir='ltr'>indignari,</span> <span class='ocrx_word' id='word_1_138' title='bbox 1021 1697 1074 1733; x_wconf 87' lang='lat' dir='ltr'>ad</span> <span class='ocrx_word' id='word_1_139' title='bbox 1108 1696 1304 1742; x_wconf 90' lang='lat' dir='ltr'>livorem3</span> 
     </span>
     <span class='ocr_line' id='line_1_30' title="bbox 265 1758 1304 1807; baseline -0.001 -12"><span class='ocrx_word' id='word_1_140' title='bbox 265 1759 490 1805; x_wconf 86' lang='lat' dir='ltr'>adversari,</span> <span class='ocrx_word' id='word_1_141' title='bbox 518 1760 570 1798; x_wconf 90' lang='lat' dir='ltr'>ad</span> <span class='ocrx_word' id='word_1_142' title='bbox 595 1762 786 1807; x_wconf 89' lang='lat' dir='ltr'>teporem.</span> <span class='ocrx_word' id='word_1_143' title='bbox 816 1761 868 1796; x_wconf 91' lang='lat' dir='ltr'>De</span> <span class='ocrx_word' id='word_1_144' title='bbox 897 1759 1028 1807; x_wconf 90' lang='lat' dir='ltr'>primo</span> <span class='ocrx_word' id='word_1_145' title='bbox 1060 1758 1243 1795; x_wconf 85' lang='lat' dir='ltr'>scribitur</span> <span class='ocrx_word' id='word_1_146' title='bbox 1264 1766 1304 1795; x_wconf 83' lang='lat'>¹:</span> 
     </span>
     <span class='ocr_line' id='line_1_31' title="bbox 271 1820 1306 1869; baseline 0.002 -14"><span class='ocrx_word' id='word_1_147' title='bbox 271 1832 288 1854; x_wconf 91' lang='lat'>«</span> <span class='ocrx_word' id='word_1_148' title='bbox 306 1820 441 1858; x_wconf 85' lang='lat' dir='ltr'>Melior</span> <span class='ocrx_word' id='word_1_149' title='bbox 457 1823 514 1858; x_wconf 85' lang='lat' dir='ltr'>est</span> <span class='ocrx_word' id='word_1_150' title='bbox 525 1832 692 1869; x_wconf 87' lang='lat' dir='ltr'>pauper,</span> <span class='ocrx_word' id='word_1_151' title='bbox 711 1821 782 1869; x_wconf 89' lang='lat' dir='ltr'>qui</span> <span class='ocrx_word' id='word_1_152' title='bbox 802 1821 983 1859; x_wconf 89' lang='lat' dir='ltr'>ambulat</span> <span class='ocrx_word' id='word_1_153' title='bbox 997 1821 1039 1858; x_wconf 92' lang='lat' dir='ltr'>in</span> <span class='ocrx_word' id='word_1_154' title='bbox 1057 1820 1306 1868; x_wconf 81' lang='lat' dir='ltr'>simplicitate</span> 
     </span>
     <span class='ocr_line' id='line_1_32' title="bbox 266 1882 1307 1932; baseline 0.001 -14"><span class='ocrx_word' id='word_1_155' title='bbox 266 1892 359 1929; x_wconf 86' lang='lat' dir='ltr'>sua,</span> <span class='ocrx_word' id='word_1_156' title='bbox 385 1893 508 1932; x_wconf 92' lang='lat' dir='ltr'>quam</span> <span class='ocrx_word' id='word_1_157' title='bbox 533 1883 645 1920; x_wconf 90' lang='lat' dir='ltr'>dives</span> <span class='ocrx_word' id='word_1_158' title='bbox 673 1886 864 1931; x_wconf 89' lang='lat' dir='ltr'>torquens</span> <span class='ocrx_word' id='word_1_159' title='bbox 891 1883 1000 1920; x_wconf 85' lang='lat' dir='ltr'>labia</span> <span class='ocrx_word' id='word_1_160' title='bbox 1023 1894 1117 1930; x_wconf 88' lang='lat' dir='ltr'>sua3</span> <span class='ocrx_word' id='word_1_161' title='bbox 1150 1895 1170 1918; x_wconf 84' lang='lat'>»</span> <span class='ocrx_word' id='word_1_162' title='bbox 1193 1882 1307 1930; x_wconf 84' lang='lat' dir='ltr'>quasi</span> 
     </span>
     <span class='ocr_line' id='line_1_33' title="bbox 267 1944 1308 1992; baseline 0.002 -11"><span class='ocrx_word' id='word_1_163' title='bbox 267 1944 402 1982; x_wconf 88' lang='lat' dir='ltr'>dicat:</span> <span class='ocrx_word' id='word_1_164' title='bbox 431 1945 566 1983; x_wconf 81' lang='lat' dir='ltr'>Melior</span> <span class='ocrx_word' id='word_1_165' title='bbox 598 1948 655 1982; x_wconf 91' lang='lat' dir='ltr'>est</span> <span class='ocrx_word' id='word_1_166' title='bbox 688 1945 847 1982; x_wconf 84' lang='lat' dir='ltr'>auditor</span> <span class='ocrx_word' id='word_1_167' title='bbox 882 1945 1044 1982; x_wconf 89' lang='lat' dir='ltr'>humilis</span> <span class='ocrx_word' id='word_1_168' title='bbox 1076 1944 1308 1992; x_wconf 86' lang='lat' dir='ltr'>simpliciter</span> 
     </span>
     <span class='ocr_line' id='line_1_34' title="bbox 266 2007 1304 2056; baseline 0 -12"><span class='ocrx_word' id='word_1_169' title='bbox 266 2007 491 2054; x_wconf 84' lang='lat' dir='ltr'>ambulans,</span> <span class='ocrx_word' id='word_1_170' title='bbox 511 2011 705 2056; x_wconf 87' lang='lat' dir='ltr'>quantum</span> <span class='ocrx_word' id='word_1_171' title='bbox 719 2008 772 2045; x_wconf 88' lang='lat' dir='ltr'>ad</span> <span class='ocrx_word' id='word_1_172' title='bbox 790 2007 904 2044; x_wconf 87' lang='lat' dir='ltr'>verbi</span> <span class='ocrx_word' id='word_1_173' title='bbox 920 2008 986 2045; x_wconf 93' lang='lat' dir='ltr'>Dei</span> <span class='ocrx_word' id='word_1_174' title='bbox 999 2007 1304 2055; x_wconf 85' lang='lat' dir='ltr'>refricationem,</span> 
     </span>
     <span class='ocr_line' id='line_1_35' title="bbox 265 2069 1307 2117; baseline 0.001 -11"><span class='ocrx_word' id='word_1_175' title='bbox 265 2081 388 2117; x_wconf 89' lang='lat' dir='ltr'>quam</span> <span class='ocrx_word' id='word_1_176' title='bbox 406 2070 582 2106; x_wconf 90' lang='lat' dir='ltr'>tumidus</span> <span class='ocrx_word' id='word_1_177' title='bbox 601 2074 793 2117; x_wconf 89' lang='lat' dir='ltr'>torquens</span> <span class='ocrx_word' id='word_1_178' title='bbox 811 2070 920 2107; x_wconf 88' lang='lat' dir='ltr'>labia</span> <span class='ocrx_word' id='word_1_179' title='bbox 939 2080 1026 2116; x_wconf 88' lang='lat' dir='ltr'>sua,</span> <span class='ocrx_word' id='word_1_180' title='bbox 1040 2073 1235 2117; x_wconf 87' lang='lat' dir='ltr'>quantum</span> <span class='ocrx_word' id='word_1_181' title='bbox 1254 2069 1307 2107; x_wconf 91' lang='lat' dir='ltr'>ad</span> 
     </span>
     <span class='ocr_line' id='line_1_36' title="bbox 263 2131 1303 2179; baseline 0 -10"><span class='ocrx_word' id='word_1_182' title='bbox 263 2131 521 2169; x_wconf 85' lang='lat' dir='ltr'>refricatiom‘s</span> <span class='ocrx_word' id='word_1_183' title='bbox 558 2132 892 2179; x_wconf 82' lang='lat' dir='ltr'>aspernationem.</span> <span class='ocrx_word' id='word_1_184' title='bbox 932 2134 984 2169; x_wconf 92' lang='lat' dir='ltr'>De</span> <span class='ocrx_word' id='word_1_185' title='bbox 1019 2132 1196 2169; x_wconf 89' lang='lat' dir='ltr'>secundo</span> <span class='ocrx_word' id='word_1_186' title='bbox 1234 2131 1248 2152; x_wconf 83' lang='lat'><strong>²</strong></span> <span class='ocrx_word' id='word_1_187' title='bbox 1294 2144 1303 2169; x_wconf 75' lang='grc' dir='ltr'><strong>ε</strong></span> 
     </span>
     <span class='ocr_line' id='line_1_37' title="bbox 270 2194 1307 2242; baseline 0.003 -13"><span class='ocrx_word' id='word_1_188' title='bbox 270 2208 288 2228; x_wconf 87' lang='lat'>«</span> <span class='ocrx_word' id='word_1_189' title='bbox 304 2194 425 2231; x_wconf 90' lang='lat' dir='ltr'>Labia</span> <span class='ocrx_word' id='word_1_190' title='bbox 449 2195 533 2241; x_wconf 90' lang='lat' dir='ltr'>ejus</span> <span class='ocrx_word' id='word_1_191' title='bbox 552 2194 704 2242; x_wconf 90' lang='lat' dir='ltr'>repleta</span> <span class='ocrx_word' id='word_1_192' title='bbox 723 2196 813 2231; x_wconf 90' lang='lat' dir='ltr'>sunt</span> <span class='ocrx_word' id='word_1_193' title='bbox 831 2194 1129 2241; x_wconf 81' lang='lat' dir='ltr'>indignatione:</span> <span class='ocrx_word' id='word_1_194' title='bbox 1151 2207 1170 2230; x_wconf 69' lang='lat'>³&gt;</span> <span class='ocrx_word' id='word_1_195' title='bbox 1195 2194 1307 2242; x_wconf 89' lang='lat' dir='ltr'>quod</span> 
     </span>
     <span class='ocr_line' id='line_1_38' title="bbox 265 2256 1306 2304; baseline 0.001 -11"><span class='ocrx_word' id='word_1_196' title='bbox 265 2256 408 2294; x_wconf 91' lang='lat' dir='ltr'>dicitur</span> <span class='ocrx_word' id='word_1_197' title='bbox 445 2257 495 2293; x_wconf 89' lang='lat' dir='ltr'>de</span> <span class='ocrx_word' id='word_1_198' title='bbox 528 2256 696 2294; x_wconf 87' lang='lat' dir='ltr'>Domino</span> <span class='ocrx_word' id='word_1_199' title='bbox 725 2256 896 2304; x_wconf 79' lang='lat' dir='ltr'>tropice,</span> <span class='ocrx_word' id='word_1_200' title='bbox 925 2257 997 2294; x_wconf 92' lang='lat' dir='ltr'>sed</span> <span class='ocrx_word' id='word_1_201' title='bbox 1030 2257 1192 2304; x_wconf 91' lang='lat' dir='ltr'>proprie</span> <span class='ocrx_word' id='word_1_202' title='bbox 1228 2256 1306 2294; x_wconf 89' lang='lat' dir='ltr'>dici</span> 
     </span>
     <span class='ocr_line' id='line_1_39' title="bbox 263 2316 1305 2367; baseline 0.002 -12"><span class='ocrx_word' id='word_1_203' title='bbox 263 2321 392 2367; x_wconf 89' lang='lat' dir='ltr'>potest</span> <span class='ocrx_word' id='word_1_204' title='bbox 421 2318 472 2355; x_wconf 91' lang='lat' dir='ltr'>de</span> <span class='ocrx_word' id='word_1_205' title='bbox 493 2318 618 2355; x_wconf 92' lang='lat' dir='ltr'>livido</span> <span class='ocrx_word' id='word_1_206' title='bbox 649 2318 844 2356; x_wconf 87' lang='lat' dir='ltr'>auditore.</span> <span class='ocrx_word' id='word_1_207' title='bbox 872 2321 924 2355; x_wconf 90' lang='lat' dir='ltr'>De</span> <span class='ocrx_word' id='word_1_208' title='bbox 949 2316 1063 2356; x_wconf 88' lang='lat' dir='ltr'>tertio</span> <span class='ocrx_word' id='word_1_209' title='bbox 1085 2320 1238 2357; x_wconf 90' lang='lat' dir='ltr'>canitur</span> <span class='ocrx_word' id='word_1_210' title='bbox 1258 2321 1272 2343; x_wconf 80' lang='lat'>³</span> <span class='ocrx_word' id='word_1_211' title='bbox 1293 2331 1305 2357; x_wconf 87' lang='lat'>:</span> 
     </span>
     <span class='ocr_line' id='line_1_40' title="bbox 269 2379 1306 2428; baseline 0.003 -12"><span class='ocrx_word' id='word_1_212' title='bbox 269 2394 287 2415; x_wconf 89' lang='lat'>«</span> <span class='ocrx_word' id='word_1_213' title='bbox 325 2379 445 2417; x_wconf 89' lang='lat' dir='ltr'>Labia</span> <span class='ocrx_word' id='word_1_214' title='bbox 483 2391 573 2417; x_wconf 89' lang='lat' dir='ltr'>mea</span> <span class='ocrx_word' id='word_1_215' title='bbox 609 2391 692 2417; x_wconf 89' lang='lat' dir='ltr'>non</span> <span class='ocrx_word' id='word_1_216' title='bbox 729 2381 955 2428; x_wconf 87' lang='lat' dir='ltr'>prohibebo</span> <span class='ocrx_word' id='word_1_217' title='bbox 991 2395 1001 2417; x_wconf 91' lang='lat'><strong>:</strong></span> <span class='ocrx_word' id='word_1_218' title='bbox 1036 2382 1225 2428; x_wconf 89' lang='lat' dir='ltr'>Domine,</span> <span class='ocrx_word' id='word_1_219' title='bbox 1263 2385 1306 2419; x_wconf 88' lang='lat' dir='ltr'>tu</span> 
     </span>
     <span class='ocr_line' id='line_1_41' title="bbox 267 2442 1306 2490; baseline 0.003 -13"><span class='ocrx_word' id='word_1_220' title='bbox 267 2442 370 2479; x_wconf 88' lang='lat' dir='ltr'>scisti</span> <span class='ocrx_word' id='word_1_221' title='bbox 378 2455 388 2488; x_wconf 92' lang='lat'>;</span> <span class='ocrx_word' id='word_1_222' title='bbox 413 2457 430 2476; x_wconf 88' lang='lat'>»</span> <span class='ocrx_word' id='word_1_223' title='bbox 456 2442 570 2489; x_wconf 87' lang='lat' dir='ltr'>quasi</span> <span class='ocrx_word' id='word_1_224' title='bbox 595 2442 700 2479; x_wconf 90' lang='lat' dir='ltr'>dicat</span> <span class='ocrx_word' id='word_1_225' title='bbox 720 2454 729 2478; x_wconf 76' lang='grc' dir='ltr'><strong><em>ε</em></strong></span> <span class='ocrx_word' id='word_1_226' title='bbox 748 2444 862 2479; x_wconf 72' lang='lat' dir='ltr'>Labia</span> <span class='ocrx_word' id='word_1_227' title='bbox 880 2454 959 2479; x_wconf 82' lang='lat' dir='ltr'>mea</span> <span class='ocrx_word' id='word_1_228' title='bbox 976 2454 1049 2479; x_wconf 80' lang='lat' dir='ltr'>non</span> <span class='ocrx_word' id='word_1_229' title='bbox 1070 2445 1261 2490; x_wconf 78' lang='lat' dir='ltr'>prohibebo</span> <span class='ocrx_word' id='word_1_230' title='bbox 1281 2456 1306 2481; x_wconf 90' lang='lat' dir='ltr'>a</span> 
     </span>
     <span class='ocr_line' id='line_1_42' title="bbox 265 2504 1305 2553; baseline 0.004 -14"><span class='ocrx_word' id='word_1_231' title='bbox 265 2504 378 2540; x_wconf 88' lang='lat' dir='ltr'>verbi</span> <span class='ocrx_word' id='word_1_232' title='bbox 407 2504 462 2540; x_wconf 90' lang='lat' dir='ltr'>tui</span> <span class='ocrx_word' id='word_1_233' title='bbox 495 2504 767 2550; x_wconf 79' lang='lat' dir='ltr'>refricatione,</span> <span class='ocrx_word' id='word_1_234' title='bbox 800 2504 899 2541; x_wconf 90' lang='lat' dir='ltr'>sicut</span> <span class='ocrx_word' id='word_1_235' title='bbox 927 2505 1073 2543; x_wconf 78' lang='lat' dir='ltr'>faciunt</span> <span class='ocrx_word' id='word_1_236' title='bbox 1103 2505 1227 2553; x_wconf 80' lang='lat' dir='ltr'>aliqui</span> <span class='ocrx_word' id='word_1_237' title='bbox 1257 2517 1305 2543; x_wconf 77' lang='lat' dir='ltr'>ex</span> 
     </span>
     <span class='ocr_line' id='line_1_43' title="bbox 266 2567 416 2612; baseline 0.02 -13"><span class='ocrx_word' id='word_1_238' title='bbox 266 2567 416 2612; x_wconf 88' lang='lat' dir='ltr'>tepore.</span> 
     </span>
    </p>

    <p class='ocr_par' dir='ltr' id='par_1_6' title="bbox 588 2614 987 2651">
     <span class='ocr_line' id='line_1_44' title="bbox 588 2614 987 2651; baseline 0.003 -2"><span class='ocrx_word' id='word_1_239' title='bbox 588 2614 776 2650; x_wconf 75' lang='lat' dir='ltr'>Articulus</span> <span class='ocrx_word' id='word_1_240' title='bbox 801 2614 987 2651; x_wconf 78' lang='lat' dir='ltr'>secundus.</span> 
     </span>
    </p>

    <p class='ocr_par' dir='ltr' id='par_1_7' title="bbox 265 2690 1305 3239">
     <span class='ocr_line' id='line_1_45' title="bbox 313 2690 1305 2736; baseline 0.002 -9"><span class='ocrx_word' id='word_1_241' title='bbox 313 2692 511 2735; x_wconf 84' lang='lat' dir='ltr'>Quantum</span> <span class='ocrx_word' id='word_1_242' title='bbox 532 2690 585 2727; x_wconf 89' lang='lat' dir='ltr'>ad</span> <span class='ocrx_word' id='word_1_243' title='bbox 604 2691 822 2728; x_wconf 89' lang='lat' dir='ltr'>secundam</span> <span class='ocrx_word' id='word_1_244' title='bbox 842 2690 1114 2729; x_wconf 89' lang='lat' dir='ltr'>conditionem</span> <span class='ocrx_word' id='word_1_245' title='bbox 1128 2719 1138 2736; x_wconf 91' lang='lat'>,</span> <span class='ocrx_word' id='word_1_246' title='bbox 1160 2691 1305 2729; x_wconf 88' lang='lat' dir='ltr'>scilicet</span> 
     </span>
     <span class='ocr_line' id='line_1_46' title="bbox 266 2752 1304 2799; baseline 0.002 -10"><span class='ocrx_word' id='word_1_247' title='bbox 266 2752 474 2790; x_wconf 86' lang='lat' dir='ltr'>utilitatem</span> <span class='ocrx_word' id='word_1_248' title='bbox 492 2753 816 2799; x_wconf 81' lang='lat' dir='ltr'>fructificationis,</span> <span class='ocrx_word' id='word_1_249' title='bbox 836 2753 1079 2791; x_wconf 87' lang='lat' dir='ltr'>subnectitur</span> <span class='ocrx_word' id='word_1_250' title='bbox 1107 2767 1116 2791; x_wconf 89' lang='lat'><strong>:</strong></span> <span class='ocrx_word' id='word_1_251' title='bbox 1137 2755 1304 2791; x_wconf 75' lang='lat' dir='ltr'>Pronun-</span> 
     </span>
     <span class='ocr_line' id='line_1_47' title="bbox 267 2817 1303 2863; baseline 0.001 -10"><span class='ocrx_word' id='word_1_252' title='bbox 267 2820 378 2860; x_wconf 77' lang='lat' dir='ltr'>tz&#39;avz&#39;,</span> <span class='ocrx_word' id='word_1_253' title='bbox 399 2817 442 2854; x_wconf 86' lang='lat' dir='ltr'>id</span> <span class='ocrx_word' id='word_1_254' title='bbox 459 2818 534 2863; x_wconf 90' lang='lat' dir='ltr'>est,</span> <span class='ocrx_word' id='word_1_255' title='bbox 556 2817 609 2854; x_wconf 88' lang='lat' dir='ltr'>ad</span> <span class='ocrx_word' id='word_1_256' title='bbox 628 2817 834 2854; x_wconf 86' lang='lat' dir='ltr'>utilitatem</span> <span class='ocrx_word' id='word_1_257' title='bbox 854 2818 1100 2855; x_wconf 87' lang='lat' dir='ltr'>audientium</span> <span class='ocrx_word' id='word_1_258' title='bbox 1117 2817 1303 2855; x_wconf 86' lang='lat' dir='ltr'>eructavi.</span> 
     </span>
     <span class='ocr_line' id='line_1_48' title="bbox 266 2879 1305 2927; baseline 0.004 -13"><span class='ocrx_word' id='word_1_259' title='bbox 266 2881 311 2915; x_wconf 87' lang='lat' dir='ltr'>Et</span> <span class='ocrx_word' id='word_1_260' title='bbox 336 2881 455 2925; x_wconf 88' lang='lat' dir='ltr'>nota,</span> <span class='ocrx_word' id='word_1_261' title='bbox 490 2879 601 2926; x_wconf 91' lang='lat' dir='ltr'>quod</span> <span class='ocrx_word' id='word_1_262' title='bbox 625 2879 795 2917; x_wconf 89' lang='lat' dir='ltr'>verbum</span> <span class='ocrx_word' id='word_1_263' title='bbox 823 2879 887 2916; x_wconf 89' lang='lat' dir='ltr'>Dei</span> <span class='ocrx_word' id='word_1_264' title='bbox 921 2880 1039 2917; x_wconf 90' lang='lat' dir='ltr'>debet</span> <span class='ocrx_word' id='word_1_265' title='bbox 1057 2879 1305 2927; x_wconf 84' lang='lat' dir='ltr'>pronuntiari</span> 
     </span>
     <span class='ocr_line' id='line_1_49' title="bbox 267 2940 1304 2990; baseline 0.003 -14"><span class='ocrx_word' id='word_1_266' title='bbox 267 2940 493 2988; x_wconf 87' lang='lat' dir='ltr'>tripliciter:</span> <span class='ocrx_word' id='word_1_267' title='bbox 517 2941 700 2979; x_wconf 88' lang='lat' dir='ltr'>videlicet</span> <span class='ocrx_word' id='word_1_268' title='bbox 719 2942 929 2990; x_wconf 88' lang='lat' dir='ltr'>sapienter,</span> <span class='ocrx_word' id='word_1_269' title='bbox 951 2942 1196 2990; x_wconf 88' lang='lat' dir='ltr'>eloquenter,</span> <span class='ocrx_word' id='word_1_270' title='bbox 1213 2952 1304 2980; x_wconf 87' lang='lat' dir='ltr'>con-</span> 
     </span>
     <span class='ocr_line' id='line_1_50' title="bbox 268 3002 1305 3052; baseline 0.003 -14"><span class='ocrx_word' id='word_1_271' title='bbox 268 3002 435 3039; x_wconf 85' lang='lat' dir='ltr'>fidenter</span> <span class='ocrx_word' id='word_1_272' title='bbox 457 3015 466 3039; x_wconf 75' lang='grc' dir='ltr'>ε</span> <span class='ocrx_word' id='word_1_273' title='bbox 496 3003 714 3050; x_wconf 88' lang='lat' dir='ltr'>sapienter,</span> <span class='ocrx_word' id='word_1_274' title='bbox 735 3007 778 3041; x_wconf 92' lang='lat' dir='ltr'>ut</span> <span class='ocrx_word' id='word_1_275' title='bbox 797 3004 963 3051; x_wconf 87' lang='lat' dir='ltr'>doceat3</span> <span class='ocrx_word' id='word_1_276' title='bbox 986 3004 1216 3052; x_wconf 88' lang='lat' dir='ltr'>eloquenter</span> <span class='ocrx_word' id='word_1_277' title='bbox 1229 3031 1242 3050; x_wconf 91' lang='lat'>,</span> <span class='ocrx_word' id='word_1_278' title='bbox 1261 3005 1305 3042; x_wconf 91' lang='lat' dir='ltr'>ut</span> 
     </span>
     <span class='ocr_line' id='line_1_51' title="bbox 266 3064 1303 3114; baseline 0.004 -13"><span class='ocrx_word' id='word_1_279' title='bbox 266 3064 420 3112; x_wconf 88' lang='lat' dir='ltr'>placeat</span> <span class='ocrx_word' id='word_1_280' title='bbox 434 3078 445 3112; x_wconf 87' lang='lat'>3</span> <span class='ocrx_word' id='word_1_281' title='bbox 483 3066 749 3110; x_wconf 85' lang='lat' dir='ltr'>confidenter,</span> <span class='ocrx_word' id='word_1_282' title='bbox 796 3070 838 3105; x_wconf 93' lang='lat' dir='ltr'>ut</span> <span class='ocrx_word' id='word_1_283' title='bbox 873 3068 1045 3104; x_wconf 79' lang='lat' dir='ltr'>moveat.</span> <span class='ocrx_word' id='word_1_284' title='bbox 1085 3069 1136 3104; x_wconf 88' lang='lat' dir='ltr'>De</span> <span class='ocrx_word' id='word_1_285' title='bbox 1172 3067 1303 3114; x_wconf 87' lang='lat' dir='ltr'>primo</span> 
     </span>
     <span class='ocr_line' id='line_1_52' title="bbox 268 3125 1303 3176; baseline 0.005 -14"><span class='ocrx_word' id='word_1_286' title='bbox 268 3126 410 3164; x_wconf 89' lang='lat' dir='ltr'>dicitur</span> <span class='ocrx_word' id='word_1_287' title='bbox 427 3125 441 3147; x_wconf 84' lang='lat'>¹·</span> <span class='ocrx_word' id='word_1_288' title='bbox 462 3139 471 3164; x_wconf 78' lang='lat' dir='ltr'><em>z</em></span> <span class='ocrx_word' id='word_1_289' title='bbox 498 3141 516 3162; x_wconf 86' lang='lat'>«</span> <span class='ocrx_word' id='word_1_290' title='bbox 546 3129 814 3166; x_wconf 77' lang='lat' dir='ltr'>pronuntiabo</span> <span class='ocrx_word' id='word_1_291' title='bbox 842 3128 1042 3166; x_wconf 89' lang='lat' dir='ltr'>mirabilia</span> <span class='ocrx_word' id='word_1_292' title='bbox 1062 3131 1129 3166; x_wconf 90' lang='lat' dir='ltr'>tua</span> <span class='ocrx_word' id='word_1_293' title='bbox 1137 3142 1148 3176; x_wconf 94' lang='lat'>3</span> <span class='ocrx_word' id='word_1_294' title='bbox 1169 3143 1187 3164; x_wconf 89' lang='lat'>»</span> <span class='ocrx_word' id='word_1_295' title='bbox 1214 3140 1303 3167; x_wconf 88' lang='lat' dir='ltr'>ecce</span> 
     </span>
     <span class='ocr_line' id='line_1_53' title="bbox 265 3190 1303 3239; baseline 0.003 -13"><span class='ocrx_word' id='word_1_296' title='bbox 265 3190 519 3237; x_wconf 88' lang='lat' dir='ltr'>pronuntiato</span> <span class='ocrx_word' id='word_1_297' title='bbox 564 3192 720 3239; x_wconf 89' lang='lat' dir='ltr'>sapiens</span> <span class='ocrx_word' id='word_1_298' title='bbox 765 3193 802 3228; x_wconf 88' lang='lat' dir='ltr'>et</span> <span class='ocrx_word' id='word_1_299' title='bbox 839 3191 1001 3229; x_wconf 88' lang='lat' dir='ltr'>docens.</span> <span class='ocrx_word' id='word_1_300' title='bbox 1042 3193 1094 3228; x_wconf 89' lang='lat' dir='ltr'>De</span> <span class='ocrx_word' id='word_1_301' title='bbox 1127 3192 1303 3229; x_wconf 90' lang='lat' dir='ltr'>secundo</span> 
     </span>
    </p>
   </div>
   <div class='ocr_carea' id='block_1_6' title="bbox 265 3254 1305 3304">
    <p class='ocr_par' dir='ltr' id='par_1_8' title="bbox 265 3254 1305 3304">
     <span class='ocr_line' id='line_1_54' title="bbox 265 3254 1305 3304; baseline 0.005 -14"><span class='ocrx_word' id='word_1_302' title='bbox 265 3254 373 3291; x_wconf 89' lang='lat' dir='ltr'>idem</span> <span class='ocrx_word' id='word_1_303' title='bbox 399 3255 594 3303; x_wconf 88' lang='lat' dir='ltr'>propheta</span> <span class='ocrx_word' id='word_1_304' title='bbox 613 3258 626 3279; x_wconf 72' lang='lat'>⁵</span> <span class='ocrx_word' id='word_1_305' title='bbox 655 3268 664 3293; x_wconf 89' lang='lat'>:</span> <span class='ocrx_word' id='word_1_306' title='bbox 697 3269 715 3291; x_wconf 85' lang='lat'>«</span> <span class='ocrx_word' id='word_1_307' title='bbox 748 3256 1021 3295; x_wconf 79' lang='lat' dir='ltr'>pronuntiabit</span> <span class='ocrx_word' id='word_1_308' title='bbox 1049 3256 1185 3304; x_wconf 84' lang='lat' dir='ltr'>lingua</span> <span class='ocrx_word' id='word_1_309' title='bbox 1215 3268 1305 3295; x_wconf 90' lang='lat' dir='ltr'>mea</span> 
     </span>
    </p>
   </div>
   <div class='ocr_carea' id='block_1_7' title="bbox 267 3316 1319 3368">
    <p class='ocr_par' dir='ltr' id='par_1_9' title="bbox 267 3316 1319 3368">
     <span class='ocr_line' id='line_1_55' title="bbox 267 3316 1319 3368; baseline 0.003 -14"><span class='ocrx_word' id='word_1_310' title='bbox 267 3316 474 3365; x_wconf 87' lang='lat' dir='ltr'>eloquium</span> <span class='ocrx_word' id='word_1_311' title='bbox 500 3320 614 3356; x_wconf 87' lang='lat' dir='ltr'>tuum</span> <span class='ocrx_word' id='word_1_312' title='bbox 627 3331 639 3366; x_wconf 92' lang='lat'>3</span> <span class='ocrx_word' id='word_1_313' title='bbox 662 3332 681 3355; x_wconf 87' lang='lat'>»</span> <span class='ocrx_word' id='word_1_314' title='bbox 704 3329 795 3357; x_wconf 89' lang='lat' dir='ltr'>ecce</span> <span class='ocrx_word' id='word_1_315' title='bbox 821 3319 1091 3367; x_wconf 85' lang='lat' dir='ltr'>pronuntiatio</span> <span class='ocrx_word' id='word_1_316' title='bbox 1112 3319 1319 3368; x_wconf 88' lang='lat' dir='ltr'>eloquens·</span> 
     </span>
    </p>
   </div>
   <div class='ocr_carea' id='block_1_8' title="bbox 273 3402 1304 3494">
    <p class='ocr_par' dir='ltr' id='par_1_10' title="bbox 273 3402 1304 3494">
     <span class='ocr_line' id='line_1_56' title="bbox 316 3402 1302 3447; baseline 0.004 -14"><span class='ocrx_word' id='word_1_317' title='bbox 316 3403 322 3419; x_wconf 90' lang='lat'>¹</span> <span class='ocrx_word' id='word_1_318' title='bbox 342 3402 454 3443; x_wconf 68' lang='lat' dir='ltr'>Pron„</span> <span class='ocrx_word' id='word_1_319' title='bbox 475 3410 537 3446; x_wconf 79' lang='lat' dir='ltr'>xx,</span> <span class='ocrx_word' id='word_1_320' title='bbox 556 3406 586 3436; x_wconf 86' lang='lat'>1.</span> <span class='ocrx_word' id='word_1_321' title='bbox 607 3420 650 3430; x_wconf 92' lang='lat'><em>-</em></span> <span class='ocrx_word' id='word_1_322' title='bbox 668 3404 679 3422; x_wconf 87' lang='lat'><em>²</em></span> <span class='ocrx_word' id='word_1_323' title='bbox 694 3404 775 3444; x_wconf 63' lang='lat' dir='ltr'>Im„</span> <span class='ocrx_word' id='word_1_324' title='bbox 793 3411 879 3444; x_wconf 80' lang='lat' dir='ltr'>xxx,</span> <span class='ocrx_word' id='word_1_325' title='bbox 898 3404 952 3436; x_wconf 82' lang='lat'>27.</span> <span class='ocrx_word' id='word_1_326' title='bbox 972 3421 1014 3428; x_wconf 92' lang='lat'><em>-</em></span> <span class='ocrx_word' id='word_1_327' title='bbox 1033 3403 1046 3426; x_wconf 81' lang='lat'>³</span> <span class='ocrx_word' id='word_1_328' title='bbox 1065 3403 1159 3436; x_wconf 83' lang='lat' dir='ltr'>Psal.</span> <span class='ocrx_word' id='word_1_329' title='bbox 1179 3412 1302 3447; x_wconf 82' lang='lat' dir='ltr'>xxxix,</span> 
     </span>
     <span class='ocr_line' id='line_1_57' title="bbox 273 3448 1304 3494; baseline 0.003 -13"><span class='ocrx_word' id='word_1_330' title='bbox 273 3448 324 3481; x_wconf 89' lang='grc'><strong>10.</strong></span> <span class='ocrx_word' id='word_1_331' title='bbox 340 3465 382 3474; x_wconf 90' lang='grc'><strong>-</strong></span> <span class='ocrx_word' id='word_1_332' title='bbox 400 3449 411 3469; x_wconf 80' lang='lat'><strong>⁴</strong></span> <span class='ocrx_word' id='word_1_333' title='bbox 430 3450 519 3487; x_wconf 79' lang='lat' dir='ltr'>Psal.</span> <span class='ocrx_word' id='word_1_334' title='bbox 538 3458 620 3493; x_wconf 79' lang='lat' dir='ltr'>Lxx,</span> <span class='ocrx_word' id='word_1_335' title='bbox 638 3453 689 3487; x_wconf 81' lang='grc'><strong>17.</strong></span> <span class='ocrx_word' id='word_1_336' title='bbox 707 3469 749 3480; x_wconf 93' lang='lat'><em>-</em></span> <span class='ocrx_word' id='word_1_337' title='bbox 765 3451 780 3475; x_wconf 66' lang='grc' dir='ltr'>ὓ</span> <span class='ocrx_word' id='word_1_338' title='bbox 794 3451 888 3486; x_wconf 82' lang='lat' dir='ltr'>Psal.</span> <span class='ocrx_word' id='word_1_339' title='bbox 908 3451 985 3491; x_wconf 85' lang='lat' dir='ltr'>hoc,</span> <span class='ocrx_word' id='word_1_340' title='bbox 1008 3452 1080 3485; x_wconf 84' lang='grc'><strong>172.</strong></span> <span class='ocrx_word' id='word_1_341' title='bbox 1097 3468 1138 3478; x_wconf 89' lang='grc'><strong>-</strong></span> <span class='ocrx_word' id='word_1_342' title='bbox 1158 3452 1172 3476; x_wconf 78' lang='lat'><strong>⁶</strong></span> <span class='ocrx_word' id='word_1_343' title='bbox 1185 3452 1304 3494; x_wconf 65' lang='lat' dir='ltr'>Lavit„</span> 
     </span>
    </p>
   </div>
   <div class='ocr_carea' id='block_1_9' title="bbox 2336 172 2414 212">
    <p class='ocr_par' dir='ltr' id='par_1_11' title="bbox 2336 172 2414 212">
     <span class='ocr_line' id='line_1_58' title="bbox 2336 172 2414 212; baseline 0.013 -1"><span class='ocrx_word' id='word_1_344' title='bbox 2336 172 2414 212; x_wconf 80' lang='lat'>335</span> 
     </span>
    </p>
   </div>
   <div class='ocr_carea' id='block_1_10' title="bbox 1378 258 2420 1668">
    <p class='ocr_par' dir='ltr' id='par_1_12' title="bbox 1379 258 2416 544">
     <span class='ocr_line' id='line_1_59' title="bbox 1379 258 2412 307; baseline 0 -11"><span class='ocrx_word' id='word_1_345' title='bbox 1379 261 1416 296; x_wconf 91' lang='lat' dir='ltr'>et</span> <span class='ocrx_word' id='word_1_346' title='bbox 1432 259 1608 307; x_wconf 88' lang='lat' dir='ltr'>placens.</span> <span class='ocrx_word' id='word_1_347' title='bbox 1629 260 1682 296; x_wconf 87' lang='lat' dir='ltr'>De</span> <span class='ocrx_word' id='word_1_348' title='bbox 1701 260 1815 297; x_wconf 86' lang='lat' dir='ltr'>tertio</span> <span class='ocrx_word' id='word_1_349' title='bbox 1843 260 1858 282; x_wconf 76' lang='lat'><strong>⁶</strong></span> <span class='ocrx_word' id='word_1_350' title='bbox 1890 271 1900 298; x_wconf 89' lang='lat'>:</span> <span class='ocrx_word' id='word_1_351' title='bbox 1925 272 1944 293; x_wconf 93' lang='lat'>«</span> <span class='ocrx_word' id='word_1_352' title='bbox 1970 261 2091 298; x_wconf 86' lang='lat' dir='ltr'>Porro</span> <span class='ocrx_word' id='word_1_353' title='bbox 2110 258 2143 295; x_wconf 90' lang='lat' dir='ltr'>si</span> <span class='ocrx_word' id='word_1_354' title='bbox 2161 258 2307 296; x_wconf 85' lang='lat' dir='ltr'>steterit</span> <span class='ocrx_word' id='word_1_355' title='bbox 2324 268 2412 296; x_wconf 87' lang='lat' dir='ltr'>ma-</span> 
     </span>
     <span class='ocr_line' id='line_1_60' title="bbox 1380 320 2415 368; baseline -0.001 -11"><span class='ocrx_word' id='word_1_356' title='bbox 1380 320 1483 366; x_wconf 86' lang='lat' dir='ltr'>cula,</span> <span class='ocrx_word' id='word_1_357' title='bbox 1504 323 1541 357; x_wconf 90' lang='lat' dir='ltr'>et</span> <span class='ocrx_word' id='word_1_358' title='bbox 1561 320 1693 368; x_wconf 89' lang='lat' dir='ltr'>capilli</span> <span class='ocrx_word' id='word_1_359' title='bbox 1712 321 1816 367; x_wconf 89' lang='lat' dir='ltr'>nigri</span> <span class='ocrx_word' id='word_1_360' title='bbox 1834 321 1991 368; x_wconf 86' lang='lat' dir='ltr'>fuerint,</span> <span class='ocrx_word' id='word_1_361' title='bbox 2011 321 2193 359; x_wconf 90' lang='lat' dir='ltr'>noverint</span> <span class='ocrx_word' id='word_1_362' title='bbox 2210 320 2415 358; x_wconf 89' lang='lat' dir='ltr'>bominem</span> 
     </span>
     <span class='ocr_line' id='line_1_61' title="bbox 1379 382 2416 431; baseline 0 -12"><span class='ocrx_word' id='word_1_363' title='bbox 1379 393 1463 419; x_wconf 89' lang='lat' dir='ltr'>esse</span> <span class='ocrx_word' id='word_1_364' title='bbox 1493 386 1695 429; x_wconf 84' lang='lat' dir='ltr'>sanatum,</span> <span class='ocrx_word' id='word_1_365' title='bbox 1728 386 1766 420; x_wconf 92' lang='lat' dir='ltr'>et</span> <span class='ocrx_word' id='word_1_366' title='bbox 1797 384 2039 421; x_wconf 90' lang='lat' dir='ltr'>confidenter</span> <span class='ocrx_word' id='word_1_367' title='bbox 2072 395 2162 421; x_wconf 89' lang='lat' dir='ltr'>eum</span> <span class='ocrx_word' id='word_1_368' title='bbox 2188 382 2416 431; x_wconf 89' lang='lat' dir='ltr'>pronuntiet</span> 
     </span>
     <span class='ocr_line' id='line_1_62' title="bbox 1379 445 2415 492; baseline 0 -11"><span class='ocrx_word' id='word_1_369' title='bbox 1379 445 1601 491; x_wconf 91' lang='lat' dir='ltr'>mundum;</span> <span class='ocrx_word' id='word_1_370' title='bbox 1633 458 1652 480; x_wconf 83' lang='lat'><strong>»</strong></span> <span class='ocrx_word' id='word_1_371' title='bbox 1693 454 1782 482; x_wconf 87' lang='lat' dir='ltr'>eece</span> <span class='ocrx_word' id='word_1_372' title='bbox 1814 446 2081 492; x_wconf 87' lang='lat' dir='ltr'>pronuntiatio</span> <span class='ocrx_word' id='word_1_373' title='bbox 2115 445 2343 492; x_wconf 89' lang='lat' dir='ltr'>confidens,</span> <span class='ocrx_word' id='word_1_374' title='bbox 2377 446 2415 482; x_wconf 93' lang='lat' dir='ltr'>et</span> 
     </span>
     <span class='ocr_line' id='line_1_63' title="bbox 1379 516 1558 544; baseline 0.006 -2"><span class='ocrx_word' id='word_1_375' title='bbox 1379 516 1558 544; x_wconf 87' lang='lat' dir='ltr'>movens.</span> 
     </span>
    </p>

    <p class='ocr_par' dir='ltr' id='par_1_13' title="bbox 1720 555 2073 591">
     <span class='ocr_line' id='line_1_64' title="bbox 1720 555 2073 591; baseline -0.003 0"><span class='ocrx_word' id='word_1_376' title='bbox 1720 555 1910 591; x_wconf 85' lang='lat' dir='ltr'>Articulus</span> <span class='ocrx_word' id='word_1_377' title='bbox 1931 556 2073 590; x_wconf 78' lang='lat' dir='ltr'>tertius.</span> 
     </span>
    </p>

    <p class='ocr_par' dir='ltr' id='par_1_14' title="bbox 1378 630 2420 1668">
     <span class='ocr_line' id='line_1_65' title="bbox 1429 630 2413 678; baseline 0.001 -11"><span class='ocrx_word' id='word_1_378' title='bbox 1429 632 1626 675; x_wconf 89' lang='lat' dir='ltr'>Quantum</span> <span class='ocrx_word' id='word_1_379' title='bbox 1665 631 1718 668; x_wconf 89' lang='lat' dir='ltr'>ad</span> <span class='ocrx_word' id='word_1_380' title='bbox 1753 632 1907 669; x_wconf 90' lang='lat' dir='ltr'>tertiam</span> <span class='ocrx_word' id='word_1_381' title='bbox 1943 630 2226 676; x_wconf 90' lang='lat' dir='ltr'>conditionem,</span> <span class='ocrx_word' id='word_1_382' title='bbox 2247 630 2413 678; x_wconf 90' lang='lat' dir='ltr'>subjun-</span> 
     </span>
     <span class='ocr_line' id='line_1_66' title="bbox 1381 693 2415 740; baseline 0.002 -12"><span class='ocrx_word' id='word_1_383' title='bbox 1381 693 1510 739; x_wconf 82' lang='lat' dir='ltr'>gitur:</span> <span class='ocrx_word' id='word_1_384' title='bbox 1537 693 1668 729; x_wconf 81' lang='lat' dir='ltr'>Omnz&#39;a</span> <span class='ocrx_word' id='word_1_385' title='bbox 1681 694 1830 739; x_wconf 76' lang='lat' dir='ltr'>judicia</span> <span class='ocrx_word' id='word_1_386' title='bbox 1845 723 1857 737; x_wconf 90' lang='lat'>,</span> <span class='ocrx_word' id='word_1_387' title='bbox 1877 704 1960 731; x_wconf 92' lang='lat' dir='ltr'>non</span> <span class='ocrx_word' id='word_1_388' title='bbox 1978 696 2129 730; x_wconf 90' lang='lat' dir='ltr'>tantum</span> <span class='ocrx_word' id='word_1_389' title='bbox 2149 693 2303 740; x_wconf 90' lang='lat' dir='ltr'>aliqua3</span> <span class='ocrx_word' id='word_1_390' title='bbox 2326 704 2415 730; x_wconf 82' lang='lat' dir='ltr'>ecce</span> 
     </span>
     <span class='ocr_line' id='line_1_67' title="bbox 1381 753 2417 801; baseline 0 -11"><span class='ocrx_word' id='word_1_391' title='bbox 1381 753 1562 791; x_wconf 88' lang='lat' dir='ltr'>docilitas</span> <span class='ocrx_word' id='word_1_392' title='bbox 1584 755 1802 793; x_wconf 84' lang='lat' dir='ltr'>collectiva.</span> <span class='ocrx_word' id='word_1_393' title='bbox 1822 756 1894 801; x_wconf 83' lang='lat' dir='ltr'>Qui</span> <span class='ocrx_word' id='word_1_394' title='bbox 1915 756 2021 793; x_wconf 89' lang='lat' dir='ltr'>enim</span> <span class='ocrx_word' id='word_1_395' title='bbox 2041 754 2175 792; x_wconf 88' lang='lat' dir='ltr'>omnia</span> <span class='ocrx_word' id='word_1_396' title='bbox 2195 755 2301 799; x_wconf 89' lang='lat' dir='ltr'>dicit,</span> <span class='ocrx_word' id='word_1_397' title='bbox 2320 755 2417 791; x_wconf 86' lang='lat' dir='ltr'>nihil</span> 
     </span>
     <span class='ocr_line' id='line_1_68' title="bbox 1381 816 2418 866; baseline 0 -14"><span class='ocrx_word' id='word_1_398' title='bbox 1381 816 1538 864; x_wconf 78' lang='lat' dir='ltr'>excipit.</span> <span class='ocrx_word' id='word_1_399' title='bbox 1560 818 1604 853; x_wconf 89' lang='lat' dir='ltr'>Et</span> <span class='ocrx_word' id='word_1_400' title='bbox 1628 821 1742 864; x_wconf 90' lang='lat' dir='ltr'>nota,</span> <span class='ocrx_word' id='word_1_401' title='bbox 1765 818 1876 866; x_wconf 91' lang='lat' dir='ltr'>quod</span> <span class='ocrx_word' id='word_1_402' title='bbox 1907 818 1959 854; x_wconf 88' lang='lat' dir='ltr'>ad</span> <span class='ocrx_word' id='word_1_403' title='bbox 1982 817 2223 855; x_wconf 88' lang='lat' dir='ltr'>docilitatem</span> <span class='ocrx_word' id='word_1_404' title='bbox 2250 817 2418 864; x_wconf 85' lang='lat' dir='ltr'>pertinet</span> 
     </span>
     <span class='ocr_line' id='line_1_69' title="bbox 1381 878 2414 926; baseline 0.001 -11"><span class='ocrx_word' id='word_1_405' title='bbox 1381 878 1561 915; x_wconf 90' lang='lat' dir='ltr'>omnium</span> <span class='ocrx_word' id='word_1_406' title='bbox 1592 879 1797 926; x_wconf 90' lang='lat' dir='ltr'>collectio,</span> <span class='ocrx_word' id='word_1_407' title='bbox 1825 879 1995 916; x_wconf 88' lang='lat' dir='ltr'>scilicet:</span> <span class='ocrx_word' id='word_1_408' title='bbox 2028 880 2162 916; x_wconf 90' lang='lat' dir='ltr'>omnia</span> <span class='ocrx_word' id='word_1_409' title='bbox 2190 879 2414 925; x_wconf 88' lang='lat' dir='ltr'>audiendo3</span> 
     </span>
     <span class='ocr_line' id='line_1_70' title="bbox 1381 941 2417 986; baseline 0 -9"><span class='ocrx_word' id='word_1_410' title='bbox 1381 942 1517 978; x_wconf 86' lang='lat' dir='ltr'>omnia</span> <span class='ocrx_word' id='word_1_411' title='bbox 1532 941 1817 986; x_wconf 79' lang='lat' dir='ltr'>custodiend05</span> <span class='ocrx_word' id='word_1_412' title='bbox 1835 941 1970 978; x_wconf 90' lang='lat' dir='ltr'>omnia</span> <span class='ocrx_word' id='word_1_413' title='bbox 1989 941 2223 978; x_wconf 88' lang='lat' dir='ltr'>erudiendo.</span> <span class='ocrx_word' id='word_1_414' title='bbox 2241 943 2417 985; x_wconf 86' lang='lat' dir='ltr'>Quorum</span> 
     </span>
     <span class='ocr_line' id='line_1_71' title="bbox 1378 1002 2414 1051; baseline -0.001 -11"><span class='ocrx_word' id='word_1_415' title='bbox 1378 1004 1556 1050; x_wconf 90' lang='lat' dir='ltr'>primum</span> <span class='ocrx_word' id='word_1_416' title='bbox 1590 1004 1726 1041; x_wconf 84' lang='lat' dir='ltr'>attinet</span> <span class='ocrx_word' id='word_1_417' title='bbox 1757 1004 1810 1041; x_wconf 90' lang='lat' dir='ltr'>ad</span> <span class='ocrx_word' id='word_1_418' title='bbox 1845 1004 2064 1040; x_wconf 87' lang='lat' dir='ltr'>bonitatem</span> <span class='ocrx_word' id='word_1_419' title='bbox 2103 1002 2414 1051; x_wconf 81' lang='lat' dir='ltr'>apprehensivae3</span> 
     </span>
     <span class='ocr_line' id='line_1_72' title="bbox 1380 1065 2419 1112; baseline -0.001 -10"><span class='ocrx_word' id='word_1_420' title='bbox 1380 1067 1615 1112; x_wconf 90' lang='lat' dir='ltr'>secundum,</span> <span class='ocrx_word' id='word_1_421' title='bbox 1636 1066 1688 1104; x_wconf 91' lang='lat' dir='ltr'>ad</span> <span class='ocrx_word' id='word_1_422' title='bbox 1708 1066 1925 1103; x_wconf 87' lang='lat' dir='ltr'>bonitatem</span> <span class='ocrx_word' id='word_1_423' title='bbox 1945 1066 2144 1103; x_wconf 81' lang='lat' dir='ltr'>retentivae</span> <span class='ocrx_word' id='word_1_424' title='bbox 2156 1078 2166 1112; x_wconf 94' lang='lat'>3</span> <span class='ocrx_word' id='word_1_425' title='bbox 2189 1065 2346 1102; x_wconf 91' lang='lat' dir='ltr'>tertium</span> <span class='ocrx_word' id='word_1_426' title='bbox 2367 1065 2419 1101; x_wconf 86' lang='lat' dir='ltr'>ad</span> 
     </span>
     <span class='ocr_line' id='line_1_73' title="bbox 1379 1126 2420 1176; baseline -0.002 -11"><span class='ocrx_word' id='word_1_427' title='bbox 1379 1128 1596 1166; x_wconf 88' lang='lat' dir='ltr'>bonitatem</span> <span class='ocrx_word' id='word_1_428' title='bbox 1629 1128 1944 1176; x_wconf 86' lang='lat' dir='ltr'>interpretativae.</span> <span class='ocrx_word' id='word_1_429' title='bbox 1967 1130 2018 1164; x_wconf 83' lang='lat' dir='ltr'>De</span> <span class='ocrx_word' id='word_1_430' title='bbox 2047 1127 2178 1175; x_wconf 92' lang='lat' dir='ltr'>primo</span> <span class='ocrx_word' id='word_1_431' title='bbox 2201 1129 2240 1164; x_wconf 76' lang='lat'>⁷:</span> <span class='ocrx_word' id='word_1_432' title='bbox 2271 1126 2420 1163; x_wconf 83' lang='lat' dir='ltr'>«Auris</span> 
     </span>
     <span class='ocr_line' id='line_1_74' title="bbox 1379 1189 2420 1238; baseline -0.002 -12"><span class='ocrx_word' id='word_1_433' title='bbox 1379 1190 1451 1228; x_wconf 86' lang='lat' dir='ltr'>zeli</span> <span class='ocrx_word' id='word_1_434' title='bbox 1468 1191 1578 1228; x_wconf 87' lang='lat' dir='ltr'>audit</span> <span class='ocrx_word' id='word_1_435' title='bbox 1594 1191 1754 1236; x_wconf 81' lang='lat' dir='ltr'>omnia3</span> <span class='ocrx_word' id='word_1_436' title='bbox 1773 1206 1789 1227; x_wconf 73' lang='lat' dir='ltr'>n</span> <span class='ocrx_word' id='word_1_437' title='bbox 1816 1202 1905 1228; x_wconf 91' lang='lat' dir='ltr'>ecce</span> <span class='ocrx_word' id='word_1_438' title='bbox 1927 1190 2105 1228; x_wconf 86' lang='lat' dir='ltr'>docilitas</span> <span class='ocrx_word' id='word_1_439' title='bbox 2124 1189 2420 1238; x_wconf 83' lang='lat' dir='ltr'>apprehensivae</span> 
     </span>
     <span class='ocr_line' id='line_1_75' title="bbox 1380 1253 2419 1302; baseline -0.001 -12"><span class='ocrx_word' id='word_1_440' title='bbox 1380 1253 1533 1291; x_wconf 86' lang='lat' dir='ltr'>virtutis</span> <span class='ocrx_word' id='word_1_441' title='bbox 1555 1255 1690 1292; x_wconf 90' lang='lat' dir='ltr'>omnia</span> <span class='ocrx_word' id='word_1_442' title='bbox 1708 1254 1945 1302; x_wconf 88' lang='lat' dir='ltr'>recipientis.</span> <span class='ocrx_word' id='word_1_443' title='bbox 1967 1256 2018 1291; x_wconf 92' lang='lat' dir='ltr'>De</span> <span class='ocrx_word' id='word_1_444' title='bbox 2039 1253 2214 1291; x_wconf 89' lang='lat' dir='ltr'>secundo</span> <span class='ocrx_word' id='word_1_445' title='bbox 2234 1254 2248 1275; x_wconf 78' lang='lat'><strong>⁸</strong></span> <span class='ocrx_word' id='word_1_446' title='bbox 2269 1264 2278 1289; x_wconf 73' lang='grc' dir='ltr'><strong><em>ε</em></strong></span> <span class='ocrx_word' id='word_1_447' title='bbox 2305 1265 2324 1287; x_wconf 85' lang='lat'>«</span> <span class='ocrx_word' id='word_1_448' title='bbox 2342 1255 2419 1290; x_wconf 82' lang='lat' dir='ltr'>Ma-</span> 
     </span>
     <span class='ocr_line' id='line_1_76' title="bbox 1379 1316 2415 1362; baseline 0 -10"><span class='ocrx_word' id='word_1_449' title='bbox 1379 1316 1438 1353; x_wconf 88' lang='lat' dir='ltr'>ria</span> <span class='ocrx_word' id='word_1_450' title='bbox 1459 1319 1591 1354; x_wconf 89' lang='lat' dir='ltr'>autem</span> <span class='ocrx_word' id='word_1_451' title='bbox 1611 1318 1873 1354; x_wconf 90' lang='lat' dir='ltr'>conservabat</span> <span class='ocrx_word' id='word_1_452' title='bbox 1894 1317 2029 1354; x_wconf 89' lang='lat' dir='ltr'>omnia</span> <span class='ocrx_word' id='word_1_453' title='bbox 2047 1317 2170 1353; x_wconf 89' lang='lat' dir='ltr'>verba</span> <span class='ocrx_word' id='word_1_454' title='bbox 2192 1317 2278 1353; x_wconf 85' lang='lat' dir='ltr'>haec</span> <span class='ocrx_word' id='word_1_455' title='bbox 2291 1344 2302 1362; x_wconf 93' lang='lat'>,</span> <span class='ocrx_word' id='word_1_456' title='bbox 2325 1326 2415 1353; x_wconf 90' lang='lat' dir='ltr'>con·</span> 
     </span>
     <span class='ocr_line' id='line_1_77' title="bbox 1378 1378 2419 1427; baseline 0 -12"><span class='ocrx_word' id='word_1_457' title='bbox 1378 1378 1508 1415; x_wconf 85' lang='lat' dir='ltr'>ferens</span> <span class='ocrx_word' id='word_1_458' title='bbox 1527 1379 1569 1415; x_wconf 95' lang='lat' dir='ltr'>in</span> <span class='ocrx_word' id='word_1_459' title='bbox 1590 1380 1711 1417; x_wconf 89' lang='lat' dir='ltr'>corde</span> <span class='ocrx_word' id='word_1_460' title='bbox 1731 1391 1802 1417; x_wconf 92' lang='lat' dir='ltr'>suo</span> <span class='ocrx_word' id='word_1_461' title='bbox 1814 1393 1826 1427; x_wconf 95' lang='lat'>3</span> <span class='ocrx_word' id='word_1_462' title='bbox 1849 1393 1867 1415; x_wconf 92' lang='lat'>»</span> <span class='ocrx_word' id='word_1_463' title='bbox 1895 1391 1984 1416; x_wconf 89' lang='lat' dir='ltr'>ecce</span> <span class='ocrx_word' id='word_1_464' title='bbox 2014 1379 2194 1416; x_wconf 86' lang='lat' dir='ltr'>docilitas</span> <span class='ocrx_word' id='word_1_465' title='bbox 2220 1379 2419 1416; x_wconf 83' lang='lat' dir='ltr'>retentivae</span> 
     </span>
     <span class='ocr_line' id='line_1_78' title="bbox 1378 1441 2418 1480; baseline -0.001 -2"><span class='ocrx_word' id='word_1_466' title='bbox 1378 1441 1531 1478; x_wconf 80' lang='lat' dir='ltr'>virtutis</span> <span class='ocrx_word' id='word_1_467' title='bbox 1560 1443 1695 1479; x_wconf 89' lang='lat' dir='ltr'>omnia</span> <span class='ocrx_word' id='word_1_468' title='bbox 1715 1443 1996 1480; x_wconf 85' lang='lat' dir='ltr'>conservantis.</span> <span class='ocrx_word' id='word_1_469' title='bbox 2016 1446 2067 1479; x_wconf 89' lang='lat' dir='ltr'>De</span> <span class='ocrx_word' id='word_1_470' title='bbox 2089 1443 2200 1479; x_wconf 84' lang='lat' dir='ltr'>tertio</span> <span class='ocrx_word' id='word_1_471' title='bbox 2221 1443 2234 1464; x_wconf 80' lang='lat'>⁹</span> <span class='ocrx_word' id='word_1_472' title='bbox 2255 1454 2263 1479; x_wconf 93' lang='lat'>:</span> <span class='ocrx_word' id='word_1_473' title='bbox 2289 1455 2307 1476; x_wconf 89' lang='lat'>«</span> <span class='ocrx_word' id='word_1_474' title='bbox 2328 1443 2418 1479; x_wconf 91' lang='lat' dir='ltr'>Om-</span> 
     </span>
     <span class='ocr_line' id='line_1_79' title="bbox 1379 1503 2417 1553; baseline -0.002 -12"><span class='ocrx_word' id='word_1_475' title='bbox 1379 1503 1445 1541; x_wconf 90' lang='lat' dir='ltr'>nia</span> <span class='ocrx_word' id='word_1_476' title='bbox 1465 1515 1725 1553; x_wconf 68' lang='lat' dir='ltr'>quaecumque</span> <span class='ocrx_word' id='word_1_477' title='bbox 1755 1505 1890 1542; x_wconf 89' lang='lat' dir='ltr'>audivi</span> <span class='ocrx_word' id='word_1_478' title='bbox 1921 1516 1944 1542; x_wconf 93' lang='lat' dir='ltr'>a</span> <span class='ocrx_word' id='word_1_479' title='bbox 1963 1507 2073 1542; x_wconf 85' lang='lat' dir='ltr'>Patre</span> <span class='ocrx_word' id='word_1_480' title='bbox 2100 1515 2211 1549; x_wconf 92' lang='lat' dir='ltr'>meo,</span> <span class='ocrx_word' id='word_1_481' title='bbox 2231 1507 2326 1540; x_wconf 90' lang='lat' dir='ltr'>nota</span> <span class='ocrx_word' id='word_1_482' title='bbox 2343 1503 2417 1539; x_wconf 87' lang='lat' dir='ltr'>feci</span> 
     </span>
     <span class='ocr_line' id='line_1_80' title="bbox 1379 1567 2418 1615; baseline -0.001 -11"><span class='ocrx_word' id='word_1_483' title='bbox 1379 1567 1522 1614; x_wconf 88' lang='lat' dir='ltr'>vobis,</span> <span class='ocrx_word' id='word_1_484' title='bbox 1554 1582 1572 1603; x_wconf 87' lang='lat'>»</span> <span class='ocrx_word' id='word_1_485' title='bbox 1606 1579 1695 1605; x_wconf 90' lang='lat' dir='ltr'>ecce</span> <span class='ocrx_word' id='word_1_486' title='bbox 1719 1568 1900 1606; x_wconf 86' lang='lat' dir='ltr'>docilitas</span> <span class='ocrx_word' id='word_1_487' title='bbox 1932 1567 2234 1615; x_wconf 83' lang='lat' dir='ltr'>interpretativae</span> <span class='ocrx_word' id='word_1_488' title='bbox 2266 1567 2418 1604; x_wconf 87' lang='lat' dir='ltr'>virtutis</span> 
     </span>
     <span class='ocr_line' id='line_1_81' title="bbox 1381 1630 1765 1668; baseline 0 0"><span class='ocrx_word' id='word_1_489' title='bbox 1381 1630 1517 1668; x_wconf 87' lang='lat' dir='ltr'>omnia</span> <span class='ocrx_word' id='word_1_490' title='bbox 1535 1631 1765 1668; x_wconf 89' lang='lat' dir='ltr'>erudientis.</span> 
     </span>
    </p>
   </div>
   <div class='ocr_carea' id='block_1_11' title="bbox 1704 1737 2089 1783">
    <p class='ocr_par' dir='ltr' id='par_1_15' title="bbox 1704 1737 2089 1783">
     <span class='ocr_line' id='line_1_82' title="bbox 1704 1737 2089 1783; baseline -0.005 -9"><span class='ocrx_word' id='word_1_491' title='bbox 1704 1737 1894 1774; x_wconf 81' lang='lat' dir='ltr'>Articulus</span> <span class='ocrx_word' id='word_1_492' title='bbox 1920 1739 2089 1783; x_wconf 79' lang='lat' dir='ltr'>quartus.</span> 
     </span>
    </p>
   </div>
   <div class='ocr_carea' id='block_1_12' title="bbox 1375 1819 2419 2991">
    <p class='ocr_par' dir='ltr' id='par_1_16' title="bbox 1375 1819 2419 2991">
     <span class='ocr_line' id='line_1_83' title="bbox 1427 1819 2418 1867; baseline -0.001 -11"><span class='ocrx_word' id='word_1_493' title='bbox 1427 1820 1625 1863; x_wconf 81' lang='lat' dir='ltr'>Quantum</span> <span class='ocrx_word' id='word_1_494' title='bbox 1658 1819 1711 1856; x_wconf 92' lang='lat' dir='ltr'>ad</span> <span class='ocrx_word' id='word_1_495' title='bbox 1747 1822 1929 1867; x_wconf 85' lang='lat' dir='ltr'>quartam</span> <span class='ocrx_word' id='word_1_496' title='bbox 1959 1819 2248 1865; x_wconf 89' lang='lat' dir='ltr'>conditionem,</span> <span class='ocrx_word' id='word_1_497' title='bbox 2280 1819 2418 1855; x_wconf 87' lang='lat' dir='ltr'>subin-</span> 
     </span>
     <span class='ocr_line' id='line_1_84' title="bbox 1378 1880 2419 1928; baseline 0.001 -11"><span class='ocrx_word' id='word_1_498' title='bbox 1378 1880 1500 1918; x_wconf 86' lang='lat' dir='ltr'>fertur</span> <span class='ocrx_word' id='word_1_499' title='bbox 1539 1893 1548 1918; x_wconf 93' lang='lat'>:</span> <span class='ocrx_word' id='word_1_500' title='bbox 1580 1881 1664 1918; x_wconf 71' lang='lat' dir='ltr'>Oris</span> <span class='ocrx_word' id='word_1_501' title='bbox 1704 1884 1774 1928; x_wconf 75' lang='lat' dir='ltr'>tui,</span> <span class='ocrx_word' id='word_1_502' title='bbox 1811 1881 1957 1919; x_wconf 82' lang='lat' dir='ltr'>scilicet</span> <span class='ocrx_word' id='word_1_503' title='bbox 1986 1880 2201 1927; x_wconf 84' lang='lat' dir='ltr'>dominici,</span> <span class='ocrx_word' id='word_1_504' title='bbox 2229 1891 2314 1918; x_wconf 85' lang='lat' dir='ltr'>non</span> <span class='ocrx_word' id='word_1_505' title='bbox 2343 1884 2419 1918; x_wconf 80' lang='lat' dir='ltr'>tei·-</span> 
     </span>
     <span class='ocr_line' id='line_1_85' title="bbox 1378 1943 2416 1991; baseline 0.002 -12"><span class='ocrx_word' id='word_1_506' title='bbox 1378 1943 1484 1989; x_wconf 90' lang='lat' dir='ltr'>reni‚</span> <span class='ocrx_word' id='word_1_507' title='bbox 1521 1954 1603 1981; x_wconf 88' lang='lat' dir='ltr'>non</span> <span class='ocrx_word' id='word_1_508' title='bbox 1633 1944 1839 1991; x_wconf 78' lang='lat' dir='ltr'>animalis,</span> <span class='ocrx_word' id='word_1_509' title='bbox 1860 1955 1944 1981; x_wconf 94' lang='lat' dir='ltr'>non</span> <span class='ocrx_word' id='word_1_510' title='bbox 1964 1944 2166 1981; x_wconf 86' lang='lat' dir='ltr'>diabolici.</span> <span class='ocrx_word' id='word_1_511' title='bbox 2194 1945 2291 1981; x_wconf 88' lang='lat' dir='ltr'>Ecce</span> <span class='ocrx_word' id='word_1_512' title='bbox 2321 1944 2416 1981; x_wconf 89' lang='lat' dir='ltr'>sub-</span> 
     </span>
     <span class='ocr_line' id='line_1_86' title="bbox 1379 2004 2419 2054; baseline 0.002 -13"><span class='ocrx_word' id='word_1_513' title='bbox 1379 2004 1495 2042; x_wconf 87' lang='lat' dir='ltr'>tilitas</span> <span class='ocrx_word' id='word_1_514' title='bbox 1522 2006 1695 2053; x_wconf 87' lang='lat' dir='ltr'>eligendi</span> <span class='ocrx_word' id='word_1_515' title='bbox 1733 2007 1936 2045; x_wconf 86' lang='lat' dir='ltr'>doctorem</span> <span class='ocrx_word' id='word_1_516' title='bbox 1968 2007 2215 2054; x_wconf 84' lang='lat' dir='ltr'>virtuosum,</span> <span class='ocrx_word' id='word_1_517' title='bbox 2246 2017 2329 2044; x_wconf 91' lang='lat' dir='ltr'>non</span> <span class='ocrx_word' id='word_1_518' title='bbox 2363 2007 2419 2043; x_wconf 89' lang='lat' dir='ltr'>vi-</span> 
     </span>
     <span class='ocr_line' id='line_1_87' title="bbox 1378 2068 2418 2117; baseline 0 -13"><span class='ocrx_word' id='word_1_519' title='bbox 1378 2068 1536 2105; x_wconf 87' lang='lat' dir='ltr'>tiosum.</span> <span class='ocrx_word' id='word_1_520' title='bbox 1564 2071 1634 2106; x_wconf 90' lang='lat' dir='ltr'>Per</span> <span class='ocrx_word' id='word_1_521' title='bbox 1660 2080 1704 2106; x_wconf 91' lang='lat' dir='ltr'>os</span> <span class='ocrx_word' id='word_1_522' title='bbox 1723 2080 1898 2117; x_wconf 90' lang='lat' dir='ltr'>namque</span> <span class='ocrx_word' id='word_1_523' title='bbox 1931 2069 2177 2106; x_wconf 88' lang='lat' dir='ltr'>dominicum</span> <span class='ocrx_word' id='word_1_524' title='bbox 2203 2068 2418 2116; x_wconf 90' lang='lat' dir='ltr'>accipimus</span> 
     </span>
     <span class='ocr_line' id='line_1_88' title="bbox 1380 2131 2416 2179; baseline 0.001 -11"><span class='ocrx_word' id='word_1_525' title='bbox 1380 2131 1587 2169; x_wconf 89' lang='lat' dir='ltr'>doctorem</span> <span class='ocrx_word' id='word_1_526' title='bbox 1606 2133 1845 2179; x_wconf 86' lang='lat' dir='ltr'>discretum,</span> <span class='ocrx_word' id='word_1_527' title='bbox 1863 2133 1976 2179; x_wconf 78' lang='lat' dir='ltr'>juxta</span> <span class='ocrx_word' id='word_1_528' title='bbox 1994 2132 2097 2169; x_wconf 90' lang='lat' dir='ltr'>illud</span> <span class='ocrx_word' id='word_1_529' title='bbox 2119 2133 2146 2154; x_wconf 82' lang='lat'>¹⁰</span> <span class='ocrx_word' id='word_1_530' title='bbox 2173 2145 2182 2168; x_wconf 77' lang='lat' dir='ltr'><strong><em>z</em></strong></span> <span class='ocrx_word' id='word_1_531' title='bbox 2210 2145 2228 2166; x_wconf 85' lang='lat'>«</span> <span class='ocrx_word' id='word_1_532' title='bbox 2247 2132 2283 2169; x_wconf 91' lang='lat' dir='ltr'>Si</span> <span class='ocrx_word' id='word_1_533' title='bbox 2303 2143 2416 2179; x_wconf 91' lang='lat' dir='ltr'>sepa-</span> 
     </span>
     <span class='ocr_line' id='line_1_89' title="bbox 1378 2194 2413 2242; baseline -0.004 -11"><span class='ocrx_word' id='word_1_534' title='bbox 1378 2194 1528 2231; x_wconf 88' lang='lat' dir='ltr'>raveris</span> <span class='ocrx_word' id='word_1_535' title='bbox 1547 2194 1763 2242; x_wconf 89' lang='lat' dir='ltr'>pretiosum</span> <span class='ocrx_word' id='word_1_536' title='bbox 1782 2206 1806 2232; x_wconf 87' lang='lat' dir='ltr'>a</span> <span class='ocrx_word' id='word_1_537' title='bbox 1823 2194 1907 2240; x_wconf 91' lang='lat' dir='ltr'>vili,</span> <span class='ocrx_word' id='word_1_538' title='bbox 1930 2195 2044 2242; x_wconf 88' lang='lat' dir='ltr'>quasi</span> <span class='ocrx_word' id='word_1_539' title='bbox 2066 2205 2111 2231; x_wconf 93' lang='lat' dir='ltr'>os</span> <span class='ocrx_word' id='word_1_540' title='bbox 2129 2205 2265 2231; x_wconf 90' lang='lat' dir='ltr'>meum</span> <span class='ocrx_word' id='word_1_541' title='bbox 2285 2195 2373 2232; x_wconf 90' lang='lat' dir='ltr'>eris.</span> <span class='ocrx_word' id='word_1_542' title='bbox 2395 2207 2413 2228; x_wconf 90' lang='lat'>»</span> 
     </span>
     <span class='ocr_line' id='line_1_90' title="bbox 1378 2256 2416 2305; baseline -0.001 -11"><span class='ocrx_word' id='word_1_543' title='bbox 1378 2257 1421 2294; x_wconf 90' lang='lat' dir='ltr'>Et</span> <span class='ocrx_word' id='word_1_544' title='bbox 1441 2260 1560 2303; x_wconf 88' lang='lat' dir='ltr'>nota,</span> <span class='ocrx_word' id='word_1_545' title='bbox 1579 2257 1691 2305; x_wconf 89' lang='lat' dir='ltr'>quod</span> <span class='ocrx_word' id='word_1_546' title='bbox 1711 2268 1755 2294; x_wconf 92' lang='lat' dir='ltr'>os</span> <span class='ocrx_word' id='word_1_547' title='bbox 1776 2257 2022 2294; x_wconf 86' lang='lat' dir='ltr'>dominicum</span> <span class='ocrx_word' id='word_1_548' title='bbox 2042 2259 2099 2294; x_wconf 86' lang='lat' dir='ltr'>est</span> <span class='ocrx_word' id='word_1_549' title='bbox 2117 2256 2202 2293; x_wconf 91' lang='lat' dir='ltr'>aliis</span> <span class='ocrx_word' id='word_1_550' title='bbox 2221 2257 2346 2294; x_wconf 90' lang='lat' dir='ltr'>tribus</span> <span class='ocrx_word' id='word_1_551' title='bbox 2368 2257 2416 2293; x_wconf 89' lang='lat' dir='ltr'>de</span> 
     </span>
     <span class='ocr_line' id='line_1_91' title="bbox 1379 2319 2417 2367; baseline 0.001 -12"><span class='ocrx_word' id='word_1_552' title='bbox 1379 2319 1507 2355; x_wconf 89' lang='lat' dir='ltr'>causis</span> <span class='ocrx_word' id='word_1_553' title='bbox 1533 2319 1846 2367; x_wconf 80' lang='lat' dir='ltr'>praeeligendum</span> <span class='ocrx_word' id='word_1_554' title='bbox 1868 2332 1877 2357; x_wconf 91' lang='lat'>:</span> <span class='ocrx_word' id='word_1_555' title='bbox 1903 2322 2039 2367; x_wconf 89' lang='lat' dir='ltr'>utpote</span> <span class='ocrx_word' id='word_1_556' title='bbox 2063 2320 2255 2367; x_wconf 90' lang='lat' dir='ltr'>quoniam</span> <span class='ocrx_word' id='word_1_557' title='bbox 2283 2320 2417 2356; x_wconf 90' lang='lat' dir='ltr'>odori-</span> 
     </span>
     <span class='ocr_line' id='line_1_92' title="bbox 1376 2381 2416 2430; baseline 0.002 -13"><span class='ocrx_word' id='word_1_558' title='bbox 1376 2381 1527 2426; x_wconf 83' lang='lat' dir='ltr'>ferum,</span> <span class='ocrx_word' id='word_1_559' title='bbox 1560 2382 1827 2428; x_wconf 75' lang='lat' dir='ltr'>fructiferum,</span> <span class='ocrx_word' id='word_1_560' title='bbox 1859 2381 2116 2419; x_wconf 85' lang='lat' dir='ltr'>salutiferum.</span> <span class='ocrx_word' id='word_1_561' title='bbox 2148 2385 2309 2430; x_wconf 84' lang='lat' dir='ltr'>Propter</span> <span class='ocrx_word' id='word_1_562' title='bbox 2335 2383 2416 2430; x_wconf 88' lang='lat' dir='ltr'>pri-</span> 
     </span>
     <span class='ocr_line' id='line_1_93' title="bbox 1377 2445 2415 2494; baseline 0.002 -13"><span class='ocrx_word' id='word_1_563' title='bbox 1377 2455 1489 2482; x_wconf 90' lang='lat' dir='ltr'>mum</span> <span class='ocrx_word' id='word_1_564' title='bbox 1513 2449 1570 2482; x_wconf 89' lang='lat' dir='ltr'>est</span> <span class='ocrx_word' id='word_1_565' title='bbox 1601 2445 1847 2482; x_wconf 87' lang='lat' dir='ltr'>audiendum</span> <span class='ocrx_word' id='word_1_566' title='bbox 1875 2445 2066 2491; x_wconf 87' lang='lat' dir='ltr'>libenter3</span> <span class='ocrx_word' id='word_1_567' title='bbox 2091 2449 2253 2494; x_wconf 90' lang='lat' dir='ltr'>propter</span> <span class='ocrx_word' id='word_1_568' title='bbox 2277 2457 2415 2483; x_wconf 91' lang='lat' dir='ltr'>secun-</span> 
     </span>
     <span class='ocr_line' id='line_1_94' title="bbox 1378 2505 2417 2555; baseline 0.003 -13"><span class='ocrx_word' id='word_1_569' title='bbox 1378 2505 1476 2541; x_wconf 89' lang='lat' dir='ltr'>dum</span> <span class='ocrx_word' id='word_1_570' title='bbox 1504 2509 1561 2543; x_wconf 88' lang='lat' dir='ltr'>est</span> <span class='ocrx_word' id='word_1_571' title='bbox 1593 2506 1877 2543; x_wconf 88' lang='lat' dir='ltr'>attendendum</span> <span class='ocrx_word' id='word_1_572' title='bbox 1901 2506 2202 2553; x_wconf 89' lang='lat' dir='ltr'>intelligibiliter</span> <span class='ocrx_word' id='word_1_573' title='bbox 2216 2521 2228 2554; x_wconf 93' lang='lat'>3</span> <span class='ocrx_word' id='word_1_574' title='bbox 2254 2511 2417 2555; x_wconf 80' lang='lat' dir='ltr'>propter</span> 
     </span>
     <span class='ocr_line' id='line_1_95' title="bbox 1378 2567 2416 2616; baseline 0.003 -13"><span class='ocrx_word' id='word_1_575' title='bbox 1378 2567 1533 2604; x_wconf 88' lang='lat' dir='ltr'>tertium</span> <span class='ocrx_word' id='word_1_576' title='bbox 1565 2571 1621 2604; x_wconf 87' lang='lat' dir='ltr'>est</span> <span class='ocrx_word' id='word_1_577' title='bbox 1657 2568 1940 2615; x_wconf 81' lang='lat' dir='ltr'>exequendum</span> <span class='ocrx_word' id='word_1_578' title='bbox 1971 2567 2216 2606; x_wconf 88' lang='lat' dir='ltr'>obedienter.</span> <span class='ocrx_word' id='word_1_579' title='bbox 2250 2571 2302 2606; x_wconf 92' lang='lat' dir='ltr'>De</span> <span class='ocrx_word' id='word_1_580' title='bbox 2333 2569 2416 2616; x_wconf 89' lang='lat' dir='ltr'>pri-</span> 
     </span>
     <span class='ocr_line' id='line_1_96' title="bbox 1376 2628 2412 2678; baseline 0 -12"><span class='ocrx_word' id='word_1_581' title='bbox 1376 2640 1443 2666; x_wconf 91' lang='lat' dir='ltr'>mo</span> <span class='ocrx_word' id='word_1_582' title='bbox 1460 2628 1485 2651; x_wconf 80' lang='lat'>¹¹</span> <span class='ocrx_word' id='word_1_583' title='bbox 1506 2642 1515 2666; x_wconf 79' lang='lat' dir='ltr'>z</span> <span class='ocrx_word' id='word_1_584' title='bbox 1540 2643 1558 2665; x_wconf 79' lang='grc' dir='ltr'>α</span> <span class='ocrx_word' id='word_1_585' title='bbox 1578 2630 1685 2667; x_wconf 91' lang='lat' dir='ltr'>Odor</span> <span class='ocrx_word' id='word_1_586' title='bbox 1704 2631 1783 2667; x_wconf 89' lang='lat' dir='ltr'>oris</span> <span class='ocrx_word' id='word_1_587' title='bbox 1804 2631 1882 2676; x_wconf 87' lang='lat' dir='ltr'>tui,</span> <span class='ocrx_word' id='word_1_588' title='bbox 1909 2630 2008 2667; x_wconf 90' lang='lat' dir='ltr'>sicut</span> <span class='ocrx_word' id='word_1_589' title='bbox 2029 2631 2130 2667; x_wconf 91' lang='lat' dir='ltr'>odor</span> <span class='ocrx_word' id='word_1_590' title='bbox 2149 2631 2372 2678; x_wconf 86' lang='lat' dir='ltr'>malorum3</span> <span class='ocrx_word' id='word_1_591' title='bbox 2393 2645 2412 2667; x_wconf 88' lang='lat'>»</span> 
     </span>
     <span class='ocr_line' id='line_1_97' title="bbox 1380 2691 2416 2741; baseline 0.002 -13"><span class='ocrx_word' id='word_1_592' title='bbox 1380 2702 1471 2728; x_wconf 91' lang='lat' dir='ltr'>ecce</span> <span class='ocrx_word' id='word_1_593' title='bbox 1503 2691 1750 2729; x_wconf 74' lang='lat' dir='ltr'>odoriferum</span> <span class='ocrx_word' id='word_1_594' title='bbox 1790 2696 1954 2741; x_wconf 90' lang='lat' dir='ltr'>propter</span> <span class='ocrx_word' id='word_1_595' title='bbox 1993 2693 2236 2730; x_wconf 86' lang='lat' dir='ltr'>facundiam.</span> <span class='ocrx_word' id='word_1_596' title='bbox 2270 2697 2321 2731; x_wconf 87' lang='lat' dir='ltr'>De</span> <span class='ocrx_word' id='word_1_597' title='bbox 2357 2705 2416 2730; x_wconf 84' lang='lat' dir='ltr'>se-</span> 
     </span>
     <span class='ocr_line' id='line_1_98' title="bbox 1378 2753 2413 2803; baseline 0.005 -14"><span class='ocrx_word' id='word_1_598' title='bbox 1378 2754 1510 2791; x_wconf 89' lang='lat' dir='ltr'>cundo</span> <span class='ocrx_word' id='word_1_599' title='bbox 1532 2753 1560 2777; x_wconf 74' lang='lat'>¹²</span> <span class='ocrx_word' id='word_1_600' title='bbox 1578 2767 1587 2791; x_wconf 77' lang='lat' dir='ltr'>z</span> <span class='ocrx_word' id='word_1_601' title='bbox 1614 2767 1632 2788; x_wconf 89' lang='lat'>«</span> <span class='ocrx_word' id='word_1_602' title='bbox 1651 2756 1699 2792; x_wconf 93' lang='lat' dir='ltr'>Os</span> <span class='ocrx_word' id='word_1_603' title='bbox 1714 2756 1808 2802; x_wconf 87' lang='lat' dir='ltr'>justi</span> <span class='ocrx_word' id='word_1_604' title='bbox 1824 2756 1992 2803; x_wconf 88' lang='lat' dir='ltr'>parturit</span> <span class='ocrx_word' id='word_1_605' title='bbox 2011 2755 2246 2803; x_wconf 85' lang='lat' dir='ltr'>sapientiam</span> <span class='ocrx_word' id='word_1_606' title='bbox 2259 2769 2272 2803; x_wconf 85' lang='lat'>3</span> <span class='ocrx_word' id='word_1_607' title='bbox 2289 2771 2306 2790; x_wconf 87' lang='lat'>»</span> <span class='ocrx_word' id='word_1_608' title='bbox 2323 2767 2413 2793; x_wconf 84' lang='lat' dir='ltr'>ecce</span> 
     </span>
     <span class='ocr_line' id='line_1_99' title="bbox 1378 2816 2412 2866; baseline 0.004 -13"><span class='ocrx_word' id='word_1_609' title='bbox 1378 2828 1422 2854; x_wconf 90' lang='lat' dir='ltr'>os</span> <span class='ocrx_word' id='word_1_610' title='bbox 1455 2816 1697 2855; x_wconf 81' lang='lat' dir='ltr'>fructiferum</span> <span class='ocrx_word' id='word_1_611' title='bbox 1734 2822 1895 2866; x_wconf 89' lang='lat' dir='ltr'>propter</span> <span class='ocrx_word' id='word_1_612' title='bbox 1933 2818 2166 2856; x_wconf 86' lang='lat' dir='ltr'>doctrinam.</span> <span class='ocrx_word' id='word_1_613' title='bbox 2207 2821 2259 2856; x_wconf 91' lang='lat' dir='ltr'>De</span> <span class='ocrx_word' id='word_1_614' title='bbox 2299 2820 2412 2857; x_wconf 88' lang='lat' dir='ltr'>tertio</span> 
     </span>
     <span class='ocr_line' id='line_1_100' title="bbox 1376 2879 2415 2929; baseline 0.002 -13"><span class='ocrx_word' id='word_1_615' title='bbox 1376 2879 1528 2916; x_wconf 87' lang='lat' dir='ltr'>ibidem</span> <span class='ocrx_word' id='word_1_616' title='bbox 1545 2881 1573 2903; x_wconf 83' lang='lat'>¹³</span> <span class='ocrx_word' id='word_1_617' title='bbox 1596 2893 1604 2917; x_wconf 90' lang='lat'>:</span> <span class='ocrx_word' id='word_1_618' title='bbox 1627 2882 1762 2918; x_wconf 64' lang='lat' dir='ltr'>«Vena</span> <span class='ocrx_word' id='word_1_619' title='bbox 1779 2880 1867 2927; x_wconf 85' lang='lat' dir='ltr'>viae,</span> <span class='ocrx_word' id='word_1_620' title='bbox 1882 2892 1926 2919; x_wconf 92' lang='lat' dir='ltr'>os</span> <span class='ocrx_word' id='word_1_621' title='bbox 1947 2881 2035 2929; x_wconf 86' lang='lat' dir='ltr'>justi</span> <span class='ocrx_word' id='word_1_622' title='bbox 2043 2893 2055 2928; x_wconf 87' lang='lat'>3</span> <span class='ocrx_word' id='word_1_623' title='bbox 2069 2896 2086 2917; x_wconf 69' lang='grc' dir='ltr'><strong>η</strong></span> <span class='ocrx_word' id='word_1_624' title='bbox 2110 2893 2200 2920; x_wconf 89' lang='lat' dir='ltr'>ecce</span> <span class='ocrx_word' id='word_1_625' title='bbox 2221 2893 2265 2920; x_wconf 91' lang='lat' dir='ltr'>os</span> <span class='ocrx_word' id='word_1_626' title='bbox 2282 2882 2415 2921; x_wconf 87' lang='lat' dir='ltr'>saluti—</span> 
     </span>
     <span class='ocr_line' id='line_1_101' title="bbox 1375 2941 2019 2991; baseline 0.003 -11"><span class='ocrx_word' id='word_1_627' title='bbox 1375 2941 1503 2980; x_wconf 82' lang='lat' dir='ltr'>ferum</span> <span class='ocrx_word' id='word_1_628' title='bbox 1522 2945 1684 2991; x_wconf 84' lang='lat' dir='ltr'>propter</span> <span class='ocrx_word' id='word_1_629' title='bbox 1702 2943 1826 2981; x_wconf 89' lang='lat' dir='ltr'>vitam</span> <span class='ocrx_word' id='word_1_630' title='bbox 1846 2943 2019 2982; x_wconf 87' lang='lat' dir='ltr'>beatam.</span> 
     </span>
    </p>
   </div>
   <div class='ocr_carea' id='block_1_13' title="bbox 1809 3051 1982 3094">
    <p class='ocr_par' dir='ltr' id='par_1_17' title="bbox 1809 3051 1982 3094">
     <span class='ocr_line' id='line_1_102' title="bbox 1809 3051 1982 3094; baseline 0 -10"><span class='ocrx_word' id='word_1_631' title='bbox 1809 3051 1982 3094; x_wconf 82' lang='lat' dir='ltr'>Epilogus.</span> 
     </span>
    </p>
   </div>
   <div class='ocr_carea' id='block_1_14' title="bbox 1377 3131 2413 3302">
    <p class='ocr_par' dir='ltr' id='par_1_18' title="bbox 1377 3131 2413 3302">
     <span class='ocr_line' id='line_1_103' title="bbox 1425 3131 2413 3180; baseline 0.002 -12"><span class='ocrx_word' id='word_1_632' title='bbox 1425 3131 1521 3168; x_wconf 88' lang='lat' dir='ltr'>Dicit</span> <span class='ocrx_word' id='word_1_633' title='bbox 1558 3142 1654 3179; x_wconf 85' lang='lat' dir='ltr'>ergo</span> <span class='ocrx_word' id='word_1_634' title='bbox 1691 3133 1886 3180; x_wconf 89' lang='lat' dir='ltr'>poenitens</span> <span class='ocrx_word' id='word_1_635' title='bbox 1922 3134 2092 3171; x_wconf 90' lang='lat' dir='ltr'>verbum</span> <span class='ocrx_word' id='word_1_636' title='bbox 2127 3134 2194 3170; x_wconf 88' lang='lat' dir='ltr'>Dei</span> <span class='ocrx_word' id='word_1_637' title='bbox 2225 3134 2413 3180; x_wconf 86' lang='lat' dir='ltr'>sagaciter</span> 
     </span>
     <span class='ocr_line' id='line_1_104' title="bbox 1377 3194 2410 3244; baseline 0.004 -14"><span class='ocrx_word' id='word_1_638' title='bbox 1377 3194 1558 3241; x_wconf 88' lang='lat' dir='ltr'>audiens,</span> <span class='ocrx_word' id='word_1_639' title='bbox 1573 3197 1611 3231; x_wconf 88' lang='lat' dir='ltr'>et</span> <span class='ocrx_word' id='word_1_640' title='bbox 1629 3196 1942 3233; x_wconf 89' lang='lat' dir='ltr'>consolationem</span> <span class='ocrx_word' id='word_1_641' title='bbox 1962 3196 2163 3234; x_wconf 87' lang='lat' dir='ltr'>audiendo</span> <span class='ocrx_word' id='word_1_642' title='bbox 2184 3197 2378 3244; x_wconf 85' lang='lat' dir='ltr'>recipiens</span> <span class='ocrx_word' id='word_1_643' title='bbox 2398 3210 2410 3234; x_wconf 92' lang='grc'>.·</span> 
     </span>
     <span class='ocr_line' id='line_1_105' title="bbox 1380 3259 2410 3302; baseline 0.001 -8"><span class='ocrx_word' id='word_1_644' title='bbox 1380 3259 1423 3294; x_wconf 81' lang='grc' dir='ltr'>Ιιι</span> <span class='ocrx_word' id='word_1_645' title='bbox 1444 3259 1552 3294; x_wconf 73' lang='lat' dir='ltr'>labiis</span> <span class='ocrx_word' id='word_1_646' title='bbox 1571 3261 1680 3302; x_wconf 68' lang='lat' dir='ltr'>mets3</span> <span class='ocrx_word' id='word_1_647' title='bbox 1703 3269 1794 3296; x_wconf 90' lang='lat' dir='ltr'>ecce</span> <span class='ocrx_word' id='word_1_648' title='bbox 1821 3259 1984 3296; x_wconf 86' lang='lat' dir='ltr'>virilitas</span> <span class='ocrx_word' id='word_1_649' title='bbox 2016 3262 2152 3296; x_wconf 87' lang='lat' dir='ltr'>contra</span> <span class='ocrx_word' id='word_1_650' title='bbox 2176 3259 2410 3296; x_wconf 91' lang='lat' dir='ltr'>desidiosos.</span> 
     </span>
    </p>
   </div>
   <div class='ocr_carea' id='block_1_15' title="bbox 1376 3356 2412 3494">
    <p class='ocr_par' dir='ltr' id='par_1_19' title="bbox 1376 3356 2412 3494">
     <span class='ocr_line' id='line_1_106' title="bbox 1376 3356 2410 3398; baseline 0.001 -10"><span class='ocrx_word' id='word_1_651' title='bbox 1376 3363 1455 3398; x_wconf 79' lang='lat' dir='ltr'>xm,</span> <span class='ocrx_word' id='word_1_652' title='bbox 1476 3357 1527 3388; x_wconf 88' lang='lat'>37.</span> <span class='ocrx_word' id='word_1_653' title='bbox 1544 3372 1586 3380; x_wconf 93' lang='grc'>-</span> <span class='ocrx_word' id='word_1_654' title='bbox 1604 3356 1618 3378; x_wconf 81' lang='lat'>&#39;¹</span> <span class='ocrx_word' id='word_1_655' title='bbox 1637 3356 1732 3398; x_wconf 71' lang='lat' dir='ltr'>Sap„</span> <span class='ocrx_word' id='word_1_656' title='bbox 1754 3364 1778 3395; x_wconf 88' lang='lat'>1,</span> <span class='ocrx_word' id='word_1_657' title='bbox 1801 3358 1852 3389; x_wconf 91' lang='grc'><strong>10.</strong></span> <span class='ocrx_word' id='word_1_658' title='bbox 1872 3374 1913 3380; x_wconf 90' lang='grc'>-</span> <span class='ocrx_word' id='word_1_659' title='bbox 1934 3359 1945 3375; x_wconf 76' lang='lat'><strong>⁸</strong></span> <span class='ocrx_word' id='word_1_660' title='bbox 1964 3356 2056 3396; x_wconf 64' lang='lat' dir='ltr'>Luc„</span> <span class='ocrx_word' id='word_1_661' title='bbox 2077 3365 2115 3396; x_wconf 81' lang='grc' dir='ltr'>Η,</span> <span class='ocrx_word' id='word_1_662' title='bbox 2138 3358 2189 3390; x_wconf 86' lang='grc'><strong>19.</strong></span> <span class='ocrx_word' id='word_1_663' title='bbox 2210 3374 2251 3383; x_wconf 93' lang='lat'>—</span> <span class='ocrx_word' id='word_1_664' title='bbox 2269 3357 2284 3380; x_wconf 76' lang='lat'>⁹</span> <span class='ocrx_word' id='word_1_665' title='bbox 2302 3357 2410 3396; x_wconf 67' lang='lat' dir='ltr'>Joan„</span> 
     </span>
     <span class='ocr_line' id='line_1_107' title="bbox 1376 3405 2412 3447; baseline 0 -9"><span class='ocrx_word' id='word_1_666' title='bbox 1376 3413 1434 3447; x_wconf 74' lang='lat' dir='ltr'>xv,</span> <span class='ocrx_word' id='word_1_667' title='bbox 1462 3407 1514 3438; x_wconf 82' lang='grc'><strong>15.</strong></span> <span class='ocrx_word' id='word_1_668' title='bbox 1533 3421 1574 3428; x_wconf 92' lang='grc'>-</span> <span class='ocrx_word' id='word_1_669' title='bbox 1605 3405 1627 3423; x_wconf 86' lang='lat'>¹⁰</span> <span class='ocrx_word' id='word_1_670' title='bbox 1648 3405 1784 3444; x_wconf 72' lang='lat' dir='ltr'>Jerem„</span> <span class='ocrx_word' id='word_1_671' title='bbox 1809 3411 1867 3445; x_wconf 82' lang='lat' dir='ltr'>xv,</span> <span class='ocrx_word' id='word_1_672' title='bbox 1894 3407 1944 3438; x_wconf 83' lang='lat'>19.</span> <span class='ocrx_word' id='word_1_673' title='bbox 1968 3421 2010 3430; x_wconf 87' lang='lat'>—-</span> <span class='ocrx_word' id='word_1_674' title='bbox 2029 3406 2049 3425; x_wconf 85' lang='lat'>¹¹</span> <span class='ocrx_word' id='word_1_675' title='bbox 2079 3406 2191 3447; x_wconf 66' lang='lat' dir='ltr'>Cant„</span> <span class='ocrx_word' id='word_1_676' title='bbox 2220 3413 2287 3447; x_wconf 81' lang='lat' dir='ltr'>vn,</span> <span class='ocrx_word' id='word_1_677' title='bbox 2314 3407 2344 3439; x_wconf 90' lang='lat'>8.</span> <span class='ocrx_word' id='word_1_678' title='bbox 2371 3423 2412 3431; x_wconf 95' lang='lat'>—</span> 
     </span>
     <span class='ocr_line' id='line_1_108' title="bbox 1377 3452 1964 3494; baseline -0.002 -7"><span class='ocrx_word' id='word_1_679' title='bbox 1377 3453 1406 3476; x_wconf 84' lang='lat'>¹²</span> <span class='ocrx_word' id='word_1_680' title='bbox 1422 3453 1533 3494; x_wconf 67' lang='lat' dir='ltr'>Prov„</span> <span class='ocrx_word' id='word_1_681' title='bbox 1553 3460 1591 3493; x_wconf 88' lang='lat' dir='ltr'>x,</span> <span class='ocrx_word' id='word_1_682' title='bbox 1610 3453 1662 3487; x_wconf 87' lang='grc'><strong>31.</strong></span> <span class='ocrx_word' id='word_1_683' title='bbox 1683 3469 1724 3480; x_wconf 86' lang='lat'><em>-</em></span> <span class='ocrx_word' id='word_1_684' title='bbox 1746 3452 1771 3476; x_wconf 79' lang='lat'>¹³</span> <span class='ocrx_word' id='word_1_685' title='bbox 1790 3452 1889 3492; x_wconf 77' lang='lat' dir='ltr'>thid„</span> <span class='ocrx_word' id='word_1_686' title='bbox 1913 3456 1964 3490; x_wconf 89' lang='grc'>11.</span> 
     </span>
    </p>
   </div>
   <div class='ocr_carea' id='block_1_16' title="bbox 2436 2261 2577 2329">
    <p class='ocr_par' dir='ltr' id='par_1_20' title="bbox 2436 2261 2577 2329">
     <span class='ocr_line' id='line_1_109' title="bbox 2472 2261 2577 2288; baseline 0 0"><span class='ocrx_word' id='word_1_687' title='bbox 2472 2262 2512 2288; x_wconf 83' lang='lat' dir='ltr'>Os</span> <span class='ocrx_word' id='word_1_688' title='bbox 2529 2261 2577 2288; x_wconf 85' lang='lat' dir='ltr'>do-</span> 
     </span>
     <span class='ocr_line' id='line_1_110' title="bbox 2436 2302 2577 2329; baseline -0.007 0"><span class='ocrx_word' id='word_1_689' title='bbox 2436 2302 2577 2329; x_wconf 84' lang='lat' dir='ltr'>minicum</span> 
     </span>
    </p>
   </div>
  </div>
 </body>
</html>
