2633 3878
273 236 351 274 430.)

272 320 511 367 fugacitatiS,
542 322 577 355 et
605 316 738 364 ligatio
763 316 945 352 maximae
977 315 1180 361 libertatis,
1203 315 1300 351 sicut

271 382 417 430 patebit
448 382 488 418 in
516 383 684 428 quatuor
711 377 888 415 versibus
920 377 1149 414 subnotatis.
1186 376 1301 420 Quod

274 454 345 491 per
379 444 505 491 ipsam
551 442 725 479 maxima
765 439 927 476 firmitas
963 438 1221 486 inquietetur,
1260 438 1300 474 in

270 503 451 550 praesenti
467 514 584 540 versu
601 503 775 540 docetur.
804 500 906 545 Quid
926 500 1031 536 enim
1052 500 1300 536 firmamento

271 566 446 602 firmius?
466 565 567 610 Quid
599 568 710 601 motu
735 562 966 610 inquietius?
1002 563 1120 597 istum
1149 564 1301 598 motum

270 627 489 675 inquietum
509 627 691 675 exprimit
717 626 785 661 istc
807 634 941 660 versus
968 622 1155 659 divinitus
1179 622 1301 670 impe-

270 692 412 735 ratum,
449 693 486 726 ct
524 689 674 725 coelitus
715 686 987 730 observatum,
1023 685 1300 732 distinguendo

270 760 341 796 per
370 750 621 798 quadruplex
648 749 731 794 ejus
761 746 1000 790 membrum,
1031 746 1242 793 imperans,
1265 750 1302 783 et

272 811 519 859 imperatum,
542 811 771 852 observans,
793 811 829 844 et
851 808 1117 844 observatum.

596 914 783 949 Articulus
817 914 971 959 primus.

316 998 516 1046 lmperans
542 996 759 1038 indicatur,
799 1006 890 1031 cum
923 994 1093 1030 dicitur:
1131 997 1298 1040 Domine3

270 1060 363 1107 quia
386 1059 538 1096 Domini
560 1061 615 1094 cst
642 1058 855 1105 imperare,
884 1055 985 1092 servi
1014 1055 1310 1102 obtemperare..

269 1124 312 1158 Et
336 1125 443 1165 nota,
475 1120 584 1168 quod
613 1119 798 1155 Dominus
835 1121 890 1155 est
910 1117 1030 1155 coelos
1055 1117 1300 1165 ponderans,

268 1184 375 1220 coelis
409 1183 627 1229 imperans,
657 1183 693 1217 et
721 1191 792 1227 per
825 1179 942 1216 eoelos
977 1190 1175 1226 operans:
1201 1189 1301 1226 pon-

269 1245 378 1281 derat
415 1244 519 1280 enim
557 1243 752 1288 virtutem,
790 1242 956 1289 imperat
987 1242 1224 1287 servitutem,
1266 1244 1303 1277 et

267 1306 483 1343 humanam
503 1307 688 1352 operatur
709 1304 888 1339 salutem.
911 1305 961 1339 De
981 1303 1110 1349 primo
1128 1305 1139 1325 ¹
1157 1315 1165 1339 :
1193 1316 1211 1337 «
1233 1305 1302 1339 Do-

268 1368 397 1404 minus
412 1369 509 1403 Deus
523 1367 561 1403 in
575 1365 800 1403 fortitudine
811 1365 962 1411 veniet3
979 1378 996 1399 »
1021 1368 1057 1401 et
1071 1367 1160 1413 post
1173 1376 1302 1412 pauca

267 1429 470 1475 subjungit
490 1441 524 1465 ει(
537 1428 662 1465 Coelos
674 1427 810 1475 palmo
822 1426 1071 1474 ponderavit.
1088 1440 1105 1461 »
1124 1426 1225 1470 Quid
1245 1430 1304 1463 est

268 1492 402 1539 palmo
435 1490 682 1538 ponderare,
709 1489 783 1525 nisi
814 1489 984 1535 figuram
1014 1489 1244 1526 exteriorem
1267 1493 1304 1525 et

267 1556 450 1590 naturam
469 1553 694 1589 interiorem
715 1551 991 1588 considerare?
1016 1550 1171 1587 Palmus
1198 1550 1302 1587 enim

267 1616 433 1663 pertinet
451 1615 502 1652 ad
520 1614 703 1661 figuram,
721 1617 757 1650 et
770 1612 1008 1661 ponderatio
1022 1613 1074 1649 ad
1092 1615 1273 1649 naturam
1293 1625 1300 1648 :

269 1678 363 1725 quia
381 1677 540 1725 palmo,
565 1676 677 1724 quasi
705 1676 874 1721 circino,
897 1675 1043 1711 utimur
1070 1674 1300 1721 figurand03

269 1743 305 1776 et
328 1739 511 1776 virtutem
545 1739 720 1775 nativam
759 1740 796 1774 et
826 1737 1016 1773 motivam
1044 1736 1301 1773 discernimus

268 1801 529 1849 ponderando
555 1813 562 1837 :
585 1812 676 1837 ecce
705 1800 892 1836 Dominus
919 1799 1039 1836 coelos
1058 1799 1300 1846 ponderans.

268 1866 317 1900 De
342 1864 529 1909 secundo,
553 1863 622 1899 ubi
643 1863 741 1899 dixit
765 1873 900 1899 servus
927 1862 1090 1898 domino
1111 1863 1124 1882 ”2
1146 1873 1154 1897 :
1180 1874 1197 1895 α
1232 1863 1303 1897 Do-

268 1926 392 1972 mine,
411 1925 557 1962 factum
578 1928 654 1969 est,
680 1927 722 1961 ut
742 1927 782 1960 tu
803 1923 1050 1971 imperasti.»
1075 1923 1177 1960 Sicut
1198 1923 1302 1959 enim

267 1988 475 2036 imperanti
517 1987 680 2024 domino
727 1986 986 2034 respondetur
1025 1986 1075 2022 ab
1117 1985 1208 2031 illo,
1247 1986 1302 2022 sic

267 2049 475 2098 imperanti
509 2049 675 2086 Domino
709 2047 968 2096 respondetur
1002 2058 1025 2084 a
1064 2046 1193 2083 coelo:
1228 2047 1302 2083 nisi

268 2112 374 2159 quod
396 2111 658 2158 respondetur
687 2110 737 2147 ab
768 2110 837 2147 illo
864 2113 1053 2157 tanquam
1073 2120 1187 2146 servo
1219 2109 1302 2146 ani-

269 2176 393 2219 mato;
417 2174 468 2210 ab
489 2173 562 2210 isto
585 2183 678 2210 vcro
690 2201 701 2219 ‚
722 2176 911 2219 tanquam
937 2182 1050 2208 servo
1071 2171 1300 2208 inanimato.

268 2235 325 2271 Ab
339 2235 408 2272 illo
429 2234 691 2282 respondetur
719 2233 823 2270 dicto
841 2246 850 2279 3
874 2233 923 2269 ab
944 2233 1016 2268 isto
1042 2232 1303 2279 respondetur

268 2297 369 2334 sacto
402 2309 409 2333 :
445 2308 533 2333 ecce
562 2296 749 2333 Dominus
776 2294 882 2331 coelis
912 2294 1122 2341 imperans.
1153 2295 1203 2330 De
1232 2296 1303 2330 ter-

269 2359 322 2395 tio
340 2360 353 2381 ³
379 2371 386 2395 :
421 2373 439 2392 «
467 2359 648 2403 Domine,
679 2357 793 2393 dabis
819 2366 958 2403 pacem
986 2355 1102 2391 nobis
1136 2366 1145 2390 z
1168 2355 1302 2391 omnia

270 2421 375 2456 enim
395 2430 517 2467 opera
540 2422 673 2456 nostra
703 2421 886 2465 operatus
907 2429 947 2454 es
976 2417 1116 2464 nobis;
1144 2431 1161 2451 »
1190 2417 1301 2464 quasi

271 2482 415 2519 diceret
437 2494 444 2517 :
468 2484 629 2527 Domine,
650 2481 753 2517 dabis
776 2491 899 2526 pacem
924 2480 1039 2524 nobis,
1059 2479 1243 2515 videlicet
1261 2479 1302 2515 in

270 2544 376 2581 coelis
391 2557 400 2580 :
414 2546 534 2580 omnia
547 2545 641 2579 enim
661 2553 767 2589 opera
781 2547 918 2587 nostra,
932 2541 1066 2578 salutis
1087 2540 1301 2587 meritoria,

270 2611 436 2653 operatus
477 2617 510 2642 es
548 2607 661 2651 nubis,
694 2605 838 2641 scilicet
875 2604 1138 2641 mediantibus
1178 2604 1299 2650 coelis,

271 2671 460 2716 tanquam
490 2668 653 2704 vivificis
686 2667 915 2704 mortalium
944 2677 1152 2714 corporum
1187 2666 1300 2713 adju-

273 2730 411 2767 mentis
432 2742 439 2765 :
467 2740 554 2767 ecce
576 2729 762 2766 Dominus
777 2740 847 2777 per
867 2728 986 2766 coelos
1006 2739 1188 2776 operans.

592 2837 775 2872 Articulus
795 2835 981 2871 secundus.

324 2919 559 2965 imperatum
579 2917 791 2962 intimatur,
812 2928 901 2954 cum
922 2916 1126 2953 subditur:
1150 2916 1302 2952 Verbum

276 2984 390 3024 tuum,
416 2989 486 3026 per
503 2978 579 3015 hoc
603 2978 820 3015 intimando
848 2981 1000 3014 motum
1031 2978 1154 3014 verbo
1179 2978 1301 3025 impe-

274 3045 416 3078 ratum.
434 3040 657 3077 Notandum
677 3050 770 3085 ergo
791 3050 908 3086 super
927 3040 1002 3075 hoc
1023 3040 1168 3085 verbo,
1191 3040 1302 3086 quod

274 3114 344 3150 per
362 3103 532 3139 Verbum
552 3101 639 3138 coeli
661 3104 751 3137 sunt
768 3100 854 3136 facti
869 3128 880 3146 ,
902 3101 1058 3146 firmati,
1075 3104 1191 3148 atque
1210 3111 1302 3147 por-

275 3166 355 3210 tati,
374 3168 417 3202 ut
434 3164 550 3201 factio
569 3163 756 3200 reseratur
777 3162 828 3199 ad
845 3162 1096 3198 subtilitatem
1118 3162 1301 3199 materia-

274 3226 367 3272 lem,
400 3225 568 3262 firmatio
595 3225 647 3261 ad
687 3224 937 3261 stabilitatem
963 3223 1182 3270 formalem,
1213 3234 1300 3271 por-

277 3289 368 3326 tatio
389 3289 441 3325 ad
459 3288 663 3325 utilitatem
681 3286 854 3323 finalem.
879 3288 928 3322 De
952 3286 1081 3333 primo
1101 3284 1114 3305 ²·
1138 3297 1147 3322 :
1175 3299 1192 3320 «
1213 3286 1301 3322 Om—

275 3351 341 3387 nia
370 3361 441 3398 per
468 3351 598 3398 ipsum
625 3349 725 3386 facta
757 3350 871 3385 sunt:
911 3362 927 3383 »
961 3358 1056 3395 ergo
1094 3347 1182 3384 coeli
1215 3350 1304 3384 sunt

322 3436 327 3452 ¹
351 3435 428 3474 lm„
449 3442 503 3474 xi„
529 3435 577 3474 10,
602 3435 650 3465 12.
666 3450 703 3456 —
724 3433 735 3451 ²
754 3433 845 3473 Luc„
865 3440 937 3472 xiv,
955 3433 1007 3464 22.
1024 3449 1064 3455 —
1083 3431 1096 3454 ³
1113 3433 1190 3472 Isa„
1208 3439 1302 3472 xxvi,

278 3483 328 3513 22.
350 3497 386 3504 -
406 3482 417 3499 ⁴
436 3482 530 3520 Joan,
552 3488 580 3521 1,
601 3482 632 3512 3.
653 3497 692 3503 -—
719 3482 729 3498 ⁵
750 3480 841 3512 Psal.
863 3487 980 3519 xxxii,
1003 3481 1033 3512 6.
1054 3497 1095 3503 —
1113 3479 1127 3502 θ
1146 3477 1259 3518 Ηείηκ,
1279 3486 1301 3518 1,

971 226 1243 269 FXPOSITIO
1274 226 1326 268 IN
1357 226 1706 270 PSAL'I'ERlUM.

1373 317 1496 353 verbo
1532 317 1652 353 facti:
1689 327 1776 354 ecce
1805 316 1918 354 Verbi
1944 317 2106 354 factura.
2141 320 2191 355 De
2222 320 2396 357 secundo

1375 379 1525 415 canitur
1541 380 1554 401 ⁵
1576 391 1584 415 :
1613 393 1629 412 «
1647 379 1773 416 Verbo
1794 378 1947 415 Domini
1967 378 2054 415 coeli
2074 379 2218 416 firmati
2236 384 2325 418 sunt
2345 395 2354 418 z
2377 397 2394 416 »

1375 451 1462 477 ecce
1484 440 1597 477 Verbi
1617 441 1832 477 firmatura.
1854 442 1904 476 De
1921 440 2033 477 tertio
2053 441 2066 462 ⁶
2088 453 2096 476 z
2124 453 2141 474 α
2161 443 2398 490 portansque

1376 503 1508 539 omnia
1527 503 1649 540 verbo
1670 503 1820 539 virtutis
1833 513 1930 539 suae:
1948 515 1963 536 »
1989 512 2076 539 ecce
2096 502 2212 539 Verbi
2226 506 2396 541 vectura.

1709 607 1898 642 Armatus
1925 609 2067 643 tertius.

1424 687 1643 724 Observans
1663 689 1884 733 annotatur,
1905 699 1996 725 cum
2015 689 2219 726 scribitur:
2240 691 2285 726 In
2304 691 2399 732 coelo,

1375 749 1487 794 quasi
1507 758 1620 785 servo
1641 748 1876 794 inanimato,
1896 751 1964 785 tuo
1986 750 2142 787 servitio
2162 750 2400 798 mancipato.

1376 812 1418 846 Et
1432 812 1539 855 nota,
1556 810 1666 857 quod
1681 810 1823 846 coelum
1843 813 1899 847 est
1912 810 2100 848 deiforme
2119 812 2342 858 vestigium,
2361 815 2404 849 ut

1373 871 1509 907 videas
1537 871 1635 918 quid
1664 871 1732 907 tibi
1763 872 1810 907 sit
1838 872 1877 908 in
1903 872 2002 908 coelo
2033 872 2283 920 spiritualiter
2318 873 2405 910 imi-

1374 932 1553 969 tandum.
1581 934 1621 969 ln
1648 933 1745 970 coelo
1781 934 1979 981 siquidem
2004 934 2179 971 invenies
2204 934 2302 972 sicut
2320 935 2406 972 alti-

1376 994 1574 1041 tudinem,
1596 998 1755 1031 ornatus
1775 995 1980 1041 ordinem,
2004 998 2040 1032 ct
2073 998 2284 1033 concentus
2315 995 2404 1033 dul-

1376 1056 1568 1092 cedinem.
1608 1057 1778 1093 Altitudo
1823 1057 2003 1104 congruit
2038 1057 2241 1104 potentiae3
2283 1057 2404 1104 ordo,

1375 1118 1576 1165 sapientiae
1597 1131 1605 1160 ;
1647 1118 1842 1165 dulcedo,
1883 1118 2048 1155 bonitati
2100 1118 2254 1155 divinae.
2298 1119 2406 1156 Tales

1376 1181 1494 1217 coelos
1514 1181 1604 1217 facit
1626 1182 1809 1218 Dominus
1834 1182 1876 1219 in
1894 1182 2091 1220 intellectu
2110 1185 2259 1229 nostro,
2282 1193 2406 1230 quan-

1376 1243 1428 1280 do
1456 1243 1569 1290 ponit
1599 1243 1847 1280 altitudinem
1874 1244 1916 1280 in
1947 1244 2124 1290 objecfo,
2152 1244 2334 1281 ordinem
2364 1244 2405 1280 in

1375 1305 1522 1351 medio,
1544 1308 1580 1342 et
1597 1305 1847 1342 dulcedinem
1867 1306 1908 1342 in
1930 1306 2119 1352 subjecto.
2146 1308 2198 1343 De
2217 1305 2347 1353 primo
2367 1307 2401 1343 ⁷:

1380 1382 1396 1400 «
1422 1368 1677 1404 Altitudinem
1712 1367 1823 1414 coeli,
1860 1371 1896 1404 et
1932 1367 2181 1404 latitudinem
2214 1370 2336 1414 terrae,
2370 1370 2407 1404 et

1374 1429 1618 1476 profundum
1649 1430 1779 1477 abyssi
1813 1429 1900 1477 quis
1930 1429 2130 1466 dimensus
2157 1430 2242 1465 est?
2270 1443 2288 1464 »
2319 1439 2406 1466 ecce

1376 1491 1540 1528 coelestis
1566 1491 1659 1528 situs
1685 1491 1864 1528 altitudo.
1894 1493 1945 1528 De
1973 1491 2146 1528 secundo
2167 1492 2180 1512 s
2203 1503 2211 1526 :
2247 1503 2264 1525 «
2293 1493 2407 1528 Num-

1376 1554 1474 1600 quid
1495 1555 1596 1590 nosti
1616 1554 1797 1590 ordinem
1818 1554 1931 1590 coeli‘?
1954 1568 1970 1588 »
1996 1565 2084 1590 occe
2105 1553 2270 1591 coelestis
2291 1564 2407 1591 orna-

1375 1619 1436 1652 tus
1464 1616 1578 1652 ordo.
1605 1618 1656 1652 De
1684 1616 1794 1652 tertio
1820 1617 1833 1637 ⁹
1861 1629 1870 1651 :
1899 1629 1918 1650 «
1948 1617 2187 1652 Concentum
2212 1616 2298 1653 coeli
2319 1616 2407 1663 quis

1377 1677 1550 1714 dormii·e
1572 1677 1686 1714 faciet
1701 1680 1719 1713 ⁴?
1739 1691 1756 1712 »
1781 1688 1868 1714 ecce
1901 1679 2112 1714 concentus
2135 1677 2298 1714 coelestis
2318 1677 2408 1714 dul-

1377 1739 1495 1786 cedo,
1518 1751 1586 1777 scu
1613 1742 1793 1776 motuum
1812 1739 2039 1787 proportio,
2063 1750 2150 1787 quae
2169 1742 2328 1787 propter
2347 1740 2406 1776 sui

1377 1801 1627 1838 dulcedinem
1655 1801 1814 1837 musicae
1841 1801 2104 1838 consonantiae
2131 1803 2405 1848 comparatur,

1378 1863 1602 1899 testificante
1639 1863 1771 1900 Boetio
1787 1890 1799 1908 ,
1842 1863 1950 1910 quod
1989 1866 2119 1899 motus
2160 1862 2407 1910 superiorum

1378 1935 1591 1972 corporum
1612 1925 1770 1961 musicis
1791 1924 2055 1961 consonantiis
2075 1924 2334 1962 celebrantur.

1703 2030 1891 2065 Articulus
1918 2032 2080 2075 quartus.

1425 2112 1682 2150 Observatum
1702 2111 1955 2156 subnotatur,
1976 2122 2067 2147 cum
2086 2111 2266 2148 scribitur
2288 2123 2296 2147 :
2315 2112 2407 2148 Per·-

1378 2177 1494 2210 manet
1513 2176 1552 2209 in
1579 2177 1767 2217 oeter7zum3
1796 2173 1908 2220 quasi
1930 2173 2058 2210 dicat:
2088 2175 2210 2210 Motus
2236 2173 2304 2220 qui
2337 2183 2407 2220 per

1376 2235 1548 2272 Verbum
1568 2236 1799 2282 imperatur,
1826 2245 1896 2281 per
1925 2234 2069 2271 coelum
2098 2235 2342 2272 observatur.
2365 2236 2406 2271 In

1377 2302 1547 2333 (eternum
1565 2309 1573 2333 :
1596 2307 1677 2333 non
1697 2296 1808 2343 quod
1826 2296 2041 2344 imperetur
2060 2296 2100 2332 in
2121 2298 2323 2341 aeternum,
2341 2299 2406 2332 aut

1378 2358 1606 2395 observetur
1643 2358 1684 2394 in
1718 2361 1905 2394 aeternum
1919 2371 1930 2404 3
1969 2357 2039 2394 sed
2080 2357 2174 2405 quia
2214 2357 2406 2405 quamdiu

1376 2420 1603 2467 imperatur,
1643 2419 1794 2456 tamdiu
1831 2419 2106 2456 observabitur
2134 2419 2175 2455 in
2203 2422 2401 2456 aeternum.

1377 2482 1491 2526 Quod
1508 2482 1539 2517 si
1558 2481 1712 2518 videtur
1729 2481 1915 2528 cuiquam
1930 2480 2104 2526 difficile,
2125 2480 2260 2518 audiat
2279 2491 2406 2518 exem-

1376 2544 1488 2591 plum
1502 2543 1643 2588 simile,
1666 2554 1711 2580 ac
1732 2543 1823 2580 satis
1847 2543 1974 2580 facile.
1993 2545 2090 2589 Vox,
2106 2554 2193 2590 quae
2210 2542 2406 2591 profertur

1377 2606 1428 2642 ab
1461 2617 1542 2652 ore,
1577 2606 1748 2643 defertur
1773 2607 1823 2644 ab
1846 2617 1934 2644 aere
1965 2618 1973 2642 z

1376 2670 1578 2714 aeternum,
1612 2668 1706 2715 quia
1744 2668 2007 2705 necessarium

1376 2730 1595 2777 proferatur
1615 2730 1666 2766 ab
1687 2740 1753 2766 ore
1773 2730 1812 2766 in
1830 2732 2031 2776 aeternum,
2054 2731 2121 2766 aut
2140 2729 2336 2768 deferatur
2354 2730 2404 2768 ab

1379 2802 1467 2828 aere
1504 2792 1544 2827 in
1590 2793 1799 2837 aeternum,
1839 2791 1909 2828 sed
1940 2791 2033 2839 quia
2070 2791 2406 2839 quandocumque

1377 2852 1571 2900 profertur
1600 2852 1650 2889 ab
1685 2863 1776 2897 ore,
1808 2852 1980 2889 defertur
2006 2852 2056 2889 ab
2088 2863 2177 2890 aere
2209 2863 2336 2900 usque
2365 2852 2406 2889 in

1378 2918 1581 2951 aeternum.
1609 2917 1650 2950 Et
1674 2914 1915 2961 notandum,
1944 2915 2054 2963 quod
2077 2917 2220 2952 aeterna
2249 2925 2406 2962 perma-

1377 2976 1509 3013 nentia
1529 2976 1719 3024 reperitur
1741 2976 1781 3012 in
1809 2976 2006 3024 Scriptura
2033 2977 2107 3014 sub
2138 2975 2278 3024 triplici
2299 2976 2407 3014 diffe-

1377 3038 1502 3075 rentia
1530 3050 1537 3073 :
1573 3037 1756 3085 quaedam
1801 3037 1946 3074 scilicet
1982 3038 2154 3076 increata
2173 3050 2185 3084 3
2225 3038 2406 3086 quaedam

1377 3100 1585 3147 imperata3
1622 3099 1809 3146 quaedam
1845 3100 2045 3147 inspirata.
2079 3099 2207 3137 Prima
2244 3099 2406 3147 quidem

1377 3162 1542 3208 pertinet
1579 3161 1631 3198 ad
1663 3160 1906 3198 existentiam
1944 3161 2187 3208 naturalem3
2218 3161 2404 3205 secunda,

1379 3223 1431 3259 ad
1455 3223 1698 3260 influentiam
1723 3223 1971 3271 corporalem
1979 3236 1990 3270 3
2013 3223 2148 3270 tertia,
2170 3223 2222 3260 ad
2241 3223 2406 3269 gratiam

1379 3284 1632 3332 spiritualem.
1655 3287 1705 3322 De
1725 3285 1854 3333 prima
1869 3285 2000 3332 psallit
2020 3285 2212 3332 Propheta
2230 3283 2258 3307 ¹⁰
2279 3296 2290 3319 ε
2313 3296 2332 3318 α
2349 3285 2405 3320 Tu

1380 3350 1526 3394 autem,
1546 3347 1729 3393 Domine,
1749 3347 1790 3384 in
1809 3349 1996 3384 aeternum
2014 3356 2221 3394 permanes
2242 3357 2251 3383 :
2273 3358 2292 3382 »
2315 3355 2404 3383 ecce

1380 3432 1411 3461 3.
1436 3448 1475 3454 -
1494 3431 1508 3453 ⁷
1533 3430 1648 3470 Ecclz'„
1670 3439 1700 3470 1,
1720 3431 1752 3462 2.
1776 3448 1810 3452 —
1837 3431 1847 3449 ⁸
1867 3429 2118 3469 Job‚xxxvl11,
2141 3429 2190 3460 34.
2217 3445 2251 3450 —
2272 3429 2286 3451 ⁹
2306 3428 2404 3471 ibid.‚

1380 3478 1430 3510 37.
1451 3495 1491 3502 —
1513 3479 1537 3500 ¹⁰
1558 3477 1648 3510 Psal.
1674 3485 1719 3518 et,
1741 3479 1793 3509 13.

2469 2498 2563 2525 AEter·

2462 2546 2534 2566 num

2368 2606 2374 2613 ,
2436 2586 2556 2614 quomo-

2012 2607 2088 2644 hoc
2112 2617 2249 2644 verum
2281 2608 2337 2644 est
2364 2617 2404 2643 m
2424 2620 2562 2647 dointel-

2046 2680 2054 2705 ε
2087 2679 2169 2706 non
2206 2670 2300 2716 quia
2326 2660 2545 2705 voxligatur.
