2633 3878
53 1701 194 1736 Lex'qua-

49 1743 186 1778 druplici-

49 1787 92 1812 ter
118 1792 172 1819 ope
179 1799 191 1804 -

48 1825 149 1852 rabilis
154 1844 160 1853 .

53 2508 133 2534 Deus
144 2505 192 2532 tri-

68 2547 182 2582 pliciter

53 2596 108 2615 nos
141 2588 191 2615 de-

52 2629 142 2656 ducit.

1067 209 1310 252 PSALMUS
1341 210 1513 253 valll.

219 307 424 342 universum
441 306 554 342 Israel
570 314 710 350 reqem,
731 299 999 339 collaudando
1025 303 1062 336 et
1089 300 1253 346 conglo-

220 367 416 404 rificando
448 366 656 412 eumdem,
681 367 763 402 tam
794 362 999 410 angelicis,
1029 373 1152 409 quam
1180 362 1253 398 hu-

219 431 346 468 manis
366 430 565 478 spiritibus
583 427 861 477 praesidentem
885 438 894 463 ε
914 425 977 462 hic
997 424 1252 473 apprehende

219 496 340 530 venire
355 495 514 540 perfecto
534 491 648 528 corde.

650 597 820 639 Epilogus.

268 682 322 717 Ex
348 679 407 716 his
438 680 567 726 potest
598 677 811 714 clarescere
839 675 1058 713 intellectus
1082 673 1252 722 prophe-

219 742 316 779 ticus
336 742 377 778 in
406 741 479 778 hac
508 743 616 788 parte
632 753 643 786 ;
675 739 769 776 dicit
799 739 935 776 enim:
964 740 1019 774 Da
1038 739 1128 774 mihi
1148 738 1254 773 intel—

219 806 368 849 lectum,
397 803 510 851 quasi
539 803 636 849 legis
663 802 932 839 considerator
960 800 1139 845 humilis,
1171 809 1252 836 non

216 870 578 914 praesumptuosus;
601 866 646 900 Et
666 864 852 900 scrutabor
872 865 982 909 quem
1000 866 1118 908 tuam,
1139 861 1251 909 quasi

217 927 487 964 considerator
504 926 733 971 virilis,n0n
747 925 981 971 desidiosus;
994 926 1043 961 Ec
1054 925 1252 960 custodiam

215 990 343 1035 illam,
377 988 492 1036 quasi
525 987 796 1025 considerator
827 987 958 1032 utilis,
993 997 1075 1023 non
1105 986 1252 1023 infruc-

215 1053 375 1098 tuosus;
412 1053 457 1087 In
490 1054 561 1087 toto
591 1050 694 1086 corde
720 1060 812 1095 meo,
847 1049 959 1097 quasi
980 1049 1251 1086 considerator

214 1112 454 1158 infallibilis,
472 1123 554 1150 non
574 1111 879 1160 superstitiosus.

577 1260 800 1288 VERSICULUS
824 1261 879 1287 ΙΙΙ.

264 1365 323 1400 35.
337 1362 457 1399 Deduc
474 1373 528 1399 me
547 1364 758 1399 z'nsemitam
778 1362 842 1409 (a),
854 1365 926 1399 etc.
940 1364 989 1399 De
1001 1361 1088 1409 lege
1100 1361 1249 1407 divina,

215 1424 255 1461 iu
277 1426 469 1472 quantum
490 1424 764 1461 desiderabilis
785 1428 822 1462 et
841 1425 1160 1470 consideramus,
1183 1424 1250 1461 de-

212 1486 463 1523 terminatum
483 1489 539 1523 est
557 1487 598 1523 in
618 1486 776 1523 duobus
801 1487 980 1524 versibus
1006 1487 1245 1535 suprascrip-

212 1549 272 1593 tis;
288 1549 328 1585 in
339 1549 415 1585 hoc
429 1549 541 1585 tertio
553 1548 837 1585 determinatur
846 1549 894 1586 de
908 1550 993 1596 ipsa
1005 1549 1046 1585 in
1057 1551 1250 1596 quantum

213 1610 441 1658 operabilis.
467 1612 529 1647 Est
557 1610 675 1657 igitur
704 1621 840 1647 versus
865 1611 983 1657 hujus
1011 1611 1249 1648 continentia

213 1672 570 1721 quadrimembris,
589 1672 809 1709 secundum
826 1673 937 1720 quod
956 1672 1022 1709 lex
1041 1672 1128 1720 ipsa
1148 1683 1247 1720 qua-

214 1734 445 1783 drupliciter
465 1737 521 1771 est
541 1734 767 1782 operabilis.
795 1734 1004 1774 Enimvero
1034 1734 1249 1782 operabilis

212 1800 270 1834 est.
298 1800 420 1834 Deum
452 1796 678 1844 sequendo,
699 1796 1002 1844 prosequendo,
1024 1797 1248 1845 obsequen-

213 1859 286 1906 do,
307 1862 343 1896 et
362 1859 645 1906 consequendo
671 1871 679 1896 :
702 1862 910 1906 operantes
930 1861 1053 1896 Deum
1073 1870 1248 1907 sequun—

212 1924 287 1968 tur,
309 1921 351 1958 in
384 1925 577 1970 quantum
607 1932 886 1969 praeoperans3
920 1923 1246 1969 prosequuntur,

211 1984 252 2021 iu
271 1987 465 2032 quantum
484 1994 702 2032 cooperans
713 1997 724 2031 3
747 1984 1042 2032 obsequuntur,
1064 1984 1106 2020 in
1125 1994 1248 2031 quan-

211 2049 295 2083 tum
313 2046 535 2094 imperans3
557 2048 872 2094 consequuntur,
901 2047 942 2082 in
971 2049 1165 2094 quantum
1186 2056 1248 2083 re-

211 2118 436 2146 munerans.

545 2202 734 2237 Articulus
757 2203 913 2247 primus.

258 2298 455 2342 Quantum
485 2296 537 2334 ad
568 2297 765 2345 primum,
806 2297 948 2333 dicitur
983 2309 992 2332 ε
1028 2297 1148 2333 Deduc
1179 2308 1244 2334 me.

212 2360 295 2396 Vox
314 2362 371 2396 est
391 2359 531 2396 animae
550 2359 680 2396 fidelis
696 2388 709 2405 ,
728 2359 857 2406 legem
877 2369 1033 2396 servare
1053 2358 1221 2396 volentis
1235 2387 1248 2405 ,

214 2431 301 2467 quae
322 2420 415 2456 dicit
434 2421 599 2456 Domino
631 2433 638 2456 :
666 2421 786 2457 Deduc
805 2431 880 2462 me,
913 2432 1000 2468 quae
1020 2431 1165 2467 sequor
1186 2424 1221 2458 te
1235 2449 1248 2466 ,

214 2482 309 2530 quia
337 2485 378 2518 tu
415 2492 680 2529 praeoperans.
716 2482 823 2519 Unde
855 2482 1249 2532 notandum,⁴quod

214 2543 404 2581 Dominus
423 2543 624 2591 tripliciter
643 2555 716 2580 nos
733 2543 907 2590 deducit,
923 2544 1103 2581 videlicet
1123 2548 1250 2582 custo-

214 2606 378 2651 diendo,
400 2606 622 2644 erudiendo
636 2634 648 2652 ‚
666 2606 871 2654 eripiendo
894 2620 904 2642 .·
926 2606 1097 2643 custodit
1115 2607 1220 2644 enim
1235 2636 1247 2653 ,

212 2671 255 2706 ut
274 2671 399 2714 tutor,·
421 2669 563 2714 erudit,
584 2672 627 2706 ut
647 2669 804 2714 doctor3
827 2669 952 2717 eripit,
974 2671 1017 2706 ut
1039 2670 1175 2707 victor.
1196 2672 1247 2707 De

212 2734 341 2782 primo
364 2734 404 2770 ¹:
439 2746 457 2767 «
487 2733 658 2770 Deducet
683 2743 746 2770 me
778 2733 819 2769 in
840 2733 1028 2781 operibus
1058 2733 1156 2770 meis
1185 2744 1248 2771 so-

212 2797 313 2842 brie,
328 2799 364 2833 et
377 2795 571 2833 custodiet
588 2808 651 2833 me
671 2796 713 2832 in
726 2807 797 2833 sua
815 2796 991 2844 potentia
1012 2807 1020 2832 :
1038 2809 1055 2830 n
1074 2796 1248 2843 primum

211 2860 378 2907 pertinet
404 2859 455 2896 ad
482 2859 703 2896 custodiam
733 2859 1008 2905 intrinsecam3
1030 2858 1249 2895 seeundum

214 2921 266 2957 ad
285 2921 557 2972 extrinsecam.
576 2924 626 2958 De
646 2921 821 2958 secundo
842 2921 1024 2957 scribitur
1038 2922 1050 2941 Ξ
1068 2933 1076 2956 :
1097 2933 1116 2953 «
1137 2920 1249 2957 Emit-

214 2989 250 3021 te
278 2984 409 3021 lucem
437 2987 558 3031 tuam,
593 2987 630 3022 et
659 2985 862 3021 veritatem
891 2987 1030 3020 tuam:
1067 2983 1153 3030 ipsa
1184 2993 1248 3019 me

215 3046 477 3093 deduxerunt,
493 3050 528 3084 et
545 3047 799 3084 adduxerunt
817 3047 858 3083 in
874 3048 1051 3082 montem
1069 3048 1248 3082 sanctum

217 3112 340 3155 tuum,
370 3112 407 3145 et
438 3109 479 3145 in
511 3109 766 3146 tabernacula
797 3111 864 3145 tua
875 3121 885 3155 3
918 3122 936 3141 ι)
969 3108 1081 3155 quasi
1116 3107 1246 3144 dicat:

215 3171 379 3208 Immitto
410 3171 609 3219 sapientiae
639 3174 676 3208 et
704 3171 872 3208 scientiae
904 3169 1140 3216 claritatem,
1161 3181 1250 3217 quae

259 3286 268 3307 ¹
290 3285 384 3326 Sap.,
406 3292 454 3326 ix,
477 3286 525 3317 Η.
541 3302 582 3309 -
601 3285 612 3303 ²
630 3283 718 3316 Psul.
736 3291 824 3324 an,
842 3284 873 3315 3.
887 3300 928 3307 —
944 3283 958 3305 ⁸
971 3282 1106 3320 Ηαόαε..
1126 3290 1178 3323 ιιι,
1202 3285 1249 3315 19.

215 3350 254 3356 -
270 3332 284 3354 ’·
304 3334 383 3372 Im„
404 3341 475 3374 Lix,
497 3335 527 3372 4,
548 3333 578 3365 8.
593 3349 635 3356 —
654 3333 664 3351 ⁵
682 3333 794 3372 Proa,
818 3338 854 3373 ιι,
878 3332 928 3370 16,
952 3333 1000 3362 18.
1020 3347 1056 3354 --
1077 3331 1089 3349 ⁴³
1107 3330 1180 3371 Job,
1201 3337 1248 3371 vr,

218 3383 347 3423 13,18.
370 3399 412 3407 —
433 3383 443 3401 ⁷
470 3383 580 3423 Dent„
599 3391 688 3422 xxx,
712 3383 762 3413 11.
786 3398 828 3404 —
853 3381 866 3402 ⁸
893 3380 1007 3420 Hebru,
1033 3387 1102 3421 vn,
1132 3382 1182 3413 18.
1209 3397 1250 3406 —

218 3429 229 3446 ⁹
250 3429 259 3460 Ι
281 3428 389 3471 Ιοαη.,
410 3437 441 3471 ν,
460 3430 491 3463 3.
507 3446 548 3454 -
571 3430 621 3461 ¹⁰1
643 3429 734 3470 Cor„
753 3435 834 3469 xiil,
851 3428 883 3460 2.

2283 217 2358 255 365

1327 300 1521 347 dirigunt,
1550 303 1587 336 et
1618 300 1772 346 erigunt
1800 300 1851 337 ad
1874 302 1937 338 Dei
1967 304 2003 339 et
2030 302 2200 350 proximi
2232 303 2358 340 chari-

1327 365 1458 401 tatem.
1483 365 1534 400 De
1554 364 1664 400 tertio
1686 366 1698 386 ³
1720 377 1728 400 :
1765 378 1782 398 «
1808 366 1930 412 Super
1950 366 2102 403 excelsa
2122 377 2211 404 mea
2232 367 2357 404 dedu-

1327 428 1387 462 cet
1412 437 1474 462 me
1500 426 1624 463 victor
1651 426 1692 463 in
1723 427 1885 474 psalmis
1923 432 2146 475 canentem3
2184 444 2201 462 n
2243 441 2288 466 ac
2325 430 2357 466 si

1327 489 1460 526 dicat:
1489 489 1560 533 Qui
1592 489 1684 526 vicit
1712 490 1930 534 mundum,
1953 491 2120 528 deducet
2149 504 2211 530 me
2241 504 2358 541 super

1326 550 1480 587 excelsa
1499 550 1639 588 mundi
1658 552 1872 589 tentamina
1891 552 2173 590 laetabundum.

1643 659 1831 695 Articulus
1854 658 2040 695 secundus.

1375 740 1570 783 Quantum
1590 740 1642 777 ad
1662 741 1896 787 secundum,
1912 740 2071 778 additur
2088 753 2096 777 z
2119 743 2163 777 In
2180 743 2358 787 semitam,

1327 811 1408 848 qua
1437 811 1659 849 prosequor
1693 805 1751 849 te,
1779 803 1872 850 quia
1902 806 1941 840 tu
1973 813 2204 850 cooperans.
2238 805 2357 848 Nota,

1328 863 1439 910 quod
1463 863 1547 906 brec
1575 863 1713 900 semita
1737 866 1794 900 est
1824 864 1970 901 semitce
1987 865 2208 912 ffmundanae
2234 876 2360 913 oppo-

1326 924 1417 970 sita,
1449 925 1594 963 scilicet
1628 925 1774 962 semitae
1814 926 2008 971 vanitatis,
2046 927 2284 974 voluptatis,
2324 930 2360 964 et

1327 987 1548 1034 cupiditatis
1570 999 1578 1024 ε
1619 998 1788 1036 quarum
1818 988 1946 1035 prima
1973 988 2114 1025 dicitur
2139 989 2358 1034 incurvata,

1325 1049 1500 1086 secunda
1534 1049 1734 1095 inclinata,
1771 1049 1883 1088 tertia
1916 1050 2108 1088 involuta.
2144 1053 2194 1088 De
2231 1051 2359 1098 prima

1325 1110 1508 1148 scribitur
1528 1112 1563 1148 ὦ;
1591 1111 1831 1149 «confidunt
1848 1112 1889 1148 in
1908 1112 2033 1149 nihilo
2050 1112 2112 1160 (b),
2135 1115 2171 1149 et
2190 1113 2360 1160 loquun-

1326 1175 1387 1210 tur
1408 1173 1616 1220 vanitates3
1629 1187 1644 1208 ι)
1659 1177 1697 1214 et
1717 1174 1818 1212 infra
1836 1186 1844 1210 z
1863 1187 1880 1208 κ
1900 1175 2051 1212 semitae
2068 1186 2206 1212 eorum
2227 1176 2356 1212 ineur-

1324 1237 1423 1272 vatae
1455 1238 1545 1272 sunt
1580 1237 1634 1273 eis
1658 1248 1665 1273 :
1689 1250 1706 1271 »
1731 1247 1819 1274 ecce
1853 1237 2032 1274 vanitatis
2061 1237 2198 1275 semita
2231 1238 2360 1274 incur-

1324 1301 1428 1335 vata.
1460 1300 1510 1334 De
1543 1299 1716 1336 secunda
1749 1301 1793 1337 ⁵:
1829 1313 1846 1334 «
1875 1302 1917 1337 Ut
1948 1301 2096 1337 eruaris
2135 1311 2158 1336 a
2194 1300 2358 1338 muliere

1325 1360 1473 1407 aliena3
1489 1374 1506 1394 η
1532 1363 1568 1397 et
1587 1361 1689 1398 infra
1710 1375 1720 1398 ε
1748 1375 1765 1395 ε(
1780 1362 1965 1399 Inclinata
1985 1362 2090 1399 enim
2110 1364 2166 1399 est
2186 1363 2237 1399 ad
2256 1373 2359 1400 mor-

1324 1424 1402 1459 tem
1423 1423 1566 1460 domus
1587 1424 1618 1470 ej
1628 1435 1692 1476 us&
1707 1426 1743 1460 et
1763 1424 1814 1460 ad
1833 1424 1977 1461 inferos
1996 1425 2141 1461 semitae
2161 1425 2282 1473 ipsius
2304 1438 2315 1460 .-
2338 1439 2354 1457 »

1325 1495 1414 1522 ecce
1448 1485 1661 1533 voluptatis
1692 1485 1829 1522 semita
1861 1486 2059 1523 inclinata.
2098 1489 2147 1523 De
2184 1487 2293 1524 lertIa
2313 1489 2355 1523 ⁶:

1329 1561 1346 1581 α
1367 1551 1461 1584 Ecce
1481 1558 1562 1584 non
1583 1550 1639 1585 est
1659 1548 1848 1584 auxilium
1874 1548 1970 1584 mihi
1989 1548 2030 1584 in
2049 1560 2127 1595 me,
2150 1550 2359 1586 necessarii

1325 1621 1486 1658 quoque
1505 1610 1583 1647 mei
1602 1613 1845 1647 recesserunt
1864 1621 1887 1647 a
1901 1621 1983 1657 me:
2010 1625 2026 1644 n
2052 1615 2088 1648 et
2109 1611 2209 1648 infra
2229 1623 2237 1647 :
2265 1625 2282 1645 «
2298 1613 2357 1648 ln-

1323 1671 1468 1709 volutae
1489 1673 1580 1708 sunt
1598 1672 1744 1708 semitae
1763 1682 1968 1718 gressuum
1997 1683 2154 1719 eorum3
2179 1673 2360 1710 ambula-

1323 1735 1465 1771 verunt
1492 1733 1533 1770 in
1561 1744 1757 1781 vacuum,
1788 1736 1825 1770 et
1855 1734 2040 1782 peribunt
2061 1747 2069 1771 :
2092 1748 2110 1770 »
2141 1746 2229 1772 eece
2251 1736 2360 1783 cupi—

1325 1795 1456 1833 ditatis
1475 1795 1614 1833 semita
1634 1796 1824 1833 involuta.

1666 1901 1853 1937 Articulus
1875 1903 2013 1938 tertius.

1373 1985 1568 2028 Quantum
1597 1985 1648 2021 ad
1675 1985 1832 2022 tertium
1861 1985 2071 2023 subditur:
2097 1987 2355 2024 Mandatorum

1325 2050 1478 2084 tuorum.
1510 2047 1574 2083 Hic
1600 2047 1780 2084 semitam
1800 2048 2018 2095 specificat,
2041 2060 2120 2096 qua
2146 2060 2186 2086 se
2211 2049 2356 2087 deduci

1323 2109 1530 2157 supplicat.
1553 2111 1594 2146 ln
1615 2121 1694 2157 quo
1709 2110 1790 2147 duo
1810 2112 1987 2157 patenter
2006 2111 2196 2158 implicat,
2220 2115 2354 2160 utpote

1324 2182 1364 2208 se
1395 2172 1702 2219 obsequentem,
1734 2175 1770 2209 et
1799 2172 1913 2209 illum
1944 2173 2217 2221 imperantem.
2248 2175 2355 2211 Unde

1323 2234 1567 2281 notandum,
1589 2234 1700 2282 quod
1719 2234 1842 2271 tribus
1867 2235 1916 2271 de
1943 2235 2068 2272 causis
2087 2239 2143 2272 est
2160 2237 2357 2274 mandatis

1325 2295 1534 2333 Dominicis
1571 2297 1874 2345 obsequendum
1906 2309 1913 2334 :
1946 2300 2107 2345 utputa,
2143 2299 2238 2346 quia
2275 2310 2356 2336 non

1323 2357 1606 2406 impossibilia,
1635 2370 1716 2396 non
1745 2359 1920 2406 inutilia,
1941 2371 2020 2398 non
2047 2360 2222 2398 difficilia
2245 2373 2253 2398 ε
2284 2372 2355 2399 nec

1324 2421 1429 2457 enim
1457 2424 1547 2457 sunt
1573 2422 1833 2469 impossibilia
1867 2423 2060 2469 credenti,
2099 2435 2170 2461 nec
2204 2424 2357 2462 inutilia

1324 2483 1516 2530 speranti,
1542 2494 1615 2520 nec
1647 2484 1825 2521 difficilia
1856 2485 2047 2531 diligenti.
2082 2488 2132 2522 De
2160 2487 2289 2533 primo
2309 2488 2322 2509 ⁷
2345 2499 2353 2523 :

1329 2557 1346 2578 «
1366 2545 1590 2582 Mandatum
1605 2546 1694 2592 hoc,
1711 2547 1821 2594 quod
1836 2558 1910 2594 ego
1925 2548 2110 2595 praecipio
2131 2549 2200 2585 tibi
2220 2549 2354 2593 hodie,

1324 2618 1406 2644 non
1437 2618 1556 2656 supra
1588 2611 1622 2644 te
1651 2611 1720 2645 est.
1751 2622 1769 2642 n
1803 2609 1919 2646 Plane
1948 2621 2068 2658 supra
2099 2614 2134 2647 te
2162 2621 2243 2648 non
2277 2616 2354 2657 est,

1325 2671 1435 2719 quod
1451 2682 1522 2719 per
1540 2674 1577 2708 te
1593 2671 1678 2708 fieri
1697 2675 1846 2719 potest3
1866 2684 1988 2720 supra
2006 2676 2040 2710 te
2060 2684 2142 2711 non
2160 2677 2228 2720 est,
2245 2675 2356 2723 quod

1323 2734 1506 2781 potentiae
1532 2737 1608 2770 tuae
1638 2733 1782 2771 subest.
1802 2736 1862 2780 ⁸De
1895 2736 2070 2772 secundo
2091 2737 2103 2757 ⁸
2127 2749 2135 2772 :
2164 2750 2181 2770 «
2209 2739 2357 2785 Repro-

1324 2796 1432 2833 batio
1452 2796 1495 2833 fit
1524 2796 1777 2844 praecedentis
1798 2797 1974 2834 mandati
2002 2801 2161 2846 propter
2192 2799 2358 2835 infirmi-

1324 2860 1442 2895 tatem
1462 2859 1567 2905 ejuS,
1589 2861 1626 2895 et
1658 2858 1918 2896 inutilitatem.
1948 2873 1964 2893 ι)
1990 2860 2055 2896 Hic
2093 2871 2302 2908 possumus
2335 2873 2358 2898 a

1325 2921 1523 2958 contrario
1541 2931 1656 2958 sensu
1674 2921 1926 2968 concludere,
1948 2922 2059 2969 quod
2079 2923 2110 2959 si
2125 2923 2357 2960 mandatum

1323 2983 1581 3030 reprobatum
1618 2984 1689 3021 suit
1725 2985 1886 3031 inutile,
1933 2985 2031 3022 sicut
2066 2986 2356 3030 caeremoniale,

1325 3045 1559 3082 mandatum
1593 3039 1966 3094 non'reprobamm
1998 3046 2069 3084 suit
2105 3048 2221 3093 utile,
2259 3048 2357 3084 sicut

1325 3107 1490 3145 morale.
1511 3111 1561 3145 De
1584 3109 1694 3146 tertio
1715 3111 1728 3132 ⁹
1751 3121 1759 3146 :
1782 3124 1800 3143 «
1820 3109 1998 3147 Mandata
2017 3111 2100 3157 eJ'us
2118 3110 2253 3157 gravia
2273 3121 2355 3147 non

1323 3172 1425 3206 sunt.
1450 3184 1468 3204 »
1490 3170 1607 3208 Plane
1627 3171 1762 3218 gravia
1782 3182 1861 3208 non
1887 3176 1999 3219 sunt,
2020 3173 2094 3208 nisi
2119 3173 2166 3208 iis
2186 3172 2253 3220 qui
2273 3183 2354 3209 non

1323 3235 1432 3279 sunt;
1455 3233 1592 3280 quales
1619 3237 1727 3277 sunt,
1758 3235 1826 3282 qui
1853 3234 1893 3271 in
1919 3234 2104 3271 charitate
2129 3244 2210 3270 non
2243 3236 2353 3279 sunt,

1323 3297 1417 3332 teste
1437 3295 1623 3343 Apostolo
1644 3296 1684 3332 ¹⁰.

1365 3379 1412 3420 (a)
1435 3380 1516 3411 Caet.
1539 3379 1620 3411 edit.
1640 3381 1775 3420 semita,
1802 3382 1835 3412 et
1861 3381 1908 3412 sic
1928 3380 2101 3421 deinceps.
2124 3397 2165 3405 -
2191 3380 2239 3422 (b)
2269 3381 2351 3417 Caet„

1323 3426 1405 3460 edit.
1429 3426 1538 3459 nihili.

2380 885 2499 912 semita.

2395 2257 2515 2283 Manda-

2395 2299 2432 2325 tis
2446 2300 2497 2326 Dei

2377 2340 2469 2367 tribus
2482 2341 2516 2368 de

2402 2383 2498 2407 smmis

2377 2422 2515 2450 obedien-

2376 2463 2456 2491 dum.
