2633 3878
1041 264 1282 307 PSALMUS
1314 267 1487 310 CXVIII.

193 356 426 395 venditionis
446 356 608 393 moralis
636 366 796 394 eausam
829 353 1096 400 materialem3
1119 355 1147 390 A
1169 365 1226 391 ca-

192 423 359 463 lumniz's,
389 421 581 468 quantum
619 419 670 456 ad
707 418 911 455 elisionem
929 445 940 462 ‚
967 427 1037 453 seu
1066 427 1226 454 causam

191 482 399 520 formalem
409 494 420 528 3
446 483 663 527 Hominum,
692 483 884 528 quantum
910 478 961 515 ad
991 478 1224 523 elidentem,

192 556 260 582 seu
280 555 440 582 causam
461 543 693 581 efficientem
709 555 720 588 3
756 545 797 578 Π
819 541 1017 578 custodiam
1050 541 1226 577 intitulata

192 612 274 654 tua,
296 608 489 655 quantum
508 606 559 643 ad
583 606 763 643 effectum
790 607 1095 651 consequentem
1112 632 1122 649 ,
1156 615 1224 641 seu

194 680 353 707 causam
371 669 547 706 finalem.

552 814 773 842 VBRSlCULUS
803 815 866 841 vlt.

242 920 324 955 135.
353 920 493 955 Faciem
514 922 613 954 tuam
633 919 824 963 illumina,
846 919 917 954 etc.
940 918 1119 962 Quonam
1139 927 1224 954 mo·

193 981 245 1018 do
266 981 460 1028 sapientia
480 980 615 1017 divina
637 981 761 1027 justos
782 980 941 1026 dirigit,
963 982 997 1016 et
1019 979 1136 1015 ctiam
1158 979 1226 1016 eli-

191 1053 255 1079 sos
275 1042 414 1089 erigit,
437 1042 477 1078 in
498 1042 656 1078 duobus
676 1041 884 1089 praemissis
905 1041 1084 1078 versibus
1105 1041 1225 1078 enite-

190 1105 277 1152 scit3
300 1115 476 1152 quonam
494 1107 611 1153 pacto
633 1116 754 1141 caecos
773 1104 992 1150 illuminat,
1012 1105 1075 1141 hic
1096 1115 1227 1142 corus-

191 1170 264 1205 cat.
313 1167 547 1214 Plerumque
592 1167 758 1203 Domino
789 1166 1034 1214 permittente
1052 1195 1063 1212 ,
1097 1167 1228 1205 bonus

191 1231 340 1268 activus
358 1241 429 1278 per
449 1241 626 1267 amorem
642 1233 904 1275 terrenorum,
919 1230 1031 1277 quasi
1053 1229 1227 1266 calorem

190 1295 428 1339 stercorum,
458 1295 693 1339 excaecatum
729 1292 799 1329 sed
830 1292 1023 1340 denique,
1061 1291 1226 1329 Domino

190 1356 395 1401 visitante,
423 1365 495 1403 per
526 1366 704 1392 amaram
740 1355 1109 1402 compunctionem,
1146 1356 1227 1391 tan-

191 1429 313 1466 quam
332 1417 432 1454 fellis
450 1417 677 1454 unctionem
695 1445 707 1462 ,
730 1419 901 1460 curatur,
923 1420 959 1454 et
981 1417 1032 1454 ad
1053 1417 1228 1465 specula-

192 1481 338 1517 tionem
375 1469 591 1517 coelestium
625 1482 846 1517 revocatur.
889 1479 944 1516 Ad
980 1479 1057 1516 hoc
1093 1479 1198 1516 enim
1215 1508 1226 1526 ,

192 1542 303 1590 quod
322 1542 539 1579 obscuritas
560 1542 763 1590 sapientiae
781 1553 852 1590 per
885 1541 1228 1589 contemplationis

190 1604 474 1652 perspicaciam
493 1604 726 1650 declaretur,
758 1606 913 1651 oportet
934 1605 1043 1652 quod
1065 1602 1227 1650 impuri-

191 1668 247 1703 tas
265 1665 532 1712 intelligentiae
551 1676 623 1713 per
655 1666 970 1712 compunctionis
1009 1666 1228 1703 amaritiem

191 1730 416 1777 depuretur.
440 1729 519 1766 Sub
539 1728 671 1776 figura
712 1729 797 1765 talis
829 1730 918 1765 caeci
951 1729 1107 1766 videtur
1134 1731 1227 1766 Pro·

189 1792 306 1840 pheta
324 1791 496 1839 precari,
518 1790 629 1838 quod
650 1790 785 1828 divina
807 1791 1029 1828 declaretur
1049 1792 1226 1828 obscuri-

191 1858 271 1900 tas,
293 1858 330 1892 et
353 1855 528 1892 humana
558 1855 770 1903 depuretur
803 1855 1020 1903 impuritas.
1051 1856 1154 1892 Sicut
1182 1866 1229 1892 ex

193 1917 303 1954 dictis
324 1916 482 1963 eminet,
504 1928 640 1954 versus
660 1917 730 1953 iste
751 1920 922 1965 quatuor
940 1917 1111 1954 continet
1134 1930 1142 1954 ε
1163 1916 1229 1954 ob-

192 1978 412 2015 scuritatem
431 2008 441 2025 ,
474 1981 510 2015 et
541 1980 626 2026 ejus
660 1979 988 2026 deelarat10n0m3
1022 1979 1228 2027 impurita-

191 2044 289 2087 tem,
316 2044 351 2078 et
380 2041 463 2088 ejus
483 2041 797 2089 depurationem.
833 2042 1053 2079 obscuritas
1082 2044 1230 2090 spectat

192 2103 244 2139 ad
263 2103 514 2151 sapientiam3
544 2103 778 2149 declaratio,
806 2103 857 2141 ad
886 2104 1229 2152 contemplationis

191 2165 476 2214 perspicaciam
493 2178 503 2211 3
539 2166 765 2214 impuritas,
810 2166 861 2203 ad
896 2166 1193 2213 intelligentiam
1215 2180 1225 2214 3

193 2229 399 2277 depuratio
410 2256 421 2276 ,
440 2229 492 2266 ad
510 2229 825 2277 compunctionis
845 2230 1076 2267 amaritiem.

527 2333 716 2369 Articulus
742 2335 893 2379 primus.

241 2417 417 2454 Primum
431 2444 443 2462 ,
470 2416 616 2454 seilicet
635 2417 913 2454 obscuritatem
933 2416 1153 2464 sapientiae,
1173 2417 1229 2453 in-

193 2479 374 2525 sinuans,
394 2478 448 2515 ait
470 2491 477 2514 :
500 2480 641 2515 Faciem
662 2483 774 2515 tuam.
806 2480 956 2516 Revera
987 2489 1057 2525 per
1088 2479 1229 2515 faciem

193 2542 435 2589 significatur
455 2541 664 2589 sapientia,
685 2544 846 2589 propter
885 2541 957 2577 tria
987 2540 1100 2577 i'aciei
1130 2540 1230 2577 acci—

195 2605 348 2651 dentia,
379 2615 465 2653 quae
499 2607 588 2640 sunt
613 2604 792 2649 scientia,
825 2603 969 2650 gratia,
997 2604 1227 2640 reverentia.

195 2667 299 2705 Sicut
319 2667 424 2704 enim
443 2667 566 2703 homo
588 2666 756 2703 exterior
776 2665 1015 2711 notificatur,
1036 2665 1230 2712 gratifica-

194 2734 269 2777 tur,
294 2730 583 2778 magnificatur,
618 2732 779 2777 propter
810 2728 922 2766 faciei
958 2729 1126 2766 carnalis
1154 2729 1232 2766 ele-

195 2793 368 2840 gantiam
380 2805 392 2839 3
414 2793 468 2828 sic
484 2792 606 2829 homo
621 2792 795 2837 interior,
807 2794 968 2839 propter
981 2791 1226 2840 sapientiam.

197 2858 246 2892 De
259 2855 389 2903 primo
407 2854 506 2891 dixit
519 2856 668 2901 Moyses
687 2853 850 2890 Domino
868 2853 876 2874 ¹
894 2866 902 2890 :
922 2854 1119 2892 «Ostende
1133 2855 1230 2892 mihi

193 2920 334 2957 faciem
348 2923 476 2965 tuam,
493 2921 537 2956 ut
552 2919 675 2956 sciam
695 2922 731 2955 te
749 2932 757 2956 ;
774 2933 790 2953 »
817 2930 905 2956 ecce
920 2919 1036 2956 faciei
1055 2920 1227 2957 scientia.

197 2985 246 3019 Ile
264 2982 439 3019 secundo
458 2992 604 3029 sponsa
627 2981 723 3018 dixit
741 2981 793 3019 ad
806 2992 998 3030 sponsum
1011 2981 1025 3001 ²
1044 2995 1051 3018 ι
1069 2996 1086 3016 (t
1100 2983 1231 3019 Facies

197 3047 262 3080 tua
291 3043 411 3091 plena
439 3046 494 3080 est
517 3043 760 3090 gratiarum:
783 3058 801 3079 »
832 3055 920 3081 ecce
952 3044 1063 3081 faciei
1091 3045 1228 3091 gratia.

197 3108 247 3142 De
267 3105 379 3143 tertio
394 3106 407 3128 ³
429 3117 437 3142 :
455 3118 471 3139 «
485 3106 765 3154 Reverltusque
784 3106 926 3143 faciem
945 3117 1099 3153 meam,
1118 3107 1232 3143 scidi-

195 3167 240 3205 sti
262 3167 491 3204 vestimenta
524 3170 610 3214 tua,
642 3170 678 3205 et
707 3168 848 3205 flevisti
875 3179 1009 3205 coram
1040 3180 1103 3205 me
1113 3180 1124 3214 3
1156 3179 1230 3216 ego

195 3240 357 3278 quoque
378 3230 561 3267 exaudivi
580 3232 639 3276 te,
662 3230 754 3267 dicit
773 3231 962 3267 Dominus
981 3243 989 3267 :
1013 3245 1031 3266 n
1054 3241 1144 3269 ecce
1175 3231 1231 3270 fa-

196 3292 268 3329 ciei
300 3291 530 3329 reverentia.
567 3294 651 3328 llice
687 3296 743 3329 est
770 3292 888 3329 facies
920 3292 1077 3339 divina,
1110 3304 1231 3342 quam

197 3354 327 3402 angeli
345 3354 462 3391 nobis
481 3354 629 3399 velant,
647 3365 737 3391 cum
753 3355 1035 3392 meditantibus
1053 3356 1230 3394 divinam

197 3416 427 3464 sapientiam
446 3427 529 3454 non
548 3416 748 3463 revelant,
763 3417 862 3454 sicut
879 3418 1111 3466 prophetico
1131 3418 1230 3467 figu-

240 3502 250 3523 ¹
271 3501 597 3542 Exod.,xxxi11‚13.
611 3520 652 3525 -
666 3504 676 3520 ²
691 3501 800 3542 Esc'h„
821 3510 877 3542 xv,
902 3504 950 3534 17.
965 3519 1003 3526 -
1021 3503 1078 3534 811
1097 3504 1228 3543 Par-al„

200 3555 316 3589 xxxiv,
345 3549 395 3581 27.
423 3566 462 3572 —
490 3551 499 3568 ⁶
532 3551 610 3586 Isca„
637 3557 690 3590 vi,
722 3554 751 3583 2.
780 3567 817 3573 -
844 3551 857 3572 ¹⁸
881 3550 969 3583 Psal.
1000 3558 1090 3591 xvu,
1118 3552 1169 3584 32.
1193 3570 1227 3575 ——

2251 275 2324 313 491

1300 359 1407 394 ratur
1426 356 1611 405 eloquio,
1633 357 1702 393 ubi
1718 358 1887 405 legimus
1906 358 1918 379 ⁴
1940 372 1948 396 :
1968 373 1985 394 u
2000 360 2157 398 Duabus
2176 360 2247 397 alis
2265 371 2330 398 ve-

1300 418 1435 456 labant
1453 418 1594 457 faciem
1614 419 1710 466 eJus.
1732 433 1749 453 η

1618 525 1808 560 Articulus
1826 525 2008 561 sccundus.

1350 606 1594 652 Secundum,
1616 606 1761 644 scilicet
1781 606 2111 654 declarationem,
2131 609 2329 656 indicans,

1301 667 1430 715 inquit
1452 679 1460 703 :
1481 669 1667 704 lllumina.
1693 668 1847 706 Faciem
1880 669 2027 717 quippe
2055 670 2208 706 Domini
2227 671 2334 708 velut

1301 729 1472 766 velatam
1491 731 1586 778 petit
1605 731 1822 769 illuminari
1837 759 1848 778 ,
1871 732 2082 768 obscuram
2101 731 2333 779 sapientiam

1303 791 1517 839 declarari;
1541 793 1651 840 quod
1685 794 1848 831 efficitur
1875 805 1946 843 per
1982 794 2133 831 tertiam
2163 795 2335 831 contem-

1301 854 1487 901 plationis
1507 854 1725 901 actionem,
1746 867 1868 903 quam
1889 856 2056 893 dicimus
2079 856 2334 894 illuminatio-

1301 926 1405 953 nem.
1429 916 1495 954 Hic
1515 919 1627 964 potes
1646 920 1803 963 notare,
1825 918 1936 965 quod
1963 918 2164 966 tripliciter
2183 919 2334 956 contin-

1303 978 1357 1024 git
1372 978 1613 1025 illuminare,
1634 979 1782 1016 scilicet
1800 979 2054 1027 deponendo,
2069 980 2333 1028 disponendo,

1303 1041 1555 1089 exponendo.
1585 1041 1715 1078 Primo
1740 1042 1863 1079 modo
1884 1041 2127 1079 illuminatur
2145 1042 2334 1088 ignoran-

1303 1102 1354 1139 tia
1363 1116 1372 1148 3
1397 1103 1591 1149 secundo,
1613 1103 1888 1150 intelligentia3
1911 1104 2036 1150 tertio,
2058 1104 2262 1152 sapientia.
2284 1107 2335 1142 De

1302 1164 1431 1212 primo
1452 1165 1595 1204 dicitur
1624 1176 1691 1202 ore
1718 1165 1950 1214 prophetico
1970 1166 1983 1188 ⁵
2005 1179 2014 1203 :
2041 1179 2058 1200 α
2075 1166 2257 1204 lllumina
2280 1169 2336 1204 te-

1304 1227 1447 1264 nebras
1467 1238 1576 1264 meas
1600 1240 1608 1265 ;
1628 1242 1645 1263 n
1671 1239 1758 1265 eece
1777 1227 2013 1266 illuminatio
2034 1228 2266 1276 depositiva.
2284 1231 2335 1266 De

1303 1290 1478 1327 secundo
1500 1290 1681 1328 scribitur
1697 1291 1799 1338 stylo
1821 1290 2003 1328 davidico
2021 1293 2034 1314 ⁶
2057 1304 2066 1328 :
2087 1293 2171 1328 «Tu
2189 1291 2335 1328 illumi-

1303 1363 1402 1390 nans
1417 1354 1619 1390 lucernam
1636 1365 1792 1391 meam:
1809 1367 1827 1389 »
1848 1365 1936 1391 ecce
1949 1354 2186 1392 illuminatio
2207 1354 2337 1403 dispo-

1303 1415 1428 1452 sitiva.
1457 1418 1508 1452 De
1539 1416 1649 1453 tertio
1679 1416 1821 1464 legitur
1840 1415 1853 1437 ⁷
1877 1429 1884 1454 :
1911 1429 1930 1451 «
1949 1417 2196 1462 Doctrinam,
2223 1418 2336 1466 quasi

1303 1478 1604 1525 antelucanum,
1625 1479 1807 1516 illumino
1834 1492 1876 1516 ε»
1899 1490 1988 1516 ecce
2015 1479 2250 1517 illuminatio
2272 1491 2337 1517 ex-

1302 1541 1484 1588 positiva.
1508 1544 1586 1579 Hoe
1605 1541 1728 1579 modo
1750 1541 1916 1579 sumitur
1943 1544 2154 1579 illuminare
2182 1542 2223 1579 in
2247 1553 2338 1590 pro-

1302 1604 1443 1650 posito.

1636 1652 1829 1688 Arti'culus
1860 1654 2002 1689 tertius.

1353 1729 1520 1766 Te1tium
1537 1757 1550 1774 ,
1590 1730 1735 1766 scilicet
1771 1730 2038 1778 impuritatem
2070 1729 2336 1777 intelligentiae

1304 1791 1535 1838 designans,
1555 1792 1652 1829 dixit
1669 1804 1676 1829 :
1700 1792 1816 1839 Super
1833 1802 1972 1829 serrum
1993 1795 2113 1838 tuum,
2144 1791 2258 1839 quasi
2277 1802 2337 1829 se-

1304 1857 1500 1892 cretorum
1532 1858 1691 1892 tuorum
1722 1856 1900 1892 nescium
1911 1869 1922 1903 3
1957 1855 2074 1904 quia,
2113 1856 2212 1893 sicut
2240 1855 2336 1902 legi-

1304 1928 1392 1954 mus
1417 1918 1430 1940 s
1457 1930 1465 1954 :
1491 1918 1672 1955 «Servus
1704 1918 1826 1955 nescit
1861 1918 1960 1966 quid
1995 1918 2113 1955 saciat
2150 1917 2337 1955 dominus

1304 1980 1400 2026 ejus.
1423 1993 1440 2014 ³)
1467 1980 1573 2017 Unde
1597 1991 1668 2028 per
1687 1991 1845 2017 servum
1864 1980 1992 2017 innuit
2019 1980 2202 2018 servilem
2227 1983 2264 2017 et
2282 1981 2337 2017 in-

1304 2041 1540 2090 dispositum
1559 2042 1813 2080 intellectum.
1835 2043 1901 2080 Hie
1919 2046 2048 2091 potest
2064 2043 2205 2089 notari,
2227 2044 2338 2091 quod

1304 2105 1406 2141 servi
1428 2104 1610 2142 dicuntur
1629 2106 1734 2142 male
1755 2105 1952 2153 dispositi,
1974 2108 2165 2153 quantum
2186 2106 2238 2143 ad
2256 2106 2339 2144 vim

1304 2167 1580 2203 rationabilem
1600 2195 1612 2214 ,
1662 2167 2010 2214 concupiscibilem
2033 2196 2046 2213 ,
2083 2167 2335 2205 irascibilem.

1305 2228 1496 2273 Quocirca
1515 2239 1597 2266 non
1617 2229 1804 2277 competit
1823 2229 1878 2266 eis
1898 2229 2065 2277 eloquiis
2084 2229 2230 2267 erudiri
2240 2258 2252 2277 ,
2274 2230 2338 2266 de-

1305 2290 1404 2327 liciis
1426 2290 1605 2337 enutriri,
1639 2291 1825 2328 dominiis
1844 2291 2036 2338 insigniri.
2067 2293 2116 2328 De
2141 2291 2271 2340 primo
2292 2294 2306 2315 ⁹
2328 2305 2336 2329 :

1309 2367 1326 2386 ει
1344 2355 1484 2390 Servus
1506 2353 1636 2390 verbis
1654 2364 1736 2390 non
1756 2356 1884 2401 potest
1902 2353 2075 2400 erudiri,
2092 2366 2111 2388 »
2147 2357 2339 2401 quantum

1305 2416 1356 2452 ad
1387 2416 1686 2463 dispositionem
1709 2416 1969 2453 rationabilis.
2000 2417 2049 2453 De
2069 2416 2245 2453 secundo
2265 2417 2294 2439 ¹⁰
2327 2428 2337 2454 :

1309 2479 1406 2523 «Qui
1423 2478 1587 2515 delicate
1603 2489 1626 2515 a
1638 2478 1806 2526 pueritia
1820 2488 1890 2515 sua
1904 2478 2024 2514 nutrit
2036 2489 2194 2515 servum
2207 2489 2337 2524 suum,

1305 2543 1442 2588 postea
1460 2540 1599 2577 sentiet
1618 2551 1708 2576 cum
1729 2542 2028 2586 contumacem,
2041 2554 2058 2574 i)
2077 2542 2271 2588 quantum
2287 2540 2338 2577 ad

1306 2603 1607 2650 dispositionem
1621 2603 1950 2650 concupiscibilis.
1971 2605 2021 2640 De
2040 2603 2191 2640 tertio¹¹
2205 2604 2338 2640 :aNon

1305 2665 1446 2702 decent
1465 2665 1626 2702 stultum
1655 2665 1824 2712 deliciae,
1855 2676 1928 2702 nec
1958 2676 2117 2702 servum
2141 2664 2338 2702 dominari

1305 2727 1570 2776 principibus,
1593 2742 1610 2762 »
1640 2729 1832 2776 quantum
1862 2727 1914 2765 ad
1939 2727 2240 2775 dispositionem
2261 2727 2337 2764 ira-

1305 2790 1464 2827 scibilis

1639 2842 1826 2878 Articulus
1847 2843 2011 2887 quartus.

1353 2920 1540 2964 Quartum
1554 2948 1566 2966 ,
1587 2919 1734 2956 scilicet
1761 2918 2062 2966 depurationem
2082 2917 2312 2955 coadunans
2322 2943 2336 2963 ,

1307 2982 1507 3020 concludit
1538 2995 1546 3019 :
1576 2985 1621 3019 Et
1642 2983 1921 3029 justificationes
1949 2984 2028 3017 tuas
2053 2981 2136 3017 doce
2162 2990 2229 3017 me.
2256 2981 2337 3017 lstae

1305 3055 1479 3092 namque
1496 3044 1793 3092 justificationes
1813 3046 1904 3081 sunt
1931 3042 2071 3080 animae
2095 3040 2336 3090 purificatio-

1304 3117 1374 3144 nes
1388 3135 1400 3153 ,
1421 3107 1473 3144 ad
1492 3107 1807 3155 compunctionis
1827 3105 2047 3144 amaritiem
2074 3103 2309 3153 pertinentes
2323 3131 2335 3149 ,

1308 3180 1407 3217 quas
1427 3170 1522 3218 petit
1549 3169 1704 3217 doceri,
1724 3169 1801 3207 hoc
1820 3171 1895 3215 est,
1920 3170 2116 3217 quantum
2137 3166 2189 3204 ad
2210 3165 2336 3202 varias

1305 3232 1428 3280 ipsius
1449 3231 1687 3269 differentias
1708 3231 1928 3269 admoneri.
1952 3230 2017 3267 Hic
2036 3231 2148 3277 potes
2171 3230 2308 3265 notare
2321 3254 2335 3272 ,

1306 3294 1418 3342 quod
1444 3294 1631 3332 Dominus
1658 3294 1814 3331 videtur
1839 3292 2040 3340 tripliciter
2057 3292 2139 3328 haec
2159 3290 2301 3327 docere
2323 3302 2332 3327 z

1305 3356 1490 3394 videlicet
1509 3357 1692 3394 docendo
1719 3367 1801 3393 nos
1818 3365 1951 3401 orare,
1977 3354 2158 3402 plorare,
2178 3352 2220 3389 in
2237 3362 2335 3400 agro

1306 3420 1484 3467 corporis
1502 3419 1684 3457 laborare
1699 3432 1708 3466 3
1725 3420 1919 3466 quatenus
1934 3415 2162 3466 purificetur
2181 3415 2335 3453 orando

1305 3505 1318 3526 ⁴³
1339 3504 1424 3536 ibid.
1450 3521 1489 3527 —
1515 3503 1526 3523 ⁷
1553 3503 1674 3543 Ecca„
1700 3511 1794 3543 xxiv,
1822 3504 1875 3534 vt.
1900 3519 1940 3525 -
1963 3499 1978 3524 ⁸
2002 3502 2110 3539 Joan„
2140 3507 2195 3540 XV,
2228 3502 2336 3533 15.—

1306 3553 1317 3570 ⁹
1336 3554 1443 3593 Prov„
1465 3559 1562 3592 xxix,
1590 3552 1636 3584 19.
1655 3568 1689 3574 -
1718 3551 1742 3573 ¹⁰
1762 3551 1860 3592 thid„
1881 3552 1932 3583 21.
1950 3567 1992 3573 -—
2017 3550 2036 3572 ¹¹
2058 3549 2169 3590 Prov„
2189 3555 2262 3588 xix,
2285 3549 2333 3580 10.
