2633 3878
261 286 339 326 646

262 373 423 413 baerere
441 367 767 409 consideratione
799 376 887 404 suae
910 361 1138 403 nobilitatis
1153 392 1163 410 ,
1189 372 1285 413 quae

262 440 536 496 perpenditur
562 438 608 478 in
635 437 739 485 hoc,
765 434 878 488 quod
908 433 1125 474 hominem
1150 429 1286 471 reddit

262 510 447 553 nobilem
463 512 503 551 et
520 509 770 561 gloriosum,
790 509 831 547 et
847 507 1056 557 quantum
1075 502 1127 542 ad
1147 512 1288 552 aspec-

262 586 371 632 tum,
390 583 431 622 et
455 582 662 632 quantum
686 576 952 618 adverbum.
977 573 1027 614 Et
1052 573 1131 613 hoc
1150 571 1287 624 primo

264 651 459 706 proponit
469 648 699 703 quaerendo
710 660 720 697 ;
731 646 879 687 deinde
891 644 1114 685 confirmat
1121 652 1289 694 respon-

264 722 400 764 dendo
415 753 425 772 ,
448 720 532 760 ibi:
560 718 794 770 Sapientia
810 715 1008 758 hominis.
1033 713 1136 754 Dicit
1155 723 1286 764 ergo:

268 795 369 842 Quis
381 792 494 841 talis,
509 795 554 832 ut
563 790 736 841 sapiens
750 790 808 829 est
822 787 841 827 P
854 785 896 826 id
907 788 983 835 est,
1005 784 1101 837 quis
1112 784 1168 823 ita
1179 795 1291 834 spec-

265 862 465 904 tabilis?¹
494 876 512 898 a
539 859 709 900 Habebo
730 859 901 910 propter
930 856 1039 896 hanc
1058 853 1290 895 claritatem

267 934 319 975 ad
336 933 497 981 turbas,
513 934 554 972 et
566 931 773 971 honorem
793 927 845 968 ad
858 926 1042 968 seniores
1056 923 1248 977 Juvenis:
1268 937 1286 960 n

266 1005 453 1057 loquitur
479 1004 622 1042 autem
648 1000 699 1041 de
727 997 943 1051 sapientia.
969 996 1069 1044 Quis
1090 995 1147 1035 ita
1175 1006 1290 1046 spec-

268 1073 407 1114 tabilis
427 1073 472 1113 in
493 1072 622 1112 verbo
636 1072 655 1110 ἱ)
685 1069 801 1110 Unde
821 1068 917 1109 dicit
943 1079 953 1106 :
978 1067 1035 1108 Et
1055 1067 1152 1118 quis
1173 1066 1293 1107 novit

268 1145 518 1187 solutionem
553 1141 668 1183 verbi
689 1141 709 1178 ‘?
754 1138 928 1192 supple,
972 1137 1053 1177 nisi
1089 1137 1254 1189 sapiens
1274 1137 1293 1175 ’.Ρ

269 1217 283 1237 ²
308 1229 327 1252 α
340 1214 482 1255 Facies
500 1212 741 1265 principum
762 1209 1032 1249 mirabuntur
1046 1219 1112 1248 me
1129 1222 1138 1256 3
1161 1208 1296 1246 tacen-

269 1289 354 1326 tem
373 1296 442 1325 me
461 1282 708 1336 respicient;
733 1284 774 1321 et
793 1279 1100 1321 sermocinante
1118 1290 1185 1318 me
1204 1277 1296 1329 plu-

269 1368 344 1404 ra,
367 1365 520 1395 manus
550 1353 613 1394 ori
644 1363 720 1393 suo
749 1351 983 1403 imponent.
1019 1362 1037 1386 >³
1076 1347 1297 1400 Proposuit

270 1425 524 1480 quaerend03
557 1435 671 1464 nunc
709 1422 931 1463 confirmat
971 1419 1259 1472 respondendo
1288 1433 1296 1459 :

274 1496 494 1549 Sapientia
515 1494 700 1536 hominis
722 1493 829 1534 lucet
849 1493 898 1533 tn
912 1491 1033 1534 vultu
1050 1490 1161 1541 ejus;
1185 1489 1298 1530 unde

272 1567 424 1608 dicitur
443 1569 456 1590 ³
479 1577 489 1605 ε
511 1580 531 1603 a
560 1564 607 1604 In
626 1563 729 1604 facie
745 1562 978 1616 prudentis,
1000 1561 1112 1602 lucet
1131 1560 1296 1612 sapien-

273 1638 330 1678 tia
354 1652 362 1678 :
392 1652 410 1674 ι)
448 1636 539 1677 ideo
564 1634 840 1687 subiungitur
869 1637 882 1658 ⁴
914 1647 922 1673 :
961 1648 979 1671 «
1011 1631 1075 1673 Ex
1103 1631 1199 1672 visu
1230 1643 1297 1672 co-

274 1707 492 1759 gnoscitur
511 1706 578 1746 vir
595 1737 604 1753 ,
627 1707 667 1745 et
686 1716 864 1745 occursu
885 1702 1002 1743 faciei
1031 1702 1300 1753 cognoscitur

275 1780 479 1818 sensatus.
513 1790 531 1813 n
571 1775 652 1816 Nee
691 1775 874 1824 mirum,
910 1774 946 1812 si
978 1776 1039 1813 est
1068 1771 1302 1824 spectabilis

275 1849 469 1900 aspectu,
500 1846 600 1898 quia
625 1845 705 1885 hoc
736 1845 844 1884 Deus
870 1843 991 1892 sacit3
1016 1843 1130 1883 unde
1160 1842 1259 1887 dicit
1289 1856 1297 1881 z

276 1921 331 1962 Et
349 1919 665 1971 potentissimus
688 1917 841 1967 faeiem
866 1915 986 1957 illius
1015 1912 1298 1956 commutabit.

278 1989 600 2032 Potentissimus
633 1988 710 2028 iste
741 1987 851 2027 Deus
873 1988 935 2026 est
954 1986 967 2007 ⁶
1004 1997 1013 2026 :
1041 2000 1060 2023 α
1091 1984 1200 2025 Deus
1228 1995 1301 2036 po-

277 2063 411 2102 tentes
430 2072 516 2101 non
535 2058 696 2112 abjicit,
718 2069 816 2098 cum
834 2057 924 2109 ipse
945 2056 998 2096 sit
1019 2057 1179 2108 potens.
1202 2068 1221 2090 »
1256 2052 1307 2093 Et

279 2136 372 2185 post
394 2137 407 2158 ⁶
433 2145 442 2172 ε
471 2147 490 2169 «
512 2130 615 2171 Ecce
643 2129 753 2169 Deus
777 2126 969 2169 excelsus
989 2126 1032 2166 in
1064 2124 1305 2166 fortitudine

280 2215 378 2253 sua,
400 2203 441 2243 et
464 2200 606 2242 nullus
626 2200 664 2241 ei
683 2198 832 2239 similis
858 2198 902 2238 in
928 2196 1257 2249 legislatoribus.
1281 2208 1300 2232 n

282 2273 362 2314 Iste
382 2274 616 2314 commutat
632 2271 780 2311 faeiem
796 2268 1048 2310 exteriorem
1064 2267 1180 2319 prins
1198 2277 1307 2306 com—

283 2343 487 2385 mutando
505 2341 770 2390 interiorem,
792 2339 833 2380 id
852 2340 932 2388 est,
956 2338 1007 2378 ad
1027 2349 1071 2377 se
1090 2348 1184 2377 eam
1205 2347 1304 2376 con-

282 2414 484 2456 vertendo
514 2428 522 2452 :
552 2412 674 2452 facies
704 2410 816 2451 enim
848 2409 1002 2449 animae
1027 2411 1089 2448 est
1117 2406 1309 2459 superior

283 2485 420 2538 portio
441 2482 637 2532 rationis,
665 2492 761 2534 qnae
786 2482 884 2520 nata
902 2481 965 2519 est
990 2477 1132 2519 videre
1159 2477 1307 2517 Deum.

285 2555 401 2596 Hanc
413 2554 562 2594 faciem
579 2553 813 2593 commutat
832 2550 946 2590 solus
960 2549 1095 2589 Deus⁷
1120 2563 1128 2589 :
1154 2563 1172 2587 (ι
1194 2548 1311 2588 Sicut

285 2625 513 2667 divisiones
534 2633 743 2675 aquarum
761 2653 771 2671 ,
793 2621 851 2662 ita
883 2632 954 2660 cor
983 2619 1098 2671 regis
1116 2619 1159 2658 in
1180 2630 1311 2658 manu

286 2695 453 2736 Domini
491 2709 499 2735 :
539 2704 808 2746 quocumque
851 2690 1057 2740 voluerit,
1097 2688 1312 2729 inclinabit

287 2766 406 2807 illud.
444 2779 462 2802 »
497 2763 589 2805 Non
616 2767 782 2804 tantum
806 2765 868 2803 est
886 2761 1122 2815 spectabilis
1148 2760 1313 2812 sapiens

289 2841 496 2891 quantum
517 2836 569 2877 ad
590 2838 830 2888 aspectum,
861 2833 934 2874 sed
958 2832 1083 2874 etiam
1105 2832 1313 2884 quantum

288 2909 341 2949 ad
360 2909 542 2949 verbum
560 2919 634 2959 per
647 2906 910 2959 sapientiam,
928 2906 973 2944 in
992 2904 1114 2955 cujus
1136 2913 1315 2955 persona

289 2978 387 3020 dicit
410 2981 464 3028 (v.
491 2979 528 3029 2)
557 2991 567 3016 ε
590 2977 677 3028 Eoo
700 2986 743 3018 os
772 2977 884 3027 reqz‘s
910 2975 1094 3022 observo,
1119 2973 1217 3013 dicit
1238 2972 1315 3012 Sa-

290 3049 463 3102 pientia.
487 3047 577 3088 Rex
596 3047 673 3086 iste
696 3046 804 3086 Deus
823 3048 910 3094 est,
933 3046 983 3085 de
1001 3056 1086 3096 quo
1103 3041 1280 3083 dieitur⁸
1306 3052 1315 3079 :

297 3136 316 3159 c(
342 3120 495 3161 Beatus
522 3121 563 3159 et
593 3117 707 3158 solus
740 3119 912 3169 potens,
945 3114 1034 3155 Rex
1063 3126 1243 3165 regum,
1278 3103 1339 3153 et'

292 3190 496 3231 Dominus
539 3187 861 3229 dominantium.
907 3201 925 3223 »
960 3185 1014 3225 Os
1052 3183 1171 3223 istius
1203 3182 1319 3234 regis

294 3259 424 3301 Filius
450 3259 522 3299 Dei
553 3262 634 3309 est,
665 3270 738 3311 per
761 3269 890 3310 quem
917 3255 1037 3296 vobis
1055 3253 1244 3306 loquitur
1268 3252 1280 3273 ⁹
1307 3266 1314 3290 :

301 3343 320 3367 a
339 3328 576 3371 Novissime
606 3328 754 3369 diebus
781 3327 872 3368 istis
905 3326 1070 3366 loeutus
1109 3324 1170 3363 est
1198 3321 1319 3362 nobis

341 3411 350 3432 ¹
370 3411 462 3451 Sap„
483 3418 564 3450 v111,
589 3413 637 3441 10.
657 3427 696 3432 -
717 3410 727 3428 2
749 3408 848 3449 lbid.‚
873 3410 920 3438 12.
941 3424 974 3430 —
1001 3407 1015 3428 ³
1034 3409 1142 3443 Prota,
1163 3411 1248 3441 xvn,
1269 3405 1319 3434 ¹24.

295 3475 335 3481 —
356 3457 369 3478 ⁸
387 3457 506 3496 Ecca„
538 3465 616 3495 xix,
641 3458 691 3489 26.
720 3473 758 3480 -
783 3458 796 3478 ⁵
818 3455 892 3493 lob,
916 3462 1044 3494 xxxvi,
1069 3455 1099 3484 5.
1125 3469 1158 3474 —-
1186 3451 1198 3472 ⁶
1221 3449 1320 3488 lbid.‚

297 3507 349 3536 22.
369 3522 409 3528 —
430 3505 438 3522 ³
458 3504 569 3544 Pron„
593 3512 662 3542 xxi,
684 3507 712 3535 1.
732 3521 771 3526 ——
795 3503 808 3525 ⁸
829 3504 836 3533 Ι
863 3502 957 3542 Tim„
979 3508 1022 3541 vt,
1047 3502 1094 3532 15.
1117 3516 1157 3522 —
1177 3499 1187 3515 ³·
1209 3495 1319 3534 Helm,

299 3559 323 3587 Ι.
340 3554 366 3582 l.
389 3567 428 3574 -
449 3552 477 3573 ¹⁰
496 3550 582 3589 Luc„
604 3558 650 3591 ΣΙ,
671 3552 721 3581 28.
743 3567 777 3572 -
805 3551 824 3568 ““
846 3549 956 3587 Dent„
975 3555 1023 3586 vt,
1041 3549 1122 3579 3.-
1145 3545 1170 3568 ¹²
1190 3543 1321 3580 Malta„

936 271 1210 314 EXPOSlTlO
1241 271 1293 313 IN
1323 270 1723 312 ECCLESIASTEN.

1359 360 1403 399 in
1431 359 1547 400 Filio.
1587 374 1605 396 »
1641 359 1694 401 Os
1725 358 1858 410 igitur
1892 357 2007 410 regis
2042 358 2291 407 observare,
2325 362 2388 399 est

1360 430 1538 470 verbum
1553 429 1643 470 Filii
1658 429 1730 470 Dei
1741 428 1965 479 diligenter
1978 427 2242 468 intenderem
2261 426 2389 468 «Bea-

1361 499 1412 549 ti,
1442 499 1511 551 qui
1547 499 1724 540 audiunt
1752 499 1931 539 verbum
1956 497 2055 548 Dei,
2086 499 2126 537 et
2147 498 2390 538 custodiunt

1360 569 1478 610 illud.
1512 583 1531 605 n
1558 568 1769 621 Sapientia
1788 568 1923 620 igitur
1940 568 2039 608 dicit
2064 582 2072 608 :
2096 567 2183 619 qu
2207 567 2387 620 observo,

1362 643 1403 680 et
1421 640 1647 680 observare
1669 638 1791 687 facio,
1809 639 1935 690 juxta
1955 637 2059 678 illud
2077 638 2130 678 ¹¹:
2157 637 2388 690 «Observa,

1364 713 1410 750 ut
1426 711 1552 750 facias
1572 721 1667 761 quae
1687 708 1886 761 praecepit
1900 708 1976 748 tibi
1991 707 2208 759 Dominus,
2232 713 2274 750 et
2286 709 2393 751 bene

1363 781 1416 820 sit
1441 780 1530 819 tibi.
1563 794 1581 816 »
1613 780 1663 820 Et
1690 780 1886 832 explanat
1916 781 1959 819 in
1987 779 2142 832 quibus
2175 780 2392 831 observat,

1365 850 1465 902 quia
1484 850 1527 890 in
1545 850 1776 900 mandatis3
1791 850 1884 890 ideo
1903 850 2024 890 dicit:
2042 850 2095 892 Et
2108 854 2316 903 praecepta
2325 851 2396 903 ²§tt-i

1364 923 1550 964 rament‘t'
1577 923 1678 972 Dei,
1706 933 1803 974 quae
1823 921 1979 962 scillcet
2007 934 2061 962 ex
2089 933 2161 962 ore
2185 923 2280 975 eJus
2298 934 2398 976 pro-

1366 993 1532 1033 cedunt.
1558 994 1615 1034 Et
1636 992 1829 1042 observo,
1850 991 2012 1045 supple,
2037 996 2252 1046 praecepta
2268 992 2399 1044 jura-

1368 1065 1502 1106 mentz'
1530 1064 1607 1105 Dez‘
1629 1078 1638 1103 :
1667 1066 1875 1116 praecepta
1903 1063 2138 1115 Juramenti
2173 1063 2396 1115 dicuntur,

1369 1135 1468 1188 quia
1500 1134 1625 1175 firma
1653 1137 1695 1175 et
1716 1133 1978 1176 inviolabilia
2009 1134 2037 1156 ¹²
2073 1149 2082 1175 ε
2125 1149 2143 1172 (‹
2169 1133 2330 1174 Coelum
2359 1135 2401 1174 et

1369 1207 1480 1245 terra
1517 1204 1782 1254 transibunt,
1822 1204 1953 1245 verba
1992 1206 2136 1244 autem
2179 1215 2275 1244 mea
2314 1214 2398 1244 non

1370 1275 1660 1328 praeteribunt.
1684 1288 1703 1311 υ
1723 1273 1797 1315 Vel
1816 1274 1909 1314 ideo
1928 1277 2136 1327 praecepta
2150 1273 2397 1326 Juramenti,

1370 1346 1470 1398 quia
1501 1357 1599 1385 cum
1632 1347 1751 1395 pacto
1782 1346 1823 1384 et
1846 1344 2128 1396 Jurerrando
2161 1344 2257 1384 data
2285 1351 2398 1384 sunt.

1373 1417 1535 1469 Moyses
1570 1415 1828 1468 sanguinem
1863 1417 2082 1467 sumptum
2125 1415 2324 1468 respersit
2358 1414 2404 1454 in

1372 1487 1594 1540 populum,
1617 1487 1760 1527 dicens
1781 1487 1811 1511 ¹³
1829 1500 1838 1526 ι
1862 1501 1881 1525 ε(
1902 1485 1982 1526 Iste
2003 1489 2065 1526 est
2082 1485 2256 1538 sanguis
2274 1484 2402 1526 foede-

1373 1558 1430 1598 ris
1452 1558 1615 1598 Domini
1635 1569 1761 1609 super
1783 1558 1944 1598 cunctis
1965 1557 2233 1598 sermonibus
2253 1556 2356 1596 istis.
2378 1569 2398 1594 »

1429 1631 1465 1668 3.
1502 1628 1560 1670 Ne
1584 1629 1772 1678 lestines.
1806 1628 1881 1669 Hie
1914 1628 2096 1668 secundo
2115 1628 2309 1669 hortatur
2329 1627 2404 1668 ad-

1376 1699 1539 1739 haerere
1558 1698 1786 1751 sapientiae,
1813 1698 2144 1739 consideratione
2164 1710 2252 1739 suae
2273 1698 2406 1751 potes-

1376 1769 1485 1818 tatis,
1508 1781 1606 1809 cum
1627 1769 1746 1809 dicit:
1773 1769 1832 1811 Ne
1850 1769 2024 1820 festines
2039 1768 2228 1810 recedere
2247 1779 2275 1810 a
2295 1769 2404 1819 facie

1377 1839 1493 1890 ejus,
1522 1839 1564 1878 id
1597 1842 1678 1889 est,
1708 1839 1793 1879 noli
1820 1839 2028 1879 declinare
2053 1838 2106 1878 ab
2135 1839 2227 1890 ejus
2252 1838 2410 1880 volun-

1379 1912 1488 1959 tate;
1516 1912 1555 1949 et
1579 1909 1658 1949 hoc
1677 1911 1848 1961 propter
1869 1911 2087 1961 peccatum
2103 1909 2239 1949 cordis
2255 1941 2265 1960 ,
2288 1909 2411 1962 quasi

1379 1982 1420 2019 te
1437 1978 1668 2019 abscondas
1687 1978 1739 2018 ab
1756 1990 1819 2019 eo.
1840 1978 1896 2019 De
1910 1979 1989 2019 hoe
2008 1975 2176 2020 recessu
2186 1979 2407 2021 dicitur¹⁶z

1386 2066 1405 2089 «
1418 2049 1647 2102 Dereliquit
1665 2049 1797 2090 Deum
1812 2050 2012 2091 factorem
2031 2063 2174 2102 suum,
2191 2053 2231 2091 et
2243 2051 2412 2092 recessit

1381 2134 1405 2161 a
1425 2120 1508 2161 Deo
1534 2120 1707 2160 salutari
1733 2132 1824 2162 suo.
1848 2136 1867 2158 ›>
1901 2121 1960 2164 Ne
1981 2122 2152 2172 festines
2178 2120 2363 2164 recedere
2385 2132 2414 2164 α

1381 2191 1491 2242 faeie
1506 2190 1611 2242 ejus,
1622 2191 1767 2232 volens
1782 2192 1909 2233 latere
1923 2193 1967 2232 in
1983 2193 2111 2233 malo.
2127 2192 2221 2234 Non
2233 2192 2346 2234 dicas
2357 2193 2409 2232 ¹⁵:

1389 2276 1406 2299 a
1422 2262 1457 2301 A
1476 2261 1559 2302 Deo
1578 2262 1825 2313 abscondar,
1843 2266 1883 2304 et
1902 2276 1955 2304 ex
1975 2275 2144 2304 summo
2163 2263 2258 2316 quis
2276 2262 2415 2316 operis

1385 2332 1468 2371 mei
1491 2333 1831 2373 memorabitur?
1852 2348 1870 2371 n
1908 2334 2024 2375 Sicut
2056 2333 2176 2385 Cain,
2208 2333 2283 2387 qui
2310 2333 2416 2374 dixit

1385 2403 1563 2443 Domino
1577 2403 1606 2424 ¹⁶
1631 2417 1639 2444 :
1663 2418 1682 2441 (ι
1698 2403 1802 2444 Ecce
1816 2405 1932 2457 ejicis
1947 2417 2015 2445 me
2031 2405 2157 2446 hodie
2175 2416 2200 2445 a
2212 2404 2314 2445 facie
2328 2405 2415 2455 tua,

1385 2477 1426 2514 et
1435 2486 1460 2514 a
1469 2473 1574 2514 facie
1587 2477 1661 2515 tua
1673 2475 1918 2516 abscondar.
1935 2489 1954 2513 ›)
1966 2475 2017 2516 Et
2029 2475 2063 2515 si
2076 2475 2299 2528 contingat
2311 2486 2419 2516 reee-

1386 2545 1504 2595 dere,
1526 2545 1611 2585 noli
1632 2557 1881 2597 permanere
1905 2546 1953 2586 in
1972 2546 2109 2596 malo;
2137 2546 2231 2587 ideo
2250 2546 2417 2588 subdit:

1387 2616 1527 2667 Neque
1544 2625 1795 2667 permaneas
1817 2617 1869 2657 in
1883 2626 2001 2669 opere
2022 2616 2147 2658 malo.
2171 2616 2202 2642 ¹⁷
2228 2630 2248 2655 «
2266 2615 2326 2658 Ne
2339 2618 2422 2657 tar-

1387 2687 1460 2727 des
1474 2686 1663 2727 converti
1679 2686 1731 2726 ad
1746 2686 1896 2737 Deum,
1912 2689 1954 2727 et
1968 2699 2021 2727 ne
2038 2686 2207 2727 differas
2224 2686 2276 2728 de
2291 2686 2358 2727 die
2377 2686 2423 2726 in

1389 2758 1546 2799 diem.»
1565 2760 1614 2798 Et
1627 2758 1732 2798 ratio
1748 2757 1822 2810 huj
1830 2770 1880 2798 us
1899 2760 1962 2799 est
1973 2758 2250 2799 consideratio
2263 2758 2421 2799 divinae

1386 2828 1615 2880 potestatis,
1637 2827 1738 2879 quia
1750 2827 1847 2867 facit
1866 2828 2178 2881 omnipotenter
2197 2829 2255 2879 (a)
2276 2841 2286 2868 ε
2313 2827 2424 2877 Quia

1391 2908 1508 2941 omne
1525 2929 1537 2948 ,
1569 2897 1681 2950 quod
1707 2897 1911 2948 voluerit,
1935 2899 2078 2950 faciet.
2100 2898 2128 2922 ¹⁸
2153 2912 2172 2936 «
2197 2897 2425 2939 Consilium

1391 2980 1536 3009 meum
1568 2968 1706 3018 stabit,
1734 2971 1775 3008 et
1794 2968 1929 3008 omnis
1957 2968 2151 3009 voluntas
2176 2979 2272 3008 mea
2288 2968 2375 3009 fiet.
2403 2982 2422 3005 »

1391 3038 1507 3079 Facit
1537 3039 1663 3078 etiam
1697 3038 1898 3087 faciliter;
1927 3038 2022 3079 ideo
2049 3038 2148 3078 dicit
2174 3040 2231 3088 (v.
2263 3038 2300 3090 4)
2325 3051 2335 3078 :
2366 3038 2426 3080 Et

1393 3120 1529 3151 sermo
1560 3108 1678 3150 tatus
1705 3110 1909 3159 potestate
1937 3108 2090 3160 plenus
2122 3111 2196 3150 est.
2229 3108 2257 3131 ¹⁹
2291 3121 2311 3146 a
2334 3107 2426 3149 Vox

1396 3179 1561 3220 Domini
1576 3179 1621 3218 in
1633 3178 1792 3219 virtute
1808 3192 1816 3217 :
1838 3190 1922 3219 vox
1938 3178 2104 3219 Domini
2121 3177 2426 3231 confringentis

1396 3250 1554 3290 cedros.
1577 3263 1596 3286 n
1619 3248 1670 3289 Et
1682 3249 1710 3273 ²⁰
1739 3262 1748 3289 :
1777 3263 1796 3286 ε(
1813 3248 1905 3289 Non
1925 3248 2004 3289 erit
2018 3248 2095 3289 tibi
2115 3248 2281 3289 difficile
2299 3258 2424 3289 omne
2461 3247 2466 3251 '

1397 3320 1597 3369 verbum,
1625 3318 1700 3370 qui
1731 3318 1833 3358 sacis
1863 3318 2197 3359 misericordiam
2219 3318 2265 3358 in
2293 3315 2423 3357 milli-

1399 3409 1493 3441 xxw,
1513 3403 1563 3432 35.
1585 3417 1624 3423 -
1648 3399 1674 3421 ¹³
1690 3399 1812 3438 Exeat,
1828 3407 1925 3440 xxiv,
1948 3401 1978 3432 8.
2003 3417 2042 3424 —
2064 3401 2085 3421 ¹⁴
2108 3401 2217 3438 Deut„
2240 3405 2352 3438 xxxn,
2370 3399 2423 3430 15.

1397 3466 1437 3471 —
1466 3449 1488 3468 ¹⁵
1507 3447 1623 3486 Ecca„
1645 3454 1720 3484 xv1,
1753 3449 1801 3478 16.
1828 3464 1868 3470 —-
1890 3448 1915 3467 ¹⁶
1940 3447 2032 3484 Gen..
2062 3454 2107 3484 ιν,
2132 3447 2180 3477 14.
2199 3462 2239 3468 -
2261 3445 2286 3467 ¹⁷
2306 3444 2426 3485 Eccli„

1401 3503 1431 3533 v,
1453 3497 1481 3526 8.
1505 3510 1544 3516 -—
1568 3494 1594 3515 ’Β
1614 3494 1690 3531 ssa„
1715 3501 1812 3533 xm'i,
1838 3495 1884 3524 10.
1905 3510 1946 3518 -—-
1971 3494 1995 3516 ¹⁹
2013 3492 2106 3525 Psal.
2126 3499 2256 3532 xxvin,
2279 3493 2314 3532 4,
2333 3493 2363 3523 5.
2385 3509 2426 3515 —

1400 3542 1427 3562 ²⁰
1441 3541 1572 3579 Jerem„
1587 3547 1697 3580 xxxii,
1712 3541 1804 3571 17.—-
1822 3541 1862 3579 (a)
1880 3541 2032 3571 Fortasse
2047 3538 2109 3579 leq.
2124 3538 2240 3571 omnia
2254 3540 2423 3580 potenter.
