2633 3878
284 266 362 305 650

285 350 438 392 scilicet
472 348 620 400 gloriae
635 350 645 369 ¹
665 358 675 387 :
702 362 722 386 α
741 347 928 388 Tollatur
955 345 1112 398 impins
1127 376 1138 395 ,
1169 355 1222 385 ne
1244 344 1307 384 vi-

283 422 377 462 deat
407 418 589 470 gloriam
618 417 705 457 Dei.
724 430 742 454 n
777 416 868 456 Non
900 416 953 456 sit
982 415 1106 456 etiam
1146 415 1307 455 bonum

283 489 501 543 praesentis
515 488 613 528 vitae
631 501 641 537 ;
655 487 746 527 ideo
761 486 874 527 addit
891 499 899 524 :
916 486 995 527 Nec
1007 484 1307 537 prolonqentar

281 561 371 602 dies
428 559 519 610 ejus
546 589 556 606 ‚
607 557 648 597 id
698 560 760 597 θεῖ
801 568 885 596 non
920 556 1304 608 prolongabuntur.

282 630 442 671 ¹«Anni
458 629 686 681 impiorum
704 627 1032 676 breviabuntur3
1049 641 1067 663 n
1085 629 1127 665 et
1140 629 1153 650 ³
1173 625 1307 667 :«Viri

280 699 537 752 sanguinum
569 701 608 738 et
635 698 766 738 dolosi
798 708 881 736 non
907 696 1186 737 dimidiabunt
1219 697 1306 737 dies

281 784 370 812 suo.
393 785 412 808 ι)
437 769 523 812 Sed
542 770 670 822 quast
699 767 845 809 umbra
877 770 1098 809 transeant
1117 768 1193 819 qai
1221 778 1307 809 non

281 842 432 884 timent
457 841 612 891 facicm
641 839 830 881 Domini.
859 837 908 878 Et
933 849 1082 879 revera
1104 840 1305 889 tanquam

279 911 431 951 umbra
450 912 690 958 transeunt;
716 909 828 950 unde
846 909 1000 950 dicitur
1022 907 1035 928 ⁴
1056 921 1064 947 :
1087 906 1212 948 «Vidi
1231 908 1307 946 im-

279 981 397 1034 pium
429 980 810 1034 superexaltatum
848 983 888 1020 et
913 978 1109 1028 transivi,
1142 980 1182 1017 et
1212 989 1305 1018 ecce

279 1065 365 1094 non
384 1055 487 1094 erat.
509 1066 528 1089 ι)
557 1052 674 1092 Unde
698 1051 848 1092 dicitur
879 1050 924 1089 in
950 1060 1130 1100 persona
1150 1048 1302 1100 impio-

279 1127 402 1164 rum*
425 1136 432 1161 :
459 1138 478 1161 α
501 1122 777 1163 Transierunt
808 1120 899 1160 haec
927 1119 1069 1160 omnia
1100 1121 1304 1171 tanquam

279 1194 458 1244 umbra,
493 1196 534 1234 et
570 1192 690 1245 quasi
721 1191 898 1232 nuntius
926 1201 1192 1243 praecurrens
1217 1221 1226 1240 ‚
1264 1191 1305 1229 et

278 1268 479 1317 tanquam
498 1263 620 1304 navis
632 1294 642 1312 ‚
661 1273 759 1315 quae
779 1260 1006 1314 pertransit
1022 1260 1303 1300 fluctuantem

276 1348 299 1376 a
333 1347 446 1375 uam.
462 1349 481 1372 D

302 1348 540 1455 unaeritur
573 1404 624 1444 de
662 1403 761 1451 hoc,
787 1402 900 1455 quod
927 1402 1028 1442 dicit
1049 1413 1058 1441 :
1082 1399 1304 1443 Interdum

275 1476 522 1519 dominatur
538 1475 656 1517 homo
673 1475 851 1522 homini,
866 1475 1014 1514 utrum
1032 1472 1160 1512 homo
1172 1471 1302 1523 possit

270 1551 382 1600 juste
403 1546 566 1587 homini
586 1545 810 1586 dominari.
831 1543 950 1592 Quod
970 1543 1055 1594 sic,
1085 1541 1298 1584 videtur⁶z

279 1636 296 1657 a
317 1620 408 1660 Non
429 1621 490 1659 est
508 1619 704 1670 potestas,
727 1616 807 1656 nisi
827 1628 852 1655 a
881 1615 984 1664 Deo;
1008 1629 1027 1652 ι)
1053 1617 1094 1655 θῖ
1122 1614 1299 1666 Aposto-

273 1691 340 1730 lus
367 1689 467 1730 dicit
496 1690 526 1739 ἵ,
555 1687 667 1741 quod
697 1686 969 1727 serviendum
1006 1688 1067 1726 est
1094 1685 1299 1735 dominis,

278 1775 296 1799 α
328 1773 415 1801 non
437 1762 600 1800 tantum
630 1760 802 1810 propter
835 1757 1031 1797 timorem
1046 1788 1058 1807 ,
1083 1756 1155 1796 sed
1174 1756 1301 1796 etiam

273 1835 443 1885 propter
478 1829 775 1871 conscientiam
811 1843 820 1868 :
858 1842 877 1864 n
919 1828 989 1868 sed
1042 1828 1094 1879 (a)
1151 1839 1298 1878 omne,

273 1902 385 1955 quod
404 1904 466 1941 est
487 1913 511 1940 a
531 1901 635 1950 Deo,
658 1901 721 1939 est
740 1900 906 1950 ,iustum
926 1912 934 1938 ι
957 1909 1061 1949 ergo
1082 1897 1301 1937 hominem

272 1974 428 2014 habere
449 1973 695 2025 potestatem
724 1981 850 2022 super
876 1969 1094 2010 hominem
1121 1972 1184 2009 est
1204 1971 1298 2021 jus-

273 2049 378 2084 tum.
403 2043 614 2084 Praeterea
637 2041 671 2081 si
692 2040 945 2081 conscientia
964 2051 1052 2080 non
1075 2040 1203 2080 dictat
1230 2040 1300 2079 ho-

273 2113 376 2154 mini
415 2113 495 2153 nisi
528 2114 708 2165 justum,
744 2123 841 2152 cum
879 2114 942 2152 est
977 2113 1111 2161 recta;
1145 2113 1186 2151 et
1222 2111 1300 2151 hoc

271 2185 410 2234 dictat,
426 2196 523 2224 cum
537 2183 645 2224 dicat
664 2182 913 2236 Apostolus;
932 2194 1035 2234 ergo
1049 2184 1218 2235 Justum
1237 2185 1300 2222 est

270 2255 486 2296 hominem
500 2254 665 2295 homini
688 2265 777 2295 esse
796 2253 1026 2294 subditum.
1051 2253 1156 2293 Item
1171 2253 1299 2305 Apos-

270 2327 381 2368 tolus
397 2326 496 2366 dicit
514 2325 528 2346 ⁸
552 2340 559 2366 :
589 2341 608 2363 a
630 2325 777 2375 Servi,
801 2325 965 2365 obedite
995 2324 1175 2365 dominis
1201 2336 1296 2365 ear—

271 2396 435 2437 nalibus
456 2409 465 2436 :
487 2411 506 2433 »
532 2396 603 2437 sed
625 2395 849 2448 Apostolus
879 2407 965 2435 non
985 2395 1199 2446 hortatur,
1221 2406 1297 2435 nec

271 2468 474 2520 praecipit,
498 2467 575 2507 nisi
592 2469 782 2520 Justum:
802 2477 923 2517 ergo.
949 2465 1100 2506 Contra
1121 2481 1130 2506 z
1154 2466 1297 2507 homi—

271 2550 344 2578 nes
365 2541 463 2578 sunt
492 2538 676 2591 aequales
697 2540 848 2578 natura
872 2551 880 2577 ε
903 2549 1024 2589 ergO,
1043 2537 1157 2590 quod
1183 2550 1297 2578 unus

272 2608 393 2649 alteri
441 2609 609 2661 praesit,
648 2609 728 2649 hoc
768 2611 830 2649 est
879 2611 1025 2649 contra
1054 2612 1254 2649 naturam
1283 2623 1292 2649 t

271 2680 342 2720 sed
368 2692 494 2720 omne
530 2679 642 2732 quod
683 2682 745 2720 est
780 2682 924 2720 eontra
964 2682 1159 2720 naturam
1182 2712 1194 2731 ,
1235 2682 1297 2720 est

270 2754 484 2803 peccatum
503 2766 511 2801 ;
534 2763 653 2802 ergo.
679 2750 782 2791 Item
802 2762 949 2792 omnes
970 2751 1165 2791 homines
1197 2754 1297 2791 sunt

270 2821 389 2862 liberi
428 2834 502 2875 per
541 2824 738 2862 naturam
772 2835 781 2862 ι
817 2834 940 2874 ergo,
966 2822 1136 2874 quando
1167 2823 1296 2863 homo

270 2891 451 2931 efficitur
471 2903 642 2941 servus,
664 2892 744 2932 hoc
764 2895 826 2932 est
852 2904 926 2945 per
947 2893 1291 2946 usurpationem:

270 2961 342 3002 sed
372 2973 497 3001 omne
528 2965 778 3014 usurpatum
807 2965 870 3002 est
898 2965 1115 3014 peccatum
1145 2977 1154 3003 ε
1191 2975 1296 3016 ergo

271 3035 487 3084 peccatum
504 3034 566 3072 est
581 3032 742 3072 homini
772 3032 1005 3072 dominari:
1030 3033 1141 3086 quod
1162 3036 1293 3086 patet,

271 3101 371 3154 quia
407 3101 492 3143 Noe
528 3102 671 3143 divina
707 3103 953 3143 auctoritate
993 3103 1131 3143 filium
1170 3116 1295 3145 suum

272 3172 400 3213 Cham
420 3173 515 3213 fecit
534 3184 705 3213 servum
731 3173 925 3213 fratrum.
950 3172 1149 3214 Similiter
1183 3174 1297 3215 Isaac

271 3243 365 3283 fecit
381 3243 432 3283 de
452 3242 563 3283 Esau
582 3245 623 3283 et
640 3242 782 3283 Jacob.
807 3242 1051 3296 Respondeo
1071 3243 1296 3284 dicendum

271 3313 384 3366 quod
399 3314 563 3365 justum
573 3315 636 3353 est
654 3312 870 3353 hominem
883 3313 1048 3354 homini
1069 3314 1294 3355 dominari.

313 3396 323 3415 ¹
348 3395 427 3427 Im..
446 3402 541 3434 xxvi,
565 3397 613 3434 10,
635 3394 820 3426 secundum
842 3395 939 3427 LXX.
963 3413 1002 3418 —
1022 3396 1035 3416 ²
1059 3396 1168 3435 Prov„
1188 3405 1221 3436 x,
1243 3398 1294 3429 27.

271 3458 312 3463 —
340 3440 354 3461 ⁸
378 3441 465 3472 Psal.
493 3448 572 3480 mv,
596 3443 647 3472 24.
674 3458 714 3465 -
739 3441 751 3462 δ
770 3441 864 3472 Psal.
892 3449 1016 3482 xxxv1,
1038 3445 1087 3475 36.
1109 3461 1149 3466 -
1172 3446 1182 3463 ⁵
1202 3446 1294 3485 Sap„

273 3495 303 3525 v,
331 3488 361 3518 9.
386 3503 418 3508 -
448 3488 459 3504 ‘²
479 3487 579 3525 Rom„
612 3495 698 3527 xm,
724 3491 750 3517 ¹.
772 3504 812 3511 —
842 3489 850 3506 ⁷
877 3489 970 3525 ibid„
1000 3492 1030 3521 5.
1058 3507 1092 3513 —
1123 3490 1137 3512 ὃ
1162 3491 1297 3532 EpheS„

274 3541 320 3574 vi,
340 3535 369 3564 5.
393 3550 431 3556 —
457 3534 468 3551 θ
488 3533 618 3573 Τὴνθη.,
637 3541 691 3573 ιιι,
710 3536 762 3566 22.
780 3551 820 3558 -—-
842 3536 869 3557 ¹⁰
888 3536 992 3577 Rom„
1013 3544 1050 3576 11,
1072 3539 1101 3569 ¹0.

952 254 1226 298 EXPOSITIO
1257 255 1308 297 ΙΝ
1338 254 1736 300 ECCLESIASTEN.

1381 344 1432 385 Et
1450 345 1503 386 ad
1524 345 1642 397 illud,
1663 349 1776 400 quod
1809 350 2005 403 objicitur
2023 352 2074 393 de
2093 351 2197 402 1100,
2213 353 2326 405 quod
2344 357 2406 394 est

1381 419 1526 457 contra
1544 420 1756 470 naturam,
1773 422 1813 460 et
1832 422 1945 473 quod
1964 420 2102 463 omnis
2119 421 2249 463 homo
2267 427 2330 463 est
2351 423 2401 463 li-

1380 486 1475 537 ber3
1497 488 1835 541 intelligendum,
1857 492 1971 544 quod
1986 492 2143 545 duplex
2164 495 2226 533 est
2245 495 2378 534 status
2393 525 2404 544 ‚

1381 557 1536 598 scilicet
1557 562 1722 600 naturae
1743 561 1968 612 destitutae,
1989 566 2029 603 et
2048 566 2212 604 naturae
2232 563 2406 604 institu-

1380 630 1433 668 tae
1458 642 1466 668 ε
1489 633 1698 681 quantum
1726 631 1779 671 ad
1808 634 1964 672 statum
1989 636 2153 674 naturae
2172 634 2375 674 institutae
2392 665 2403 684 ‚

1380 698 1457 737 etsi
1473 710 1620 739 omnes
1650 703 1786 741 essent
1814 701 1935 742 liberi
1964 705 2006 743 et
2034 703 2231 756 aequales,
2253 705 2294 743 et
2320 715 2406 744 non

1380 771 1488 808 esset
1509 769 1746 811 dominium
1768 772 2030 825 hominibus,
2052 786 2137 827 quo
2162 776 2402 826 praeessent,

1379 838 1460 877 nisi
1476 839 1574 879 solis
1595 840 1730 882 brutis
1747 855 1756 891 ;
1773 844 1918 883 tamen
1937 846 2146 896 quantum
2176 844 2230 885 ad
2249 846 2407 885 statum

1379 910 1542 950 natura}
1561 913 1771 964 corruptae
1792 913 1912 953 aliter
1937 916 2000 954 est
2024 928 2032 955 :
2061 914 2162 966 quia
2187 914 2303 955 enim
2335 913 2406 954 alii

1377 978 1469 1018 aliis
1489 983 1587 1021 sunt
1617 982 1801 1034 pejores,
1836 985 1876 1023 et
1909 983 2024 1033 mali,
2056 984 2151 1025 ideo
2183 985 2302 1037 justo
2328 985 2399 1037 ju-

1378 1049 1485 1090 dicio
1514 1050 1585 1090 Dei
1617 1051 1660 1091 in
1696 1064 1740 1093 se
1788 1055 1829 1093 et
1875 1054 2050 1106 posteris
2064 1085 2073 1103 ‚
2123 1055 2236 1097 servi
2271 1055 2395 1096 fiunt.

1377 1118 1472 1160 Alia
1490 1120 1615 1160 etiam
1626 1121 1734 1162 ratio
1748 1125 1810 1163 est
1829 1123 2089 1174 dominandi,
2112 1124 2266 1164 scilicet
2282 1135 2406 1177 prop-

1377 1191 1441 1230 ter
1460 1189 1813 1233 cohabitationem
1845 1193 2056 1234 malorum
2084 1207 2092 1233 ε
2116 1194 2151 1233 si
2180 1193 2296 1234 enim
2319 1205 2403 1234 non

1377 1262 1485 1300 esset
1522 1263 1703 1312 potestas
1738 1262 2005 1315 temporalis,
2042 1263 2216 1315 quilibet
2253 1263 2406 1304 faceret

1377 1331 1489 1382 quod
1509 1331 1591 1371 sibi
1609 1334 1771 1372 rectum
1790 1332 2006 1374 videretur
2023 1348 2032 1383 ;
2055 1335 2095 1373 et
2113 1333 2171 1373 ita
2187 1335 2295 1374 esset
2308 1333 2405 1374 scis-

1377 1401 1438 1441 sio
1453 1401 1700 1454 iniquitatis,
1723 1404 1764 1442 et
1795 1403 1970 1455 quilibet
1992 1403 2043 1443 ad
2079 1406 2230 1445 votum
2259 1415 2406 1456 pecca-

1376 1476 1489 1513 caret
1508 1487 1517 1513 :
1540 1476 1582 1514 et
1600 1473 1659 1514 sic
1678 1476 1813 1526 potest
1846 1487 1934 1516 esse
1954 1474 2191 1516 dominium
2210 1476 2251 1516 et
2270 1475 2404 1517 servi-

1376 1545 1444 1583 tus
1465 1543 1510 1583 in
1535 1544 1792 1585 hominibus.
1815 1544 1967 1586 Utrum
1995 1547 2137 1586 autem
2165 1545 2267 1587 mali
2290 1548 2406 1599 ¹juste

1376 1614 1539 1666 possint
1562 1615 1611 1666 (b)
1632 1627 1814 1667 praeesse
1833 1616 1968 1666 bonis,
1990 1619 2207 1669 quaeretur
2224 1617 2349 1658 infra.

1430 1684 1643 1733 Quaeritur
1661 1686 1711 1726 de
1730 1686 1824 1737 hoo,
1843 1686 1955 1738 quod
1974 1686 2096 1727 dicit:
2120 1687 2286 1739 Impius
2307 1698 2404 1730 cen—

1377 1757 1455 1798 ties
1482 1759 1640 1809 peccat,
1659 1759 1697 1799 et
1722 1760 2013 1808 sustentatur,
2035 1760 2184 1799 utrum
2212 1759 2267 1799 sit
2282 1760 2404 1800 beni-

1377 1827 1564 1878 gnitatis,
1588 1828 1657 1868 vel
1690 1828 1938 1869 severitatis.
1967 1828 2075 1877 Quia
2112 1829 2401 1882 benignitatis,

1375 1897 1543 1939 videtur
1564 1901 1576 1922 ⁰
1600 1913 1608 1938 :
1639 1913 1658 1936 «
1676 1898 1975 1939 Misericordiae
1995 1899 2175 1951 Domini,
2198 1900 2300 1952 quia
2319 1912 2404 1942 non

1375 1980 1524 2009 sumus
1540 1969 1792 2022 consumpti.
1812 1983 1831 2006 »
1857 1969 2069 2010 Praeterea
2087 1969 2316 2022 Apostolus
2338 1975 2368 1997 ¹⁰
2391 1985 2400 2012 :

1380 2054 1399 2078 ε(
1418 2039 1608 2091 Ignoras,
1631 2039 1742 2092 quod
1761 2039 2005 2091 benignitas
2024 2039 2096 2081 Dei
2117 2040 2169 2081 ad
2194 2040 2402 2093 poeniten-

1373 2111 1478 2151 tiam
1520 2114 1560 2152 te
1595 2111 1794 2152 adducit?
1829 2125 1848 2149 »
1895 2111 1977 2152 Sed
2015 2113 2162 2152 contra
2192 2123 2206 2152 .·
2243 2111 2404 2165 Impius

1374 2184 1532 2235 quanto
1552 2183 1599 2232 (0)
1620 2182 1715 2235 plus
1733 2181 1862 2232 vivit,
1884 2184 2002 2223 tanto
2018 2182 2140 2235 plura
2159 2181 2271 2222 mala
2289 2182 2400 2234 facit,

1373 2255 1414 2293 et
1433 2255 1550 2294 tanto
1582 2253 1838 2294 cruciabitur
1862 2253 2001 2293 aerius
2036 2267 2044 2293 :
2077 2264 2182 2304 ergo
2211 2253 2247 2293 si
2279 2253 2403 2293 citius

1373 2325 1626 2373 moreretur,
1648 2322 1801 2363 melius
1821 2326 1930 2364 esset
1949 2322 1986 2363 ei
2016 2338 2024 2363 τ
2058 2334 2162 2374 ergo
2182 2322 2296 2375 quod
2315 2321 2402 2363 dies

1373 2394 1601 2446 elongatur
1621 2393 1716 2444 sibi,
1735 2393 1875 2446 potius
1895 2396 1956 2434 est
1974 2393 2152 2444 malum,
2174 2405 2303 2446 quam
2322 2393 2398 2434 bo-

1372 2476 1477 2504 num
1493 2478 1501 2505 :
1519 2476 1622 2516 ergo
1638 2463 1888 2505 severitatis,
1905 2463 2148 2517 Respondeo
2160 2463 2399 2514 dicendum,

1372 2536 1483 2589 quod
1507 2536 1681 2589 quidam
1702 2538 1801 2577 sunt
1820 2535 1941 2588 impii
1953 2547 2060 2589 quos
2080 2535 2275 2588 praevidit
2295 2534 2403 2576 Deus

1372 2607 1424 2648 ad
1443 2619 1486 2648 se
1504 2619 1750 2648 reversuros
1781 2621 1790 2647 ;
1820 2607 1976 2648 talibus
2007 2607 2107 2649 vita*
2135 2606 2322 2648 dilatatio
2341 2606 2398 2660 (cl)

1372 2681 1434 2719 est
1471 2678 1644 2719 effectus
1681 2690 1854 2730 magnae
1894 2677 2192 2718 misericordiae
2231 2679 2398 2730 aperte,

1372 2751 1413 2789 et
1432 2749 1477 2788 in
1496 2749 1674 2790 occulto.
1707 2748 1791 2789 Alii
1816 2750 1940 2798 sunt,
1962 2759 2069 2801 quos
2089 2747 2283 2800 praevidit
2310 2759 2402 2800 pec-

1372 2822 1463 2860 cata
1481 2819 1833 2871 multiplicaturos
1850 2849 1860 2867 ‚
1877 2821 1918 2859 et
1933 2814 1980 2858 in
2000 2818 2060 2858 eis
2080 2817 2336 2867 morituros3
2359 2819 2401 2858 et

1371 2889 1527 2929 talibus
1554 2889 1835 2942 prolongare,
1853 2888 2031 2941 ,iustitiae
2051 2890 2141 2936 est,
2162 2890 2204 2928 et
2232 2887 2400 2928 miseri-

1372 2959 1524 3000 cordiae
1557 2974 1565 3000 :
1607 2958 1906 3000 misericordiae
1921 2989 1931 3007 ‚
1971 2956 2071 3009 quia
2109 2957 2302 2998 differtur
2341 2959 2401 2999 eis

1371 3042 1497 3083 poena
1527 3029 1706 3071 crudelis
1723 3044 1733 3080 ;
1764 3029 1835 3070 sed
1869 3027 2043 3069 occultae
2074 3027 2274 3079 Justitiae,
2301 3027 2402 3080 quia

1372 3101 1631 3153 permittitur
1647 3101 1698 3152 ei,
1717 3100 1849 3153 quiin
1869 3098 2063 3140 sordibus
2083 3101 2159 3148 est,
2176 3099 2291 3151 quod
2307 3110 2402 3149 sor-=

1372 3172 1510 3212 descat
1529 3172 1686 3221 adhuc;
1719 3170 1878 3211 meruit
1913 3170 2029 3210 enim
2058 3169 2151 3210 ideo
2170 3169 2397 3222 prolonga-

1371 3242 1531 3283 tionem
1554 3242 1652 3284 vitae
1676 3256 1684 3281 z
1709 3243 1918 3294 quantum
1949 3240 2002 3281 ad
2034 3240 2136 3290 hoc,
2166 3240 2399 3283 severitatis

1372 3312 1560 3353 occultae.

1426 3385 1490 3424 14.
1511 3383 1587 3426 Est
1600 3382 1737 3426 etalia
1747 3383 1919 3425 vanitas
1929 3413 1942 3432 ,
1959 3384 2037 3422 etc.
2053 3380 2191 3434 Supra
2202 3379 2395 3432 ostendit,

1414 3494 1457 3533 (α)
1481 3495 1560 3526 Coet.
1577 3494 1656 3527 edit.
1679 3503 1772 3535 ergo.
1794 3511 1835 3518 —-
1856 3494 1899 3534 (b)
1922 3494 2001 3525 Item
2016 3493 2165 3534 possent.
2185 3508 2226 3515 ·-
2257 3493 2294 3533 (c)
2315 3494 2398 3526 Item

1372 3542 1520 3580 quando.
1539 3559 1573 3564 —
1597 3541 1642 3582 (d)
1666 3542 1746 3572 Item
1765 3540 1891 3573 dilatio.

2427 2483 2552 2520 Elonga-

2432 2524 2472 2552 tio
2485 2526 2543 2554 die-

2423 2574 2488 2594 rum
2519 2568 2560 2595 di-

2420 2615 2503 2636 versa
2511 2610 2560 2638 ho-

2428 2650 2559 2679 minibus

2447 2691 2531 2720 sacta.
