2633 3878
850 224 901 265 IN
931 220 1308 264 HEXAEMERON.
1340 224 1515 266 SERMO
1552 227 1654 267 VIII.

183 316 311 357 dicit¹
336 330 345 357 :
375 331 394 356 α
424 317 456 359 Ο
485 316 664 358 altitudo
688 314 938 357 divitiarum
969 311 1186 366 sapientiae
1203 342 1213 362 ‚

184 390 226 429 et
277 388 461 430 scientiae
504 387 575 429 Dei
602 419 613 439 ,
645 401 665 425 »
714 389 793 427 etc.
823 397 832 426 :
874 384 1092 438 sapientiae
1143 381 1212 435 (a),

185 464 394 514 quantum
433 461 486 502 ad
520 459 715 501 notitiam
754 457 826 499 Dei
856 455 1038 506 aeterni;
1078 454 1215 494 scien-

185 534 255 574 tiae
297 533 358 586 (b),
388 534 599 586 quantum
640 531 693 572 ad
729 530 923 571 notitiam
955 528 1027 569 Dei
1058 528 1213 568 huma-

186 605 289 646 nati.
304 604 420 646 Unde
432 605 752 645 firmamentum
770 603 929 642 factum
944 604 1002 641 est
1017 601 1064 640 in
1076 597 1216 639 medio

185 689 396 730 aquarum
411 708 423 727 ,
447 676 528 716 hoc
546 678 631 726 est,
652 675 757 715 fides
771 706 781 724 ,
804 676 851 715 ut
870 673 1098 725 cognoscat
1117 670 1215 710 ani-

185 759 256 789 ma
271 759 367 801 quae
387 759 516 803 super
532 748 873 796 firmamentum,
897 747 938 785 et
959 743 1040 784 sub
1067 742 1213 783 firma-

184 822 327 860 mento
358 822 457 860 sunt
480 832 488 857 :
510 821 551 860 ct
582 819 673 859 liaec
704 816 939 870 sapientia,
970 814 1120 856 notitia
1154 814 1217 853 est

183 890 425 932 divinarum
451 903 619 941 rerum,
649 892 689 930 et
708 888 882 930 scientia
907 888 1213 928 humanarum.

183 961 624 1017 Incomprehensibilis
650 964 714 1004 est
735 960 939 1015 sapientia
955 992 965 1010 ,
990 971 1067 1012 per
1085 969 1216 1012 quam

177 1034 337 1088 ,iudicat
356 1035 528 1085 omnia;
551 1034 624 1075 sed
645 1033 830 1074 maxime
849 1030 1212 1084 incomprehensi-

181 1106 300 1157 bilis,
322 1118 420 1160 quae
448 1106 548 1147 facit
573 1106 664 1147 vias
683 1102 1156 1158 incomprehensibiles,
1177 1105 1218 1143 et

181 1178 517 1231 investigabilis.
541 1177 596 1219 De
615 1178 754 1231 primo
782 1176 827 1216 in
846 1174 1088 1218 Proverbiis
1113 1173 1214 1215 dici-

181 1252 251 1290 tur
269 1250 284 1273 ²
306 1262 316 1290 :
346 1249 482 1291 «Tria
509 1249 615 1290 mihi
645 1248 832 1290 difficilia
862 1249 991 1298 sunt,
1020 1249 1060 1287 et
1085 1257 1217 1299 quar-

33 1346 162 1378 Quamor
180 1323 273 1361 tum
294 1322 462 1375 penitus
489 1322 641 1375 ignoro
665 1336 673 1362 ε
700 1321 815 1363 viam
837 1319 992 1374 aquilae
1012 1319 1058 1359 in
1078 1317 1185 1359 coelo
1201 1349 1214 1369 ,

21 1385 161 1413 difficilia.

183 1392 295 1434 viam
326 1393 491 1434 colubri
522 1406 650 1447 super
681 1396 839 1446 petram
856 1425 867 1444 ,
889 1392 1005 1434 viam
1027 1391 1150 1432 navis
1171 1390 1217 1431 in

183 1465 321 1506 medio
353 1465 481 1516 mari,
513 1468 554 1506 et
585 1465 700 1506 viam
730 1465 812 1505 viri
841 1465 884 1504 in
916 1463 1214 1504 adolescentia.

181 1535 257 1577 Via
276 1537 431 1590 aquilae
463 1537 507 1577 in
539 1537 644 1577 coelo
675 1537 754 1577 fuit
780 1535 969 1576 Christus
993 1535 1039 1574 in
1067 1546 1215 1578 ascen-

180 1608 297 1649 sione
308 1620 322 1660 ;
345 1609 415 1649 via
448 1608 631 1659 colubri,
663 1608 708 1647 in
739 1606 1069 1656 resurrectione,
1116 1606 1217 1658 quia

179 1679 352 1721 coluber
388 1680 432 1720 in
471 1682 591 1732 petra
630 1681 894 1729 renovatur,
927 1678 1002 1719 ubi
1040 1677 1216 1718 dimittit

179 1753 390 1792 vetustam
411 1751 593 1804 pellem;
634 1750 705 1791 via
742 1750 865 1791 navis
910 1750 954 1790 in
994 1749 1132 1800 mari,
1169 1749 1214 1790 in

178 1823 393 1878 passione3
425 1838 444 1862 (ι
462 1823 535 1864 via
552 1822 638 1863 viri
660 1823 704 1862 in
723 1821 1024 1873 adolescentia,
1043 1835 1062 1859 n
1085 1821 1131 1861 in
1153 1822 1216 1861 in-

179 1894 446 1947 carnatione,
462 1907 595 1948 quam
612 1894 782 1948 penitus
802 1906 846 1934 se
868 1893 968 1934 dicit
981 1893 1184 1945 ignorare
1203 1905 1213 1934 :

180 1968 221 2007 et
231 1978 382 2008 verum
399 1969 460 2008 est
477 1966 711 2008 secundum
727 1966 962 2006 humanam
979 1965 1212 2017 rationem;

44 2056 158 2090 Duplex
178 2038 250 2079 sed
281 2051 356 2092 per
383 2039 512 2080 fidem
543 2038 771 2079 credimus.
807 2036 881 2078 Est
916 2049 1021 2088 ergo
1054 2037 1214 2089 duplex

17 2180 118 2208 menti.

177 2109 353 2151 altitudo
372 2110 631 2151 firmamenti
651 2124 659 2151 :
683 2122 793 2161 una,
816 2121 892 2162 per
913 2122 1045 2163 qnam
1066 2121 1214 2163 supre-

176 2193 248 2222 ma
268 2182 458 2236 respicit;
484 2182 616 2223 altera
631 2213 640 2231 ‚
664 2194 888 2235 perquam
909 2181 1059 2222 infima
1079 2194 1088 2223 ε
1108 2194 1210 2233 una,

175 2265 251 2306 per
270 2266 400 2307 quam
427 2255 545 2296 docet
572 2267 828 2307 cognoscere
857 2254 992 2295 Deum
1019 2254 1209 2305 trinum3

175 2325 334 2378 altera,
366 2326 498 2367 Deum
536 2327 822 2368 incarnatum.
857 2326 914 2367 De
944 2326 1012 2367 his
1044 2326 1212 2367 duobus

168 2397 329 2439 dicitur
353 2399 398 2439 in
429 2400 571 2451 Isctia,
598 2399 644 2439 in
677 2399 861 2444 visione,
883 2410 981 2452 quae
1011 2398 1209 2439 omnium

175 2470 392 2511 visionum
420 2483 597 2511 suarum
628 2471 706 2511 fuit
735 2470 885 2510 radix³
916 2485 923 2510 :
955 2485 974 2508 «
1005 2468 1099 2510 Vidi
1129 2469 1208 2509 Dor

176 2541 344 2581 minum
364 2542 600 2592 sedentem,
627 2556 646 2579 n
667 2545 743 2582 etc.
764 2541 906 2594 Usque
922 2542 980 2582 ibi
1003 2555 1011 2581 :
1043 2557 1062 2580 (ι
1083 2542 1211 2584 Plena

176 2615 237 2652 est
255 2612 394 2653 omnis
407 2616 563 2653 terra.»
581 2612 632 2654 Εῖ
644 2613 784 2653 statim
804 2613 996 2665 sequitur
1016 2625 1209 2654 excaeca-

174 2684 232 2725 tio
245 2683 509 2735 Judaeorum,
529 2684 836 2725 etilluminatio
857 2684 1066 2735 gentium.
1092 2684 1210 2726 Unde

174 2755 273 2797 dicit
303 2756 504 2797 Dominus
524 2757 538 2778 ⁸
569 2756 682 2809 apud
713 2757 916 2799 Jocmnem
952 2756 997 2810 (c)
1035 2769 1045 2797 z
1074 2757 1208 2798 «Haec

173 2826 272 2868 dicit
293 2827 439 2878 lsaias‚
457 2828 628 2881 quando
642 2828 747 2869 vidit
764 2828 1043 2869 Dominum.»
1070 2829 1121 2870 Et
1142 2842 1206 2870 se-

174 2899 322 2952 quitur
337 2902 351 2925 ⁵
367 2913 407 2940 z«
427 2899 605 2941 Excaeca
616 2912 686 2940 cor
700 2899 847 2952 populi
862 2900 1007 2954 hujus,
1022 2903 1064 2942 et
1081 2914 1208 2943 aures

175 2971 268 3022 eJus
285 2970 339 3024 (d)
351 2983 584 3023 aggrava.»
602 2971 720 3012 Unde
731 2971 985 3013 illuminatio
995 2973 1206 3026 gentium,

176 3040 253 3082 fuit
272 3042 496 3082 excaecatio
523 3041 543 3083 J
550 3042 787 3092 udaeorum.
811 3041 861 3082 Et
887 3042 937 3082 de
966 3042 1046 3084 hoc
1074 3045 1209 3086 excla-

177 3114 263 3153 mat
274 3112 501 3166 Apostolus
518 3113 538 3154 :'
548 3128 566 3151 (ι
577 3112 608 3155 Ο
623 3113 800 3154 altitudo
810 3113 1073 3166 divitiarum,
1088 3131 1107 3153 »
1126 3119 1204 3157 etc.

182 3198 202 3222 <z
221 3181 314 3236 Ego
332 3184 442 3234 vidi,
465 3199 485 3222 »
511 3184 668 3225 scilicet
688 3184 894 3226 visionem
915 3184 1208 3238 intelligentiae

178 3266 254 3308 per
285 3255 411 3297 fidem
443 3255 695 3307 sublevatae,
717 3258 758 3297 et
789 3255 983 3297 stabilitae
1009 3257 1054 3298 in
1073 3258 1209 3299 subli-

178 3325 324 3368 mitate
349 3327 568 3381 sapientiae
587 3329 782 3379 aeternae,
804 3340 879 3382 per
898 3340 1027 3381 quam
1047 3332 1109 3371 est
1127 3331 1208 3373 du-

176 3397 275 3452 plex
304 3399 478 3450 lumen,
512 3399 902 3451 inflammativum,
939 3402 981 3440 et
1016 3402 1206 3456 seraphi-

221 3507 263 3547 (α)
292 3507 373 3542 Coet.
402 3508 482 3540 edit.
512 3507 690 3550 sapientia.
721 3525 762 3531 —
795 3507 840 3550 (b)
876 3508 956 3540 Item
987 3509 1138 3545 scientia.
1167 3528 1208 3537 -

178 3551 218 3593 (c)
241 3553 324 3587 Coet.
342 3555 421 3589 edit.
443 3555 524 3589 dicit
542 3557 702 3589 Joannes.
718 3573 752 3579 —
775 3555 824 3597 (d)
841 3557 923 3589 Item
943 3556 1027 3600 ejus,
1044 3559 1078 3591 et
1091 3568 1203 3593 aureS.

2272 231 2315 266 71

1292 325 1412 354 cum:
1428 315 1540 368 quod
1553 315 1726 369 quidem
1741 316 2010 369 seraphicum
2025 315 2123 357 facit
2140 315 2324 357 clamare

1290 384 1536 440 tripliciter,
1568 388 1608 428 et
1635 387 1731 427 facit
1765 387 1869 427 fides
1897 387 2055 440 duplici
2087 387 2325 441 seraphica-

1291 455 1404 497 tione
1434 458 1621 499 animam
1653 458 1941 512 seraphicum,
1971 462 2011 499 et
2038 460 2136 500 facit
2164 461 2324 501 mentes

1291 526 1423 568 alatas
1455 530 1567 571 senis
1599 530 1689 571 alis.
1726 529 1966 570 Intellectus
1997 531 2111 571 enim
2152 533 2320 581 noster,

1291 600 1523 641 secundum
1548 601 1674 643 fidem
1696 601 1988 651 illuminatus,
2011 601 2163 642 clamat
2186 601 2320 655 tripli-

1292 669 1393 710 citer
1415 682 1424 710 :
1453 686 1472 710 «
1492 671 1693 723 Sanctus,
1726 672 1925 723 Sanctus,
1959 672 2153 714 Sanctus,
2173 688 2191 710 »
2217 673 2324 714 Sunt

1292 742 1406 782 enim
1428 743 1514 784 duo
1534 743 1751 796 seraphim
1782 743 1825 783 in
1846 744 1967 784 nobis
1991 743 2161 784 stabiliti
2183 756 2255 797 pcr
2273 744 2321 784 si-

1292 813 1388 854 dem
1414 829 1423 864 ;
1464 818 1503 856 et
1539 815 1717 868 quilibet
1747 815 1900 855 clamat
1926 814 2081 867 triplici
2112 814 2323 856 exclama-

1291 885 1425 936 tione,
1454 889 1599 927 tamen
1629 898 1716 927 non
1747 886 1828 926 nisi
1861 886 1988 926 semel
2023 900 2031 926 :
2069 901 2089 924 «
2122 886 2327 927 Dominus

1292 956 1415 998 Deus.
1441 972 1461 995 »
1486 957 1644 999 Notitia
1671 957 1786 999 enim
1819 956 1891 998 Dei
1920 959 1982 998 cst
2013 957 2164 998 notitia
2194 956 2326 998 trium

1291 1040 1593 1082 personarum,
1617 1041 1714 1070 cum
1734 1029 1897 1070 unitate
1917 1030 2124 1070 essentiae.
2145 1028 2263 1070 Unde
2283 1029 2296 1052 ⁶
2315 1040 2324 1068 :

1297 1099 1437 1141 «Tres
1456 1103 1569 1151 sunt,
1592 1100 1667 1154 qui
1686 1100 1980 1141 testimonium
2007 1100 2108 1141 dant
2132 1100 2176 1140 in
2199 1101 2325 1152 coelo,

1293 1172 1416 1213 Pater
1430 1203 1443 1223 ,
1465 1172 1652 1215 Verbum
1671 1204 1682 1223 ,
1715 1175 1756 1213 et
1777 1171 1962 1225 Spiritus
1992 1172 2163 1213 sanctus
2186 1182 2197 1214 ε
2220 1173 2262 1214 et
2284 1171 2328 1214 hi

1292 1247 1377 1286 tres
1393 1257 1531 1286 unum
1560 1247 1674 1286 sunt.
1696 1259 1716 1283 »
1745 1244 1984 1285 Intellectus
2004 1256 2110 1297 ergo
2137 1245 2329 1299 seraphi-

1292 1328 1387 1368 cus,
1407 1316 1449 1357 id
1477 1319 1534 1357 est
1553 1348 1563 1365 ,
1588 1315 1854 1357 illuminatus
1874 1317 1914 1357 et
1943 1316 2233 1358 inflammatus
2254 1328 2330 1370 per

1290 1387 1440 1439 fidem,
1464 1388 1617 1429 clamat
1635 1390 1700 1429 ter
1719 1402 1728 1429 :
1749 1403 1767 1427 «
1786 1387 2016 1429 Sanctus.»
2036 1388 2155 1429 Alter
2175 1387 2330 1442 seraph

1291 1461 1517 1514 respondet
1545 1475 1553 1502 :
1589 1475 1608 1499 c<
1629 1459 1830 1508 Sanctus,
1852 1458 2052 1510 Sanetus,
2075 1458 2280 1509 Sanctus;
2306 1472 2327 1497 »

1291 1534 1392 1586 quia
1417 1533 1527 1574 sicut
1559 1533 1603 1573 in
1630 1532 1714 1573 Deo
1735 1533 1894 1572 aeterno
1913 1534 1975 1571 est
1994 1531 2161 1572 trinitas
2182 1542 2325 1585 perso-

1291 1616 1447 1645 narum
1480 1616 1580 1645 cum
1612 1604 1774 1644 unitate
1803 1602 2018 1654 essentiae,
2041 1602 2101 1644 ita
2129 1603 2257 1644 etiam
2282 1603 2327 1644 in

1292 1676 1375 1718 Deo
1393 1676 1629 1717 humanato
1648 1678 1748 1717 sunt
1762 1677 1847 1716 tres
1866 1676 2031 1716 naturae
2048 1687 2148 1716 cum
2166 1675 2327 1718 unitate

1290 1761 1484 1804 personae
1503 1763 1511 1790 :
1532 1751 1573 1790 et
1590 1748 1660 1790 isti
1680 1749 1783 1789 sunt
1801 1750 1887 1788 tres
1907 1746 2069 1788 radices
2089 1747 2201 1799 fidei,
2218 1760 2327 1802 quas

1290 1821 1364 1875 qui
1392 1822 1590 1874 ignorat,
1619 1820 1695 1862 vix
1714 1818 1846 1861 credit
1868 1830 1878 1859 τ
1897 1820 1945 1859 ut
1965 1831 2143 1872 coerS,
2168 1819 2324 1871 anima,

1289 1894 1435 1934 deitas.
1459 1892 1639 1934 Sanctus
1659 1891 1850 1933 Christus
1867 1892 2060 1931 sanctum
2080 1890 2209 1931 habet
2230 1902 2327 1932 cor-

1289 1980 1370 2022 pus
1393 1980 1403 2008 z
1426 1970 1595 2008 sanctus
1617 1965 1830 2017 Christus,
1852 1966 2041 2007 sanctam
2074 1964 2204 2007 habet
2233 1966 2323 2007 ani·

1288 2053 1404 2081 mam
1434 2055 1444 2090 ;
1486 2042 1656 2081 sanctus
1695 2038 1886 2080 Christus
1910 2069 1920 2086 ‚
1961 2039 2149 2078 sanctam
2197 2038 2326 2080 habet

1288 2112 1571 2155 divinitatem.
1592 2111 1771 2152 Sanctus
1793 2108 1992 2158 interim,
2015 2111 2186 2150 sanctus
2209 2111 2324 2152 exte-

1287 2184 1441 2235 terius,
1475 2185 1644 2224 sanctus
1674 2181 1851 2222 inferius
1869 2212 1881 2232 ,
1911 2183 2080 2221 sanctus
2110 2181 2320 2234 superius.

1288 2256 1364 2298 Hae
1387 2258 1488 2297 sunt
1508 2255 1604 2296 duae
1631 2253 1894 2306 cognitiones
1913 2252 2010 2293 fidei
2032 2252 2323 2295 illuminantes

1287 2331 1328 2370 et
1344 2329 1540 2369 ardentes
1558 2326 1825 2376 triformiter,
1857 2324 1910 2365 ad
1939 2324 2147 2365 unitatem
2168 2325 2323 2366 reduc-

1286 2402 1355 2440 tae.
1379 2399 1568 2440 Clamare
1591 2401 1736 2439 autem
1762 2396 1961 2437 dicuntur
1981 2400 2154 2449 propter
2181 2396 2320 2438 admi-

1286 2472 1493 2512 rationem
1524 2504 1533 2521 ,
1565 2470 1667 2524 quia
1698 2471 1933 2521 utrumque
1963 2470 2026 2508 est
2056 2467 2317 2510 admirabile.

1286 2542 1405 2584 Unde
1437 2543 1538 2584 dicit
1568 2542 1768 2584 Psalmus
1789 2544 1802 2566 ⁷
1828 2554 1835 2579 ε
1865 2555 1885 2579 «
1913 2539 2089 2581 Domine
2112 2540 2320 2582 Dominus

1283 2618 1426 2656 noster
1447 2647 1456 2666 ,
1495 2625 1623 2667 quam
1658 2610 1908 2653 admirabile
1930 2642 1942 2661 ,
1965 2626 1983 2648 »
2006 2613 2084 2651 etc.
2104 2613 2144 2651 et
2167 2625 2175 2651 z
2201 2626 2221 2651 (ι
2242 2612 2320 2652 Mi-

1285 2687 1415 2728 nuisti
1433 2699 1533 2727 enm
1550 2685 1678 2738 paulo
1696 2683 1837 2725 minus
1854 2684 1906 2724 ab
1927 2683 2130 2735 angelis.»
2151 2683 2201 2724 Et
2219 2696 2318 2726 vere

1283 2758 1529 2800 admirabile
1560 2769 1718 2798 nomen
1750 2761 1960 2809 quantum
1990 2755 2044 2796 ad
2073 2755 2206 2796 Deum
2240 2756 2315 2796 tri-

1283 2843 1388 2872 num
1405 2863 1417 2883 ,
1445 2830 1546 2884 quia
1570 2829 1628 2869 ibi
1654 2831 1718 2869 est
1742 2840 1843 2870 vera
1876 2827 2088 2869 distinctio
2115 2839 2315 2880 persona-

1283 2915 1381 2943 rum
1400 2914 1499 2942 cum
1528 2901 1690 2942 unitate
1717 2900 1929 2950 essentiae,
1954 2911 2029 2952 per
2061 2912 2190 2952 quam
2219 2904 2318 2942 sunt

1284 2986 1466 3016 summae
1479 3006 1488 3024 ,
1509 2972 1768 3026 coaequales,
1791 2974 2026 3022 eoaeternae,
2044 2972 2318 3014 consubstan-

1283 3046 1402 3087 tiales
1421 3078 1431 3097 ,
1463 3043 1771 3086 coessentiales.
1808 3043 1912 3084 Item
1944 3045 2008 3083 est
2042 3043 2314 3095 admirabile,

1283 3119 1484 3173 quoniam
1515 3120 1601 3158 tres
1627 3118 1794 3157 naturae
1825 3116 2063 3167 conjunctae
2091 3116 2212 3164 sunt;
2242 3125 2314 3154 su-

1283 3202 1481 3246 premum
1499 3201 1598 3231 cum
1624 3189 1775 3229 infimo
1795 3187 1885 3228 sine
1905 3187 2198 3240 depressione;
2227 3187 2314 3241 pri-

1283 3275 1403 3305 mum
1425 3274 1523 3303 cum
1543 3261 1696 3302 ultimo
1714 3260 1804 3301 sine
1824 3259 2120 3309 innovatione;
2137 3257 2317 3312 simplex

1283 3346 1383 3376 cum
1420 3332 1654 3386 composito
1685 3331 1776 3373 sine
1811 3329 2127 3383 compositione.
2168 3328 2216 3370 ln
2249 3328 2315 3370 his

1326 3467 1456 3506 ²Rom.‚
1474 3473 1522 3504 xi,
1544 3467 1594 3497 33.
1615 3481 1648 3487 —
1669 3464 1680 3484 ²
1699 3463 1810 3501 Prov„
1829 3469 1911 3502 xxx,
1927 3461 1976 3493 18.
1991 3477 2032 3486 -·
2049 3460 2064 3483 ³
2079 3461 2160 3500 lsa„
2180 3467 2225 3500 vl,
2248 3460 2312 3492 1-3.

1282 3529 1324 3538 -
1342 3513 1476 3555 ⁴Joan.‚
1496 3521 1559 3554 xn,
1578 3515 1630 3545 41.
1651 3529 1692 3536 -
1711 3511 1724 3534 ⁸
1742 3512 1822 3551 lsa„
1843 3517 1890 3551 vi,
1911 3511 2018 3542 10.—
2034 3509 2046 3528 ⁵
2066 3510 2075 3540 Ι
2096 3508 2207 3548 λοωι.,
2229 3514 2262 3548 ν,
2281 3508 2312 3538 7.

1282 3577 1322 3587 -
1336 3561 1346 3581 ⁷
1366 3560 1457 3593 Psal.
1479 3561 1606 3601 vu1,1,
1627 3561 1658 3600 6,
1683 3559 1730 3591 10.

2363 756 2427 780 Duo
2438 755 2486 782 Se-

2344 795 2485 830 raphinin

2346 836 2441 864 nobis.

2373 1396 2491 1424 clamor

2348 1436 2471 1473 trisagii.
