2633 3878
96 721 216 749 solutio.

89 2071 161 2097 Esse
184 2077 228 2097 re-

86 2118 152 2138 rum
180 2110 228 2137 tri-

117 2153 195 2188 plex.

1178 184 1348 227 CAPUT
1378 184 1448 225 111.

246 282 368 323 debet
392 292 481 322 esse
500 280 673 321 effectus
693 275 1022 330 incorruptibilis
1047 289 1055 316 :
1078 274 1151 315 sed
1166 273 1273 314 Deus

246 351 517 406 permanetin
530 353 755 400 aeternum,
775 352 816 389 et
835 350 895 388 est
914 344 1246 398 incorruptibilis
1264 359 1272 384 :

246 435 350 473 ergo
369 425 409 463 et
433 434 560 474 opera
586 421 671 461 Dei.
700 420 803 460 Item
823 430 920 459 cum
945 429 1072 469 opera
1097 415 1168 456 Dei
1193 415 1277 454 sint

246 492 471 533 universa¹
492 491 614 533 valde
635 491 755 540 bona,
778 491 818 530 et
839 488 1012 529 meliora
1037 487 1121 527 sint
1141 485 1274 525 incor-

247 562 478 615 ruptibilia,
495 575 624 615 quam
644 560 946 614 corruptibilia,
964 558 1143 608 videtur,
1160 555 1276 608 quod

246 633 327 674 ista
346 633 635 686 corruptibilia
649 644 734 672 non
755 631 839 671 sint
858 643 883 670 a
899 630 1010 670 bono
1024 628 1107 669 Deo
1121 629 1272 668 creata.

248 703 492 756 Respondeo
509 703 561 743 ad
582 702 784 755 primum,
806 712 938 753 quare
974 700 1042 739 hic
1072 697 1275 740 determi-

246 777 318 814 nat
336 773 673 826 perpetuitatem,
696 771 945 819 dicendum,
968 770 1081 822 quod
1100 781 1186 809 non
1206 780 1273 808 ra-

245 845 361 885 tione
395 844 483 895 sui,
519 844 590 884 sed
624 843 842 884 occasione
874 840 1168 882 mutabilitatis
1201 852 1210 880 :
1237 841 1278 880 et

245 916 326 956 1106
345 915 517 969 quidem
536 914 634 954 facit
651 913 804 966 triplici
827 912 878 953 de
898 924 1039 952 causa.
1064 911 1207 952 Prima
1218 915 1277 950 est

246 986 298 1027 ad
318 985 625 1027 removendum
646 995 835 1024 errorem
860 997 867 1023 :
891 983 992 1035 quia
1012 982 1126 1023 enim
1147 993 1277 1034 supra

246 1056 293 1097 in
311 1056 517 1097 creaturis
535 1055 774 1096 ostenderat
795 1053 1136 1103 mutabilitatem,
1152 1064 1205 1092 ne
1223 1051 1273 1104 (a)

246 1127 502 1176 crederetur,
535 1125 648 1178 quod
675 1137 803 1177 opera
836 1125 906 1165 Dei
938 1124 1112 1164 omnino
1140 1126 1280 1163 essent

247 1197 508 1246 defectibilia,
540 1197 670 1245 addit,
708 1195 823 1248 quod
861 1195 1003 1248 aliquo
1035 1194 1160 1234 modo
1180 1195 1279 1233 sunt

247 1271 465 1322 perpetua.
491 1267 654 1308 Rursus
671 1266 752 1307 alia
771 1266 879 1306 ratio
912 1269 974 1306 est
1004 1265 1057 1305 ad
1091 1276 1279 1317 compes-

248 1339 424 1380 cendam
451 1338 756 1388 curiositatem,
789 1348 918 1389 quam
948 1337 1276 1388 compescuerat,

248 1411 349 1464 quia
384 1422 532 1451 rerum
563 1408 903 1459 mutabilitatem,
945 1410 986 1447 et
1024 1418 1211 1455 causam,
1239 1408 1280 1445 et

248 1481 462 1533 originem
507 1493 594 1521 non
637 1491 864 1533 possumus
914 1479 1139 1530 indagare;
1187 1476 1282 1518 vult

247 1552 376 1592 etiam
396 1562 683 1603 compescere,
711 1550 812 1603 quia
830 1550 966 1602 ipsam
987 1561 1133 1589 rerum
1154 1548 1280 1588 subs-

246 1622 439 1673 tantiam,
461 1633 538 1662 nec
558 1623 724 1662 mutare
745 1632 984 1673 possumus,
1004 1631 1081 1659 nec
1100 1631 1277 1671 augere.

247 1692 386 1733 Tertia
400 1693 508 1733 ratio
531 1696 592 1733 est
611 1693 665 1732 ad
685 1692 999 1745 reprimendam
1021 1691 1274 1732 elationem:

247 1764 348 1816 quia
367 1764 483 1804 enim
501 1763 670 1805 videtur
688 1775 816 1816 opera
836 1762 1005 1803 Domini
1029 1762 1281 1815 depressisse

247 1847 323 1889 per
343 1835 681 1884 mutabilitatem,
711 1846 764 1874 ne
785 1834 879 1886 quis
906 1845 959 1873 ex
986 1833 1066 1874 hoc
1087 1833 1282 1873 condem-

247 1909 369 1947 naret
387 1906 521 1947 Deum
541 1908 759 1946 auctorem
783 1917 925 1955 suum,
945 1916 1094 1945 rursus
1108 1903 1215 1944 redit
1229 1904 1282 1944 ad

247 1977 546 2018 insinuandam
577 1975 902 2029 perpetuitatem
922 1975 967 2014 in
988 1975 1062 2015 eis.

301 2048 421 2098 Quod
442 2048 649 2101 quaeritur
673 2047 724 2088 de
751 2047 1062 2099 permanentia,
1097 2056 1281 2098 respon-

248 2106 371 2160 detur
398 2119 512 2172 quod
539 2118 693 2170 triplex
725 2120 788 2158 est
812 2128 902 2157 6556
931 2128 1101 2166 16111111;
1125 2116 1282 2156 56111661

248 2190 293 2229 16
312 2190 484 2242 proprio
502 2201 674 2242 genere,
696 2189 742 2228 111
762 2188 919 2239 anima,
940 2187 986 2228 in
1006 2187 1150 2228 divina
1169 2199 1280 2240 prae-

249 2260 422 2301 scientia
442 2272 452 2300 :
475 2262 516 2300 et
536 2272 666 2312 supra
696 2260 901 2311 ostendit,
923 2259 1035 2312 quod
1062 2258 1283 2299 mutabilia

250 2332 350 2371 sunt
377 2331 422 2370 in
447 2331 619 2383 proprio
646 2343 826 2382 genere,
849 2333 890 2371 et
910 2329 1145 2370 secundum
1169 2329 1282 2381 quod

247 2405 347 2442 sunt
366 2402 411 2441 in
439 2402 608 2451 anima;
630 2401 700 2441 hic
731 2401 872 2453 tangit
896 2413 1044 2441 earum
1066 2400 1279 2458 perpetui-

248 2475 378 2513 tatem
404 2472 450 2512 in
473 2471 619 2514 divina
637 2472 918 2525 praescientia.
947 2471 1079 2511 Aliter
1105 2482 1279 2523 respon-

249 2542 338 2583 deri
359 2545 515 2595 potest,
541 2543 655 2596 quod
676 2546 738 2584 est
756 2543 873 2595 loqui
893 2543 944 2583 de
969 2542 1098 2583 rebus
1126 2553 1282 2582 secun-

249 2614 352 2654 dum
388 2625 479 2654 6556
510 2614 730 2668 dupliciter
765 2629 774 2654 ε
812 2617 885 2654 6111
916 2613 1151 2654 secundum
1191 2624 1283 2653 esse

250 2696 498 2735 commune,
519 2688 594 2725 aut
615 2684 873 2726 individuale
897 2699 905 2724 :
938 2685 1173 2725 secundum
1193 2696 1283 2724 esse

250 2755 537 2804 individuale,
572 2754 708 2796 multa
737 2758 835 2796 sunt
865 2755 1181 2808 corruptibilia3
1217 2767 1284 2795 se-

251 2827 439 2868 cundum
457 2838 549 2867 esse
563 2838 804 2877 commune,
821 2829 1038 2879 perpetua,
1058 2826 1160 2879 quia
1174 2825 1283 2866 Deus

251 2896 451 2938 continue
491 2909 568 2950 per
611 2898 930 2950 generationem
975 2909 1066 2937 esse
1111 2896 1283 2937 illarum

251 2967 388 3008 salvat
405 2981 414 3008 ι
436 2971 608 3021 propter
627 2969 742 3009 enim
761 2969 892 3020 longe
911 2967 1064 3008 distare
1082 2979 1108 3007 a
1126 2967 1280 3019 primo,

251 3037 415 3090 reliquo
447 3040 573 3080 modo
599 3040 828 3092 complevit
858 3051 950 3079 esse
979 3038 1114 3088 Deus,
1150 3038 1282 3078 conti-

252 3119 384 3149 nuam
417 3110 462 3149 in
507 3110 560 3149 iis
593 3110 749 3150 faciens
785 3109 1119 3161 generationem.
1163 3107 1283 3157 Quod

252 3179 472 3232 objicitur,
509 3181 622 3232 quod
657 3183 756 3220 sunt
785 3179 1121 3232 incorruptibilia
1138 3211 1149 3230 ,
1184 3178 1285 3231 quia

253 3250 583 3303 proportionalia
602 3263 758 3302 causae,
780 3251 1021 3299 dicendum,
1046 3250 1159 3303 quod
1180 3249 1285 3291 illud

255 3320 532 3372 intelligitur,
562 3322 635 3362 ubi
655 3325 718 3363 est
741 3321 958 3375 generatio
978 3321 1163 3362 univoca
1176 3353 1188 3371 ,
1209 3321 1284 3362 ubi

299 3425 308 3445 ¹
339 3425 435 3466 Gen.,
460 3435 489 3466 1,
519 3429 570 3460 31.
594 3445 634 3451 —
662 3429 676 3450 ²
700 3428 778 3468 Isa.,
805 3435 835 3470 1,
864 3429 898 3459 21
931 3429 965 3459 61
990 3436 1062 3468 seq.
1087 3444 1126 3450 —
1152 3427 1166 3449 ³
1193 3427 1284 3460 Psal.

255 3477 338 3514 xm,
358 3473 409 3504 10.

2301 179 2379 220 613

1349 285 1444 313 eam
1464 270 1657 325 producit
1677 269 1756 310 sibi
1777 269 1913 309 simile
1933 281 1943 309 :
1965 268 2024 308 516
2043 269 2185 308 autem
2211 278 2297 308 non
2317 269 2381 307 est

1350 344 1400 384 de
1426 343 1633 390 Creatore,
1657 342 1697 380 vt
1719 344 1937 388 creatura;
1965 339 2052 379 imo
2072 350 2146 391 per
2165 337 2378 378 infinitam

1350 413 1582 467 potentiam
1595 410 1692 452 facit
1705 421 1862 461 magna
1876 411 1916 448 61
1930 420 2074 460 parva,
2091 407 2380 460 corruptibilia

1351 487 1392 524 et
1420 484 1677 535 incorrupta.
1712 479 1830 530 Quod
1858 479 2056 531 objicitur
2087 478 2138 518 de
2166 478 2377 528 bonitate,

1352 554 1591 604 dicendum,
1618 552 1731 606 quod
1753 550 1899 592 omnia
1918 551 2018 590 sunt
2037 549 2148 588 bona
2166 549 2210 588 in
2229 560 2288 598 se,
2311 548 2381 589 sed

1351 625 1473 667 valde
1494 625 1604 665 bona
1624 625 1666 664 in
1688 623 1835 664 ordine
1857 633 1866 660 :
1890 624 1930 662 et
1951 621 2050 672 quia
2068 619 2144 660 ubi
2162 622 2224 659 est
2252 620 2379 669 ordo,

1352 696 1411 737 ibi
1441 696 1579 748 magis
1604 698 1645 735 61
1673 695 1814 734 minus
1845 694 2031 742 bonum,
2061 691 2154 731 ideo
2185 690 2383 743 quaedam

1353 767 1666 820 corruptibilia,
1688 765 1884 818 quaedam
1904 761 2240 815 incorruptibilia
2261 776 2270 802 :
2293 762 2381 814 pri-

1353 850 1474 879 mum
1506 839 1567 878 est
1595 837 1639 876 in
1670 836 1797 876 rebus
1827 846 1914 874 non
1946 836 2112 873 tantum
2148 832 2383 873 secundum

1353 908 1449 961 plus
1469 911 1509 948 et
1530 908 1686 956 minus,
1709 906 1781 946 sed
1800 905 2032 946 secundum
2059 904 2382 956 oppositionem,

1354 982 1394 1019 et
1413 979 1447 1019 si
1469 979 1736 1019 =‹ilitudinem
1754 992 1762 1017 :
1793 976 1886 1017 ideo
1907 977 2179 1028 comparatur
2198 974 2386 1014 muudus

1354 1049 1642 1102 pulcherrimo
1678 1047 1855 1088 carmini
1875 1079 1885 1097 ,
1927 1049 1967 1086 et
2010 1046 2104 1086 ideo
2142 1045 2258 1085 decet
2298 1056 2387 1085 esse

1355 1119 1551 1171 quaedam
1572 1118 1875 1171 corruptibilia,
1900 1117 2095 1169 quaedam
2116 1128 2139 1156 e
2158 1114 2383 1156 contrario.

1411 1194 1475 1231 16.
1489 1191 1596 1232 Vidi
1611 1190 1687 1232 sub
1698 1191 1790 1232 sole.
1807 1189 1908 1241 Egit
1919 1201 2049 1240 supra
2059 1188 2109 1228 de
2120 1187 2305 1229 vanitate
2319 1199 2389 1227 na·

1356 1265 1464 1302 turae
1478 1274 1489 1312 3
1503 1262 1572 1301 hic
1589 1262 1640 1302 de
1651 1261 1834 1302 vanitate
1855 1260 1990 1312 culpae
2008 1273 2017 1299 ·.
2038 1261 2079 1299 et
2096 1258 2197 1312 quia
2216 1258 2308 1298 haec
2327 1261 2389 1298 est

1358 1332 1606 1384 periculosa,
1621 1332 1714 1372 ideo
1735 1331 1920 1372 remedio
1939 1331 2102 1382 indiget
2119 1344 2128 1370 :
2145 1329 2285 1382 primo
2302 1330 2387 1382 igi-

1357 1406 1427 1444 tur
1442 1404 1560 1456 ponit
1572 1403 1801 1444 vanitatem
1811 1417 1820 1452 3
1832 1402 2016 1442 seeundo
2030 1400 2268 1441 remedium
2289 1412 2388 1463 con-

1357 1478 1423 1514 tra
1434 1474 1609 1525 eam,ibi
1620 1477 1692 1526 (1v,
1710 1477 1790 1524 17):
1810 1472 1986 1515 Custodi
1996 1472 2144 1525 pedem
2158 1475 2291 1522 tuum,
2308 1474 2388 1513 616.

1358 1546 1530 1587 Vauitas
1550 1548 1694 1586 autem
1726 1548 1789 1586 est
1818 1545 1899 1585 sub
1931 1543 2087 1596 triplici
2119 1543 2388 1584 differentia:

1359 1617 1496 1669 primo
1532 1617 1624 1668 agit
1660 1616 1711 1656 de
1748 1617 1933 1657 vanitate
1971 1614 2169 1664 malitiae;
2206 1614 2391 1655 secundo

1358 1687 1566 1738 avaritiae,
1582 1687 1639 1727 ibi
1656 1687 1728 1739 (ιν,
1742 1688 1778 1739 l)
1795 1701 1802 1727 :
1826 1685 2111 1728 considerans
2122 1686 2276 1736 reperi,
2293 1687 2389 1735 etc.;

1357 1760 1481 1801 tertio
1500 1759 1823 1812 imprudentiae,
1845 1758 1904 1798 ibi
1926 1759 1984 1809 (1v
1998 1789 2012 1808 ,
2034 1758 2098 1807 13)
2127 1771 2135 1797 :
2159 1756 2310 1798 Melior
2330 1761 2393 1798 esc

1356 1841 1479 1883 puer,
1503 1833 1580 1870 etc.
1602 1829 1773 1872 Vanitas
1791 1832 1935 1870 autem
1955 1832 2018 1870 est
2036 1829 2080 1869 in
2099 1828 2333 1869 rectoribus
2352 1831 2393 1868 et

1359 1901 1536 1942 subditis
1553 1916 1562 1942 ε
1586 1901 1725 1954 primo
1747 1901 1881 1952 igitur
1900 1900 1991 1952 agit
2011 1900 2061 1941 de
2074 1899 2258 1941 vanitate
2276 1899 2392 1940 mali-

1358 1973 1431 2013 tiae
1452 1972 1497 2012 in
1516 1972 1795 2024 regnantibus
1812 1973 1853 2011 et
1867 1970 2157 2023 Judicantibus
2175 1985 2185 2021 ;
2208 1970 2392 2011 secundo

1359 2044 1404 2084 in
1429 2043 1632 2093 subditis,
1667 2042 1726 2082 ibi
1758 2046 1844 2094 (Ν,
1880 2043 1944 2094 1);
1988 2042 2107 2084 Vertz‘
2137 2053 2215 2083 me.
2247 2041 2391 2082 Primo

1358 2115 1494 2167 igitur
1516 2113 1681 2155 vanitas
1708 2113 1880 2153 malitiae
1907 2113 1953 2152 in
1984 2113 2121 2153 tribus
2145 2113 2226 2153 hoc
2245 2113 2392 2153 ordine

1359 2184 1610 2226 describitur
1633 2198 1642 2224 :
1664 2183 1803 2236 primo
1826 2183 2013 2223 insinuat
2031 2183 2163 2235 hujus
2189 2183 2393 2225 vanitatis

1359 2256 1765 2304 considerationem,
1809 2254 1992 2296 secundo
2009 2286 2020 2303 ,
2061 2254 2175 2307 quod
2214 2266 2268 2294 ex
2313 2253 2395 2294 hoc

1359 2328 1584 2369 devenitur
1622 2327 1666 2366 in
1703 2325 1836 2366 futuri
1872 2325 2024 2377 ¹iudicii
2060 2324 2393 2376 praemeditatio-

1359 2411 1483 2448 nem3
1506 2397 1651 2447 tertio,
1676 2397 1721 2436 in
1746 2395 1967 2449 praesentis
1989 2397 2124 2435 status
2151 2395 2394 2436 considera-

1358 2468 1544 2517 tionem;
1574 2470 1746 2520 quarto,
1769 2478 1854 2519 quo
1884 2465 2008 2506 modo
2031 2465 2189 2506 corruit
2208 2465 2253 2505 in
2271 2477 2393 2506 erro-

1359 2551 1483 2579 neam
1509 2538 1767 2590 opinionem.
1804 2536 1948 2577 Primo
1977 2535 2112 2588 igitur
2142 2535 2329 2576 insinuat
2348 2547 2393 2576 se

1360 2609 1566 2650 malitiam
1580 2608 1779 2660 ¹judicum
1800 2606 2106 2656 considerasse,
2128 2605 2270 2647 dicens
2291 2607 2388 2659 (hic,

1362 2682 1424 2731 16)
1451 2694 1460 2721 :
1493 2679 1599 2722 Vidi
1624 2679 1699 2721 sub
1730 2678 1813 2721 sole
1846 2679 1895 2720 in
1927 2677 2011 2720 loco
2035 2677 2204 2729 judicii
2235 2678 2389 2730 impie-

1362 2756 1490 2795 tatem
1504 2783 1516 2802 ‚
1542 2753 1750 2804 quantum
1773 2750 1825 2790 ad
1845 2749 2200 2790 examinationem
2223 2760 2391 2800 causae;

1361 2823 1417 2866 Ec
1436 2824 1485 2865 in
1503 2822 1588 2864 loco
1603 2821 1786 2874 Juszitiae
1803 2821 2094 2872 iniquitatem,
2110 2822 2320 2872 quantum
2339 2820 2394 2861 ad

1361 2893 1561 2934 lationem
1599 2891 1832 2932 sententiae.
1861 2891 1875 2912 ²³
1908 2905 1928 2930 (1
1948 2890 2168 2940 Quomodo
2198 2891 2305 2930 facta
2330 2895 2394 2931 est

1362 2963 1564 3004 meretrix
1584 2962 1733 3003 civitas
1754 2961 1903 3012 fidelis,
1927 2963 2051 3014 plena
2061 2960 2240 3013 Judicii?
2260 2960 2394 3002 ,111511-

1360 3035 1419 3076 116
1438 3034 1540 3075 olim
1558 3033 1767 3074 habitavit
1785 3032 1831 3072 in
1850 3044 1922 3082 ea3
1949 3043 2062 3071 nunc
2087 3034 2231 3072 autem
2250 3031 2391 3072 homi-

1362 3107 1484 3148 cidae.
1519 3104 1737 3156 Principes
1766 3103 1827 3143 tui
1847 3102 2051 3153 infideles,
2085 3103 2187 3144 socii
2216 3103 2390 3154 furum;

1362 3190 1510 3221 omnes
1541 3176 1725 3228 diligunt
1757 3186 1957 3225 munera,
1994 3177 2233 3227 sequuntur
2265 3175 2394 3216 retri-

1362 3249 1583 3296 11111101165,
1617 3245 1779 3298 pupillo
1820 3256 1908 3286 non
1943 3245 2162 3298 Judicant,
2193 3248 2235 3286 et
2266 3257 2395 3286 causa

1363 3319 1504 3361 viduae
1533 3328 1619 3357 non
1649 3315 1891 3366 ingreditur
1917 3315 1971 3356 ad
1989 3327 2088 3366 eos;
2110 3329 2130 3352 1)
2164 3315 2265 3368 quia
2284 3315 2395 3357 dici-

1466 3389 1480 3410 3
1513 3402 1522 3427 2
1564 3401 1584 3425 (1
1614 3386 1659 3425 16
1694 3397 1878 3438 quorum
1917 3386 2115 3426 manibus
2148 3386 2394 3439 iniquitates

1407 3472 1450 3512 (a)
1474 3470 1554 3502 Coet.
1574 3468 1653 3501 edit.
1676 3467 1905 3501 crederentur.

1363 3394 1433 3430 tur

2408 992 2536 1020 Mundus

2419 1041 2533 1067 compa-

2439 1074 2521 1098 ratur

2409 1113 2546 1148 pulcher-

2406 1155 2479 1182 rimo
2489 1162 2549 1182 car-

2440 1196 2524 1223 mini.
