2633 3878
71 2387 184 2414 Animae

67 2426 160 2454 beatae

42 2476 173 2503 praemia.

1060 136 1300 178 PSALMUS
1329 136 1500 178 CXVIlI.

213 229 356 276 sionis3
378 229 448 266 sed
473 240 497 267 a
514 231 625 277 parte
656 229 849 277 superiori
890 229 1026 264 contra
1060 226 1243 262 timorem

212 291 483 338 separationis.
512 291 625 335 Quod
659 291 843 337 praeclare
873 288 1068 335 Propheta
1105 286 1243 323 cecinit

211 352 252 388 in
271 352 330 388 his
350 352 479 389 verbis
508 364 516 388 ε
542 353 665 396 Vivet,
697 354 793 402 etc.;
829 361 874 387 ac
907 351 938 385 si
969 351 1126 385 caneret
1154 357 1244 384 can-

210 413 316 450 tione
337 413 563 450 dulcissima
586 425 594 449 τ
617 412 782 449 Confido
803 411 851 448 de
870 410 1036 458 praemio
1054 408 1241 453 aeternali,

211 477 291 511 tam
308 474 518 521 spirituali,
554 483 675 520 quam
705 473 923 521 corporali,
950 472 987 508 in
1007 470 1156 518 Judicio
1178 480 1244 516 ge-

211 535 349 571 nerali.
371 535 480 571 Unde
501 534 759 580 convincitur,
777 534 888 582 quod
907 536 1076 581 quatuor
1089 532 1152 568 hic
1172 541 1242 568 no-

211 598 340 633 tantur
360 607 369 631 :
391 596 574 632 videlicet
594 596 741 632 fiducia
767 596 1042 643 praemiorum,
1075 596 1157 630 tam
1184 593 1242 629 iu-

211 657 414 702 teriorum,
432 667 554 704 quam
585 658 839 702 exteriorum,
859 657 1077 693 secundum
1093 654 1243 702 judicia

211 718 440 755 meritorum
463 732 471 754 ;
495 729 666 765 quorum
681 719 855 766 primum
874 718 1043 766 pertinet
1061 718 1113 755 ad
1145 727 1243 764 prce-

209 780 335 816 mium
353 781 554 826 aeternale3
582 781 822 825 secundum,
849 780 901 818 ad
933 780 1139 827 praemium
1168 780 1243 826 spi-

209 842 368 887 ritua1e3
390 842 560 888 tertium,
576 843 628 879 ad
646 842 858 889 praemium
878 842 1104 888 corporale3
1125 852 1242 889 quar-

210 905 308 948 tum,
329 903 380 940 ad
396 903 591 950 judicium
611 904 807 950 generale.

550 1007 734 1043 Articulus
757 1008 910 1052 primus.

256 1089 429 1127 PrImum
462 1089 715 1138 praenotavit,
757 1100 847 1126 cum
883 1089 1059 1137 praecinit
1089 1100 1097 1124 :
1123 1089 1240 1125 Vivet.

209 1151 322 1196 Quali
340 1151 442 1195 vita,
461 1152 536 1188 nisi
567 1152 707 1188 beata?
739 1153 823 1188 Haec
862 1153 918 1188 est
947 1151 1027 1188 vita
1064 1148 1242 1186 virtuosis

208 1216 373 1259 servata,
394 1213 603 1250 virtutibus
623 1215 864 1260 comparata.
889 1212 1049 1257 Quaeris,
1071 1211 1241 1258 quibus?

208 1274 325 1311 Plane
341 1274 434 1320 fide,
456 1285 539 1322 spe,
559 1274 745 1311 charitate
766 1286 774 1310 ε
796 1274 971 1310 videndo
1001 1283 1073 1320 per
1104 1272 1239 1317 fidem,

207 1335 370 1373 fidendo
390 1347 461 1383 per
480 1347 588 1384 spem
602 1364 614 1382 ,
635 1335 950 1382 obtemperando
982 1345 1053 1382 per
1073 1334 1239 1370 charita-

206 1400 299 1434 tem.
322 1399 373 1434 De
394 1397 568 1445 primo¹:
587 1398 651 1435 «Si
665 1397 810 1434 mortui
827 1407 963 1433 sumus
975 1407 1066 1433 cum
1077 1395 1240 1441 Christo,

208 1458 427 1504 credimus,
467 1459 561 1506 quia
592 1459 710 1495 simul
754 1459 872 1495 etiam
923 1457 1101 1494 vivemus
1150 1467 1241 1493 cum

207 1520 381 1558 Christo:
416 1533 435 1555 n
479 1531 568 1556 ecce
602 1520 682 1556 vita
720 1520 880 1557 credita.
913 1521 964 1556 De
1001 1518 1175 1556 secundo
1197 1518 1210 1537 ²
1229 1530 1238 1554 ε

210 1595 229 1618 «
247 1582 432 1618 Vivemus
451 1581 493 1617 in
513 1584 722 1628 conspectu
754 1582 859 1628 ejus,
882 1581 1068 1626 sciemus,
1101 1591 1240 1627 seque-

205 1656 388 1693 murque,
409 1647 451 1681 ut
469 1655 756 1691 cognoscamus
774 1644 996 1681 Dominum.
1017 1657 1034 1678 >³
1060 1642 1163 1687 Quid
1184 1644 1241 1678 est

204 1706 378 1743 vivendo
393 1706 505 1751 scire,
526 1706 687 1742 sciendo
708 1706 832 1753 sequi,
848 1705 1052 1753 sequendo
1074 1715 1241 1751 cognos-

206 1779 306 1815 cere,
329 1768 404 1804 nisi
422 1768 510 1804 vitas
537 1768 687 1805 fontem
708 1768 827 1811 scire,
858 1768 1018 1804 sciendo
1049 1767 1173 1811 sitire,
1195 1767 1241 1802 si-

205 1830 339 1867 tiendo
358 1831 546 1867 haurire?
567 1841 656 1867 ecce
682 1831 762 1867 vita
793 1832 961 1877 sperata.
985 1831 1035 1865 De
1056 1829 1168 1865 tertio
1191 1830 1204 1851 ³
1229 1841 1237 1864 :

209 1903 228 1927 κ
246 1892 615 1939 Obtemperabimus
651 1891 750 1928 Patri
793 1891 1025 1938 spirituum,
1069 1893 1105 1927 et
1134 1890 1240 1926 vive-

204 1964 292 1991 mus
315 1967 323 1990 :
347 1969 364 1988 n
380 1965 476 1991 ecce
496 1955 561 1991 via
581 1954 897 2001 obtemperando
920 1953 1075 1990 dilecta.

526 2058 708 2093 Articulus
733 2057 921 2094 secundus.

252 2138 476 2175 Secundum
495 2138 739 2184 subnotavit,
775 2149 865 2175 cum
893 2137 1057 2174 succinit
1077 2148 1086 2173 t
1109 2137 1240 2173 Anima

203 2208 292 2235 mea.
313 2197 453 2235 Anima
468 2208 640 2245 namque
666 2197 785 2243 vivet,
817 2207 910 2233 cum
942 2196 993 2233 ad
1014 2196 1133 2233 vitam
1154 2196 1238 2232 dei-

202 2259 370 2296 formem
390 2260 595 2305 ascendet,
618 2261 655 2296 et
672 2258 888 2305 imaginem
917 2260 1168 2295 concreatam
1187 2258 1240 2295 ad

202 2321 417 2368 imaginem
437 2321 664 2358 creatricem
696 2321 888 2357 extendet.
920 2323 962 2357 Et
988 2323 1096 2366 nota,
1130 2321 1240 2367 quod

204 2383 337 2420 anima
354 2384 493 2428 beata,
521 2382 833 2420 sicutinvenitur
865 2383 907 2418 in
927 2382 1136 2430 Scriptura,
1169 2383 1240 2419 erit

203 2443 478 2490 magnificata,
513 2444 583 2481 erit
619 2443 827 2488 inebriata,
864 2443 935 2480 erit
962 2443 1237 2490 impinguata:

204 2505 396 2553 quoniam
415 2505 556 2543 animae
582 2506 800 2553 potentiam
826 2505 1056 2542 retentivam
1082 2505 1237 2552 magni-

202 2567 337 2605 ficabit
357 2567 499 2604 divinae
516 2567 718 2615 potestatis
738 2567 999 2614 immensitas3
1021 2568 1238 2615 potentiam

203 2629 345 2667 animae
365 2630 693 2678 apprehensivam
723 2629 935 2667 inebriabit
961 2629 1105 2667 divinae
1139 2630 1238 2668 veri-

203 2691 291 2729 tatis
328 2691 802 2739 incomprehensibilitas3
846 2692 1062 2739 potentiam
1099 2692 1240 2728 animas

204 2752 457 2800 appetitivam
476 2753 741 2800 impinguabit
774 2753 919 2791 divinae
938 2753 1123 2790 bonitatis
1140 2753 1238 2790 inef-

203 2813 387 2851 fabilitas.
403 2816 454 2851 De
465 2814 595 2862 primo
616 2814 627 2834 ¹*
649 2827 657 2851 :
682 2829 699 2847 «
718 2815 982 2862 magnificetur
1001 2814 1135 2851 anima
1149 2825 1238 2852 mea

205 2875 246 2912 in
266 2876 390 2913 oculis
410 2875 579 2922 Domini,
600 2879 636 2913 et
653 2876 794 2914 liberet
811 2888 875 2914 me
897 2877 947 2914 de
969 2877 1077 2914 omni
1097 2887 1239 2924 angus-

205 2937 272 2974 tia.
292 2950 310 2971 »
335 2937 402 2974 Hic
421 2937 641 2974 secundum
672 2938 911 2985 anagogiam
938 2938 1167 2985 magnificat
1180 2949 1241 2976 re-

206 2998 395 3036 tentivam
435 2999 576 3036 animae
605 3001 823 3047 potentiam
861 3000 1005 3038 divinae
1040 3003 1241 3049 potestatis

205 3059 461 3098 immensitas.
478 3063 530 3097 De
549 3061 723 3099 secundo
745 3063 759 3086 ⁵
782 3074 791 3099 :
816 3075 835 3097 «
854 3062 1048 3100 Inebriavi
1067 3063 1242 3101 animam

206 3121 403 3158 lassam.»
446 3122 512 3159 Hic
547 3123 766 3160 secundum
803 3124 987 3161 eamdem
1023 3124 1243 3172 intelligen-

206 3181 302 3219 tiam
335 3182 505 3220 inebriat
541 3184 820 3222 intellectivam
859 3185 999 3222 animae
1026 3186 1243 3233 potentiam

209 3242 352 3281 divinae
379 3244 551 3283 veritatis
582 3245 1045 3294 incomprehensibilitas.
1082 3249 1134 3285 De
1169 3250 1244 3287 ter-

252 3373 382 3416 ¹Rom.,
399 3382 454 3417 VI,
474 3377 504 3408 8.
525 3393 566 3400 -—
583 3377 595 3398 ²
614 3377 700 3416 ose„
722 3385 774 3416 vi,
795 3379 828 3410 3.
845 3395 887 3402 —
902 3377 916 3400 ³
930 3376 1044 3417 Hebr„
1064 3386 1127 3420 xii,
1148 3381 1179 3413 9.
1200 3396 1239 3404 —

2269 140 2345 179 543

1315 225 1368 261 tio
1395 226 1408 246 θ
1436 238 1446 260 :
1485 237 1502 258 «
1524 224 1662 261 Anima
1697 226 1946 272 operantium
1977 225 2342 273 impinguabitur.»

1315 287 1380 323 Hic
1413 286 1552 332 etiam,
1591 286 1811 323 secundum
1848 288 2108 334 anagogicam
2138 288 2345 334 theoriam,

1314 348 1536 395 impinguat
1555 347 1776 385 affectivam
1795 348 1934 385 animae
1958 349 2174 396 potentiam
2205 349 2346 386 divinae

1315 409 1501 446 bonitatis
1532 408 1795 446 ineffabilitas.

1653 514 1842 548 Articulus
1869 515 2012 548 tertius.

1362 595 1530 632 Tertium
1544 595 1782 641 connotavit,
1806 595 1967 642 quando
1985 596 2154 633 concinit
2176 608 2184 632 :
2207 598 2253 633 Et
2267 599 2347 634 lau-

1315 657 1417 693 dabit
1439 660 1485 702 te,
1506 657 1660 704 supple,
1681 657 1809 694 vocali
1828 657 1946 694 laude
1968 670 1976 694 :
2001 657 2111 705 quod
2131 660 2278 705 spectat
2296 659 2348 695 ad

1315 717 1522 765 praemium
1542 718 1762 765 corporale.
1784 721 1826 754 Et
1845 721 1952 763 nota,
1973 719 2083 765 quod
2095 719 2194 756 sicut
2206 719 2348 766 legitur

1315 780 1356 816 in
1388 780 1606 827 Scriptura,
1645 780 1868 817 laudabunt
1896 780 2105 817 Dominum
2129 781 2345 823 credentes,

1315 844 1528 890 sperantes,
1552 841 1782 888 diligentes;
1814 841 1908 888 quia
1942 841 2038 878 fient
2067 842 2268 888 videntes,
2293 845 2346 880 te-

1314 906 1468 950 nentes,
1498 904 1683 940 fruentes.
1715 905 1766 939 De
1797 903 1928 950 primo
1947 903 1990 939 ⁷:
2017 903 2177 940 «Simul
2209 904 2347 942 lauda-

1315 965 1428 1011 bunt,
1449 965 1518 1013 qui
1539 965 1657 1002 oculo
1688 964 1741 1002 ad
1775 964 1937 1000 oculum
1966 963 2160 1002 videbunt
2178 977 2189 1001 :
2206 978 2224 1000 »
2258 975 2347 1003 ecce

1314 1027 1489 1064 laudatio
1507 1026 1763 1064 credentium.
1786 1028 1837 1063 De
1857 1026 2032 1063 secundo
2053 1026 2146 1063 dicit
2165 1027 2344 1064 Judithss:

1318 1102 1336 1123 (ι
1355 1089 1527 1126 Laudate
1549 1088 1760 1125 Dominum
1780 1089 1901 1124 Deum
1929 1090 2108 1124 nostrum
2122 1116 2132 1133 ,
2154 1088 2249 1136 quia
2266 1099 2347 1125 non

1317 1150 1488 1187 deseruit
1522 1151 1724 1197 sperantes
1751 1149 1792 1185 in
1817 1160 1856 1185 se
1880 1161 1888 1185 :
1908 1163 1926 1185 ))
1949 1160 2038 1186 ecce
2056 1149 2233 1187 laudatio
2260 1160 2348 1197 spe-

1313 1212 1497 1249 rantium.
1520 1213 1571 1248 De
1590 1211 1702 1248 tertio
1720 1210 1733 1230 ⁹
1757 1224 1764 1245 :
1792 1223 1810 1245 «
1829 1211 2049 1248 Comedetis
2077 1214 2290 1258 vescentes,
2311 1214 2349 1248 et

1315 1273 1609 1317 saturabimini,
1631 1276 1667 1309 et
1698 1272 1910 1309 laudabitis
1931 1283 2079 1310 nomen
2110 1273 2263 1310 Domini
2283 1273 2347 1309 Dei

1314 1335 1438 1372 nostri
1458 1348 1465 1371 :
1487 1348 1505 1370 n
1531 1345 1620 1371 ecce
1640 1334 1815 1371 laudatio
1836 1334 2096 1381 diligentium.

1646 1440 1836 1475 Articulus
1856 1443 2020 1485 quartus.

1363 1523 1552 1566 Quartum
1591 1533 1753 1569 quoque
1792 1521 2016 1566 denotavit,
2055 1521 2153 1558 dum
2180 1522 2345 1560 cecinit:

1316 1584 1364 1619 Et
1377 1583 1523 1628 judicia
1554 1586 1616 1619 tua
1647 1584 1871 1629 adjuvabunt
1909 1593 1976 1619 me.
2015 1582 2212 1619 Judicium
2235 1593 2349 1630 gene-

1315 1644 1396 1681 rale
1416 1646 1575 1681 notatur
1606 1645 1751 1692 plurali
1777 1655 1892 1688 voce,
1913 1645 2078 1690 Judicia,
2109 1647 2269 1692 propter
2289 1645 2348 1682 di-

1316 1717 1430 1743 versa
1462 1706 1622 1751 merita,
1642 1706 1907 1743 diversimode
1931 1706 2162 1753 judicanda.
2183 1708 2262 1744 Hoc
2281 1718 2349 1744 au-

1312 1770 1391 1805 tem
1407 1768 1603 1814 judicium
1631 1768 1722 1805 illos
1742 1767 1962 1814 adjuvabit,
1985 1768 2133 1815 quibus
2160 1771 2348 1806 aeternam

1311 1829 1568 1866 hereditatem
1583 1829 1840 1876 adjudicabit.
1875 1829 1983 1866 Talia
2010 1830 2162 1876 J'udicia
2182 1831 2348 1878 dogma-

1312 1891 1402 1927 tizat
1436 1891 1654 1938 Scriptura,
1688 1891 1876 1927 divinitus
1904 1891 2180 1938 ponderanda,
2219 1892 2349 1929 deela-

1311 1952 1451 1998 randa,
1474 1955 1510 1989 ct
1527 1952 1773 1990 (lulcoranda
1784 1965 1795 1999 3
1817 1953 2008 2000 quoniam
2027 1953 2096 1990 illa
2116 1953 2256 1991 divina
2275 1965 2348 2002 po-

1313 2014 1434 2050 tentia
1459 2014 1722 2061 ponderabit,
1748 2014 1938 2061 sapientia
1959 2014 2192 2060 declarabit,
2220 2018 2256 2052 et
2274 2016 2350 2053 cle-

1313 2077 1460 2113 mentia
1500 2077 1731 2114 dulcorabit.
1765 2079 1817 2114 De
1847 2077 1976 2124 primo
2008 2079 2033 2100 ¹0
2055 2091 2064 2115 z
2089 2079 2284 2116 «Pondus
2315 2084 2351 2117 et

1313 2140 1468 2184 statera,
1485 2138 1637 2185 judicia
1654 2139 1807 2176 Domini
1823 2141 1933 2176 sunt:
1954 2153 1971 2174 »
1989 2150 2078 2177 ecce
2088 2140 2239 2187 judicia
2250 2152 2350 2189 pon-

1315 2199 1506 2237 deranda.
1534 2202 1585 2236 De
1614 2200 1789 2237 secundo
1814 2203 1836 2221 ¹¹
1859 2212 1868 2236 ε
1893 2213 1911 2235 «
1932 2201 2103 2248 Judicia,
2126 2202 2239 2249 quasi
2258 2203 2347 2250 lux,

1314 2261 1588 2308 egredientur:
1612 2275 1630 2297 »
1652 2273 1741 2299 ecce
1757 2262 1907 2309 Judicia
1929 2262 2183 2300 declaranda.
2204 2266 2256 2301 De
2275 2267 2351 2302 ter-

1313 2323 1367 2360 tio
1387 2322 1432 2360 12;
1447 2335 1464 2358 «
1477 2322 1629 2360 Judicia
1647 2326 1714 2361 tua
1729 2323 1911 2369 jucunda
1929 2337 1937 2360 :
1959 2338 1976 2359 n
1996 2335 2084 2362 ecce
2099 2325 2251 2372 Judicia
2267 2325 2352 2363 dul-

1317 2384 1504 2421 coranda.

1745 2476 1920 2518 Epilogus.

1363 2573 1635 2609 Demonstrans
1664 2582 1758 2618 ergo
1779 2571 1982 2609 Psalmista
2005 2572 2186 2611 virtutem
2206 2575 2350 2613 oratio-

1313 2633 1374 2669 nis
1394 2635 1530 2670 contra
1549 2633 1731 2670 timorem
1747 2634 2005 2681 separationis
2019 2663 2030 2681 ,
2051 2636 2106 2672 sic
2125 2636 2199 2673 ait:
2225 2639 2349 2684 Vivet,

1315 2695 1477 2742 supple,
1497 2694 1578 2731 vita
1601 2695 1738 2741 beata,
1760 2698 1951 2743 quantum
1971 2697 2023 2734 ad
2042 2697 2231 2735 fiduciam
2257 2699 2351 2737 bea-

1313 2755 1489 2793 titudinis
1523 2756 1734 2803 aeternali53
1774 2758 1908 2794 Anima
1941 2769 2042 2804 mea,
2076 2763 2268 2807 quantum
2298 2761 2351 2798 ad

1314 2817 1504 2855 fiduciam
1523 2817 1777 2854 beatitudinis
1799 2818 2029 2866 spiritualis;
2050 2822 2100 2857 Et
2119 2823 2283 2859 laudabit
2303 2826 2350 2870 te,

1314 2879 1461 2916 scilicet
1480 2879 1608 2916 vocali
1629 2879 1764 2926 laude,
1781 2882 1977 2928 quantum
1994 2882 2046 2919 ad
2059 2882 2248 2921 fiduciam
2261 2884 2352 2921 bea-

1315 2934 1491 2978 titudinis
1523 2941 1764 2989 corporalis3
1797 2944 1844 2979 Ec
1865 2942 2009 2989 judicia
2037 2947 2102 2981 tua
2129 2945 2351 2991 adiuvabant

1314 3014 1388 3048 me,
1410 3002 1557 3039 scilicet
1578 3002 1799 3049 judicando
1823 3014 1897 3051 pro
1923 3005 2156 3043 meritorum
2172 3007 2351 3044 conside-

1314 3064 1481 3110 ratione,
1515 3066 1708 3112 quantum
1747 3065 1800 3102 ad
1837 3065 2026 3104 fiduciam
2059 3067 2198 3113 judicii
2234 3078 2351 3114 gene-

1315 3125 1423 3163 ralis.

1317 3238 1330 3260 ⁴
1351 3239 1362 3270 1
1383 3238 1476 3278 Κεφ,
1494 3245 1597 3277 xxvi,
1616 3239 1667 3269 2¹1.
1692 3255 1732 3261 -
1752 3238 1765 3260 ⁸
1785 3238 1918 3279 let-em„
1941 3249 2044 3282 xxx1,
2069 3243 2120 3275 25.
2140 3260 2181 3266 —
2207 3243 2220 3265 Β
2239 3240 2350 3286 Ρνου.,

1319 3293 1408 3325 xm,
1438 3287 1469 3317 4.
1491 3302 1528 3309 -
1551 3285 1561 3304 ⁷
1588 3286 1669 3325 Isa„
1700 3293 1771 3326 Lu,
1799 3287 1832 3318 8.
1855 3303 1895 3310 -
1922 3287 1936 3309 ⁸
1961 3288 2091 3329 Juaitla,
2122 3297 2206 3330 xm,
2237 3292 2288 3324 17.
2309 3307 2350 3316 ——-

1319 3336 1331 3354 ⁹
1348 3335 1443 3374 Joel„
1464 3341 1508 3373 11,
1529 3334 1582 3365 26.
1602 3349 1642 3357 ——
1665 3334 1687 3352 ¹⁰
1709 3337 1818 3376 Prov„
1835 3343 1906 3376 xvt,
1927 3339 1974 3368 11.
1993 3354 2032 3360 —-
2046 3338 2070 3359 ¹¹
2091 3337 2177 3380 Ose„
2198 3347 2244 3382 VI,
2265 3342 2295 3372 5.
2309 3356 2350 3364 -—

1318 3381 1329 3400 ²
1346 3380 1439 3413 Psal.
1458 3379 1538 3419 hoc,
1559 3380 1611 3411 39.

2410 788 2508 814 Domi-

2368 835 2438 854 num
2447 828 2508 862 qni-

2369 876 2438 895 nam
2448 869 2510 895 lau-

2367 907 2488 935 dabunt.
