2633 3878
229 344 278 378 De
300 343 386 377 velle
409 345 444 377 et
468 349 588 384 posse,
606 341 662 373 vel
690 348 773 373 non.
806 337 962 372 Tentatio
989 337 1154 370 diabolica

268 392 403 433 triplex.
433 388 566 422 Diaboli
592 388 727 420 diversa
748 386 902 418 nomina.
928 385 988 417 Vir
1012 387 1156 426 quatuor

269 438 381 470 modis
409 436 583 477 accipitur.
610 436 659 467 De
683 433 790 465 tribus
815 442 880 464 nos
906 434 1013 464 tentat
1039 431 1157 463 diabo-

268 485 321 516 lus
340 485 400 526 (a).
421 485 511 516 Deus
527 482 693 520 omnium,
709 483 742 512 et
756 481 846 512 Deus
859 479 1085 520 quorumdam
1099 478 1155 518 (a).

267 533 317 564 De
336 531 457 572 triplici
479 531 585 568 bono,
606 528 733 569 pariter
761 529 794 558 et
823 526 931 557 abusu
951 525 1006 565 (a).
1029 526 1154 556 iterum

267 578 308 610 de
322 577 484 618 potentia,
502 575 668 617 sapientia
685 578 719 606 et
734 572 942 614 benignitate
957 573 1014 613 (a).
1036 573 1084 603 De
1099 571 1156 603 tri-

265 625 344 666 plici
360 625 554 656 traditione.

226 671 359 704 Silentii
376 671 448 702 laus
467 670 504 702 in
522 669 641 702 Maria.

224 718 374 758 Domine,
401 717 544 749 clamavi
563 716 608 747 ad
626 718 668 757 le,
689 714 776 747 Psal.
806 715 876 746 140.
907 714 956 745 De
979 711 1155 753 multiplici

265 764 427 796 clamore.
449 763 563 796 Oratio
587 762 652 794 tria
674 761 778 793 habet
804 760 1064 800 impedimenta,
1086 762 1154 790 tres

264 819 400 852 quoque
422 809 505 842 alas.
527 810 575 841 De
594 807 771 848 multiplici
790 807 908 838 odore.
929 806 1059 839 Ostium
1085 806 1154 837 oris

264 857 307 889 ad
331 857 397 889 tria
421 858 588 898 apertum,
609 858 642 887 et
664 855 706 887 ad
727 854 791 886 tria
811 854 965 886 clausum
996 861 1070 885 esse
1099 852 1155 884 de·

263 903 324 936 bet
349 903 408 945 (a).

222 950 373 983 Christus
400 949 517 989 vincit,
535 951 656 990 regnat
683 950 716 979 et
735 947 881 988 imperat
905 946 965 987 (a).
993 947 1018 978 Α
1045 946 1153 978 tribus

262 998 331 1038 pati
345 997 487 1038 quisque
504 996 605 1029 debet
618 996 675 1037 (a).
692 994 931 1035 Martyriorum
947 1002 1059 1026 causae
1071 993 1154 1025 mul-

261 1044 396 1085 tiplices
426 1044 488 1085 (a).

228 1091 308 1124 Voce
328 1101 414 1131 mea,
435 1090 523 1122 Psal.
550 1091 619 1122 141.
643 1089 794 1126 Quatuor
813 1089 892 1120 sunt
917 1087 1153 1128 precationum

262 1138 368 1170 modi.
401 1139 554 1176 Quatuor
580 1136 710 1176 fontes,
737 1135 864 1167 scilicet
890 1134 1152 1174 misericordiae,

261 1185 392 1227 gratiae,
417 1184 591 1226 sapientias
615 1186 649 1216 et
677 1182 859 1215 charitatis.
881 1183 1052 1223 Aquarum
1071 1191 1153 1222 qua-

262 1233 406 1273 druplex
432 1232 550 1264 virtus.

221 1279 376 1317 Quatuor
394 1279 533 1311 brachia
559 1278 669 1310 crucis
696 1278 842 1319 quatuor
868 1276 1051 1308 virtutibus
1082 1275 1151 1307 dis-

261 1327 379 1359 tincta.
411 1327 524 1368 Magi,
551 1325 704 1358 centurio
736 1328 770 1356 et
797 1324 883 1356 latro
915 1333 977 1355 suo
1009 1323 1151 1364 quisque

260 1374 365 1406 modo
385 1374 557 1405 Christum
577 1372 725 1404 confessi
743 1374 822 1403 sunt
842 1373 902 1413 (a).
923 1371 1102 1411 Corruptio
1116 1371 1153 1402 in

259 1421 440 1461 ingressu,
469 1430 653 1462 progressu
676 1423 709 1452 et
737 1429 876 1461 egressu
912 1420 970 1460 (a).
1001 1419 1153 1457 Quatuor

262 1477 395 1509 eorum,
415 1467 473 1508 qui
486 1467 568 1508 Justi
587 1467 764 1506 dicuntur,
786 1475 924 1508 genera.

220 1517 370 1551 Domine,
387 1515 509 1546 exaudi
528 1515 709 1546 orationem
724 1524 844 1554 meam,
867 1513 954 1546 Psal.
975 1515 1046 1545 142.
1064 1513 1152 1546 Psal-

259 1563 308 1594 mi
335 1561 584 1603 poenitentiales
613 1571 632 1593 a
656 1561 816 1603 lacrymis
838 1560 1028 1601 incipiunt,
1055 1564 1089 1593 et
1116 1561 1151 1593 in

259 1610 384 1651 gaudio
403 1608 641 1641 terminantur.
662 1609 798 1640 Justitia
816 1609 1005 1648 multiplex.

217 1657 267 1689 De
286 1656 353 1688 fine
373 1655 616 1688 incarnationis
639 1656 696 1696 (a).
721 1655 892 1687 Trinitatis
916 1654 1098 1695 vestigium
1116 1655 1152 1686 in

259 1703 422 1735 creaturis
439 1703 497 1743 (a).
519 1703 701 1742 Diaconus,
719 1711 798 1734 cum
818 1702 899 1743 legit
916 1701 1148 1742 Evangelium,

257 1750 339 1792 quid
352 1751 574 1791 repraesentet
589 1750 644 1791 (a).
662 1749 892 1782 Confessionis
906 1748 1151 1789 impedimenta

259 1800 416 1838 quatuor.

216 1844 411 1877 Benedictus
429 1844 587 1876 Dominus·
600 1844 689 1875 Deus
706 1853 807 1884 meuS,
828 1842 916 1875 Psal.
938 1844 1012 1875 143.
1032 1842 1150 1874 Funda

258 1895 292 1925 et
310 1892 396 1933 lapis
418 1892 498 1933 quid
517 1894 775 1933 repraesentent.

217 1939 366 1971 Ecclesia
391 1942 532 1980 propter
554 1939 618 1971 tria
636 1939 749 1970 fundae
766 1938 982 1979 comparatur
1001 1936 1059 1977 (a).
1086 1938 1147 1969 La-

257 1986 367 2027 pides,
387 1986 546 2018 doctores
565 1986 606 2017 ab
627 1995 667 2018 ea
685 1986 780 2017 missi
799 1986 858 2026 (a).
878 1986 915 2016 in
934 1994 1051 2026 pugna
1067 1994 1148 2026 qua-

255 2035 333 2065 tuor
351 2033 543 2065 necessaria
571 2033 632 2074 (a).
658 2034 741 2064 Tota
759 2032 904 2064 Trinitas
923 2032 1023 2063 nobis
1049 2032 1149 2065 inno-

255 2080 318 2112 tuit
330 2089 392 2121 per
410 2080 544 2112 Filium.
566 2081 731 2112 Excessus
748 2080 1021 2121 praedicatorum.
1040 2081 1148 2121 Aqua-

255 2136 333 2158 rum
353 2127 461 2158 virtus
483 2126 673 2167 multiplex.

216 2174 265 2206 De
284 2174 484 2206 liberatione
510 2184 530 2206 a
549 2174 662 2215 poenis
681 2176 713 2205 et
734 2183 752 2205 a
770 2173 919 2214 peccatis
941 2173 998 2213 (a).
1026 2175 1073 2206 De
1094 2174 1148 2206 tri-

254 2221 318 2252 bus
337 2230 413 2262 quae
433 2221 629 2253 hominibus
649 2221 761 2252 solent
780 2220 894 2262 objici.
921 2223 925 2226 ⁴

214 2267 382 2300 Eaealtabo
408 2274 455 2308 te,
476 2270 564 2301 Deus
591 2278 680 2300 meas
706 2278 779 2309 rex,
799 2268 887 2300 Psal.
909 2269 979 2301 144.
1008 2269 1147 2309 Septem

255 2316 347 2347 dona
365 2316 508 2357 Spiritus
527 2316 634 2348 sancti
650 2316 743 2347 dedit
766 2315 918 2347 Christus
938 2325 999 2356 per
1016 2318 1147 2356 septem

254 2363 484 2403 apparitiones
509 2365 588 2403 post
616 2363 914 2394 resurrectionem.
946 2364 994 2394 De
1023 2363 1147 2404 triplici

255 2418 385 2441 corona
414 2410 550 2442 Christi.
580 2409 717 2450 Triplex
747 2410 810 2441 erit
834 2409 869 2441 in
894 2409 1009 2442 electis
1031 2409 1144 2442 fruitio

256 2455 330 2488 Dei.

213 2503 252 2535 In
270 2503 380 2535 tribus
399 2503 531 2535 casibus
548 2502 628 2535 licet
644 2502 775 2535 homini
801 2512 836 2534 se
856 2502 994 2535 laudare
1015 2504 1075 2545 (a).
1096 2504 1145 2537 De

253 2550 457 2592 hypozeuxi.
478 2551 634 2591 Quinque
661 2553 740 2582 sunt
765 2559 839 2592 quae
858 2559 1002 2592 regnum
1021 2551 1144 2583 Christi

254 2599 498 2630 commendant
511 2598 566 2639 (a).
579 2598 702 2630 Fidelis
714 2597 881 2629 Dominus
891 2598 926 2629 in
938 2598 1070 2630 duobus
1085 2598 1144 2638 (a).

254 2646 336 2678 Tres
356 2645 478 2678 animae
498 2646 588 2678 vires
606 2645 642 2677 in
657 2645 818 2687 praesenti
833 2645 968 2686 impleri
980 2655 1051 2678 non
1070 2655 1148 2687 pos-

255 2694 344 2724 sunt.

216 2738 346 2777 Lauda,
373 2739 486 2771 anima
514 2748 606 2779 mea,
637 2739 826 2780 Dominum,
847 2739 936 2772 Psal.
966 2741 1038 2771 145.
1069 2738 1146 2771 Tria

259 2785 395 2818 obstant
413 2785 594 2827 quominus
607 2786 642 2818 in
661 2786 822 2828 praesenti
834 2787 984 2828 perfecta
999 2787 1042 2820 sit
1060 2786 1143 2818 laus,

1215 245 1390 290 INDEX.

1198 618 1258 649 566

1196 900 1256 931 567

1195 1228 1254 1260 568

1194 1609 1254 1641 569

1191 1892 1251 1923 570

1191 2128 1247 2160 571

1189 2457 1248 2488 572

1376 337 1425 369 De
1469 338 1614 378 quatuor
1644 338 1780 372 dotibus
1807 342 1959 384 corporis
1991 344 2169 386 glorificati
2202 348 2261 390 (a).

1374 383 1439 415 Per
1456 384 1559 417 Jacob
1588 386 1738 419 Ecclesia
1755 387 1979 431 triumphans,
1999 400 2061 433 per
2078 394 2166 426 Esau
2193 395 2262 428 mi-

1374 430 1473 463 litans
1500 432 1718 473 significatur.

1335 478 1382 510 De
1403 479 1522 511 ordine
1539 480 1802 521 justificationis.

1334 525 1492 566 Laudare,
1513 527 1690 558 Dominum
1719 530 1886 569 quoniam,
1908 531 1996 564 Psal.
2027 535 2097 567 116.
2127 535 2175 566 De
2203 545 2262 577 pa-

1374 572 1488 604 tientia
1507 575 1541 605 et
1559 574 1724 614 sapientia
1752 576 1794 607 ad
1820 577 2080 611 aedificationem
2108 582 2262 615 Ecclesiae

1373 620 1584 651 necessariis.
1607 622 1655 653 De
1673 631 1830 663 numero,
1851 633 2010 657 mensura
2037 628 2070 658 et
2096 629 2261 670 pondere,

1373 668 1498 698 sanctae
1515 667 1666 700 Trinitati
1685 671 1901 710 comparatis.
1919 672 1965 703 De
1983 672 2188 706 obscuritate
2206 675 2264 707 de-

1373 713 1492 753 cuplici
1504 723 1608 745 sacrae
1625 715 1806 756 Scripturae
1823 718 1878 756 (a).
1899 718 1947 750 De
1961 719 2061 759 pullis
2078 729 2259 754 corvorum

1372 759 1611 792 invocantibus
1635 763 1743 794 Deum
1770 763 1828 804 (a).
1849 765 1977 797 Timori
1996 775 2073 807 spes
2088 767 2188 809 jungi
2207 769 2262 801 de-

1370 805 1429 838 bet
1448 815 1524 838 cum
1543 808 1705 848 patientia
1725 811 1758 841 et
1775 809 1970 844 fortitudine
1995 813 2057 854 (a).

1331 853 1459 893 Lauda,
1476 855 1671 896 Jerusalem,
1688 857 1877 899 Dominum,
1899 860 1985 892 Psal.
2008 863 2078 894 147.
2099 863 2145 894 De
2161 872 2260 904 repa-

1372 901 1504 933 ratione
1524 902 1715 934 Jerusalem
1738 904 1792 943 (a).

1331 948 1379 980 De
1395 948 1558 981 missione
1579 949 1652 981 Filii
1670 951 1727 990 (a).
1742 951 1878 992 Triplex
1893 954 2020 993 peccati
2035 964 2155 996 genus.
2174 957 2262 994 Quo-

1371 996 1476 1028 modo
1497 996 1538 1028 de
1556 997 1675 1029 Judaeo
1694 997 1731 1029 fit
1751 999 1927 1040 Hebraeus,
1946 1001 1987 1032 de
2007 1002 2152 1035 Hebraeo
2173 1004 2260 1037 Gali-

1371 1043 1464 1075 laeus.
1486 1043 1584 1081 Quod
1611 1047 1757 1085 quatuor
1784 1046 1920 1087 spiritus
1938 1047 2027 1079 dona
2052 1049 2095 1080 ad
2111 1050 2262 1083 intellec-

1371 1092 1442 1121 tum
1455 1091 1606 1132 quidem,
1622 1091 1685 1123 tria
1698 1101 1834 1134 quoque
1850 1094 1892 1125 ad
1905 1093 2061 1127 affectum
2078 1097 2260 1137 pertinent.

1371 1138 1441 1169 Pax
1460 1139 1670 1180 quadruplex
1693 1141 1867 1180 quomodo
1891 1144 2087 1183 quaerenda.

1330 1184 1477 1216 Laudare
1490 1186 1669 1217 Dominum
1686 1186 1726 1218 de
1743 1187 1846 1229 coelis,
1867 1190 1954 1221 Psal.
1975 1191 2047 1223 148.
2065 1192 2261 1232 imperativi

1372 1241 1454 1264 usus
1471 1233 1658 1274 multiplex,

1330 1280 1378 1311 De
1399 1280 1486 1312 coelo
1507 1281 1631 1321 primo,
1651 1282 1801 1314 secundo
1816 1285 1850 1315 et
1868 1284 1981 1316 tertio.
2004 1285 2178 1318 Elementa
2192 1285 2261 1318 lau-

1371 1326 1463 1368 dant,
1482 1327 1516 1359 id
1533 1330 1595 1368 est,
1612 1329 1694 1360 dant
1706 1330 1883 1362 materiam
1897 1330 2056 1363 laudandi
2076 1333 2184 1366 Deum
2201 1334 2260 1375 (a).

1371 1374 1419 1405 De
1441 1375 1559 1407 ordine
1581 1376 1765 1408 creationis
1786 1377 1846 1418 (a).

1330 1421 1469 1453 Caritate
1496 1423 1636 1454 Domino
1663 1425 1828 1455 canticum
1847 1434 1979 1466 novum,
2002 1426 2090 1458 Psal.
2113 1429 2184 1459 149.
2210 1428 2259 1459 Dc

1371 1471 1471 1502 cantu
1493 1469 1650 1508 Luciferi,
1672 1471 1753 1502 Adae
1777 1473 1811 1503 et
1838 1471 1962 1504 Christi
1987 1473 2042 1514 (a).
2065 1475 2114 1506 De
2138 1475 2261 1516 gaudio

1370 1516 1523 1548 interiori
1546 1518 1600 1557 (a).
1621 1518 1670 1549 De
1690 1517 1813 1558 triplici
1831 1518 2002 1560 ligamine.

1329 1563 1377 1593 De
1396 1565 1543 1603 quatuor
1558 1564 1699 1596 canticis
1720 1565 1852 1596 Veteris
1869 1566 2088 1599 Testamenti.

1328 1610 1472 1642 Laudate
1493 1611 1672 1642 Dominam
1691 1613 1725 1643 in
1739 1613 1864 1644 sanctis
1877 1613 1962 1654 ejus,
1984 1614 2071 1647 Psal.
2095 1616 2165 1647 150.
2180 1615 2257 1647 Tria

1368 1660 1448 1689 sunt
1472 1667 1547 1699 quae
1569 1658 1698 1691 faciunt
1723 1659 1897 1691 hominem
1926 1663 2092 1693 sanctum.
2112 1662 2256 1703 ,Duplex

1369 1704 1588 1746 infirmitatis,
1606 1708 1679 1737 tum
1698 1715 1887 1747 corporeae,
1906 1709 1978 1739 tum
1993 1708 2186 1749 spiritualis,
2204 1718 2259 1750 ge·

1369 1760 1433 1783 nus
1463 1753 1519 1793 (a).
1555 1754 1731 1794 Nusquam
1759 1754 1922 1786 securitas
1953 1756 2007 1795 (a).
2040 1757 2127 1787 Deus
2155 1756 2258 1788 habet

1367 1797 1461 1830 velut
1483 1801 1627 1840 quatuor
1649 1799 1891 1841 dimensiones,
1916 1804 1948 1833 et
1972 1801 2020 1833 sic
2035 1810 2114 1833 eum
2136 1802 2259 1834 imitari

1367 1845 1467 1877 dehet
1486 1846 1590 1878 homo
1616 1847 1672 1887 (a).

1326 1893 1546 1933 Septenarius
1569 1903 1732 1925 numerus
1751 1893 1884 1926 sterilis.
1904 1896 2040 1927 Novum
2061 1897 2257 1928 Testamen-

1365 1942 1438 1971 tum
1457 1940 1574 1972 Veteri
1593 1940 1772 1981 prael'ertur
1791 1942 1850 1982 (a).
1868 1941 1963 1974 Ritus
1987 1943 2158 1984 Ecclesiae,
2175 1943 2257 1975 dum

1365 1986 1488 2028 legitur
1518 1988 1739 2029 Evangelium
1774 1989 1834 2030 (a).
1866 1990 1914 2021 De
1945 1990 2069 2031 triplici
2102 1993 2189 2023 statu
2220 1991 2256 2022 in

1367 2035 1539 2074 praesenti.
1559 2038 1644 2067 Ante
1663 2036 1767 2067 finem
1787 2036 1932 2076 pendula
1959 2037 2077 2069 omnia
2097 2038 2153 2078 (a).

1325 2080 1499 2121 Expositio
1514 2082 1549 2114 in
1562 2082 1685 2114 librum
1698 2083 1921 2115 Ecclesiastae.
1936 2085 2183 2126 Argumentum
2199 2084 2256 2126 (ex

1365 2127 1445 2160 edit.
1467 2129 1601 2170 Vatic.).
1627 2129 1848 2162 Prooemium.

1323 2174 1404 2216 Cap.
1428 2178 1456 2207 1.
1483 2175 1587 2208 Verba
1606 2176 1826 2216 Ecclesiastoe,
1845 2179 1908 2211 etc.

1323 2221 1405 2263 Cap.
1425 2224 1457 2254 2.
1478 2223 1564 2254 Diri
1580 2233 1658 2264 erqo
1677 2233 1735 2265 eqo
1756 2225 1790 2256 in
1811 2225 1906 2256 corde
1924 2234 2005 2256 meo.

1323 2268 1405 2309 039.
1426 2270 1456 2300 3.
1479 2269 1597 2301 Omnia
1619 2272 1744 2310 tempus
1765 2270 1894 2303 habent.

1323 2315 1403 2356 Cap.
1426 2318 1456 2349 4.
1483 2317 1576 2348 Verti
1592 2326 1642 2348 me
1661 2317 1706 2349 acl
1722 2317 1805 2350 alia.

1322 2363 1403 2402 Cap.
1424 2365 1457 2394 5.
1478 2363 1530 2395 Ne
1549 2366 1669 2395 temere
1687 2364 1771 2405 qaid
1788 2363 1950 2406 loquaris,

1322 2409 1401 2449 Cap.
1423 2411 1454 2441 6.
1477 2410 1538 2441 Est
1556 2413 1587 2441 et
1606 2410 1704 2441 aliud
1722 2410 1860 2443 malum.

1322 2455 1402 2496 Cap.
1423 2457 1454 2487 7.
1477 2456 1561 2495 Quid
1582 2466 1706 2488 necesse
1724 2459 1784 2488 est.

1321 2503 1405 2543 Cap.
1425 2504 1454 2535 8.
1478 2504 1556 2543 Quis
1579 2503 1660 2534 talis
1679 2506 1716 2535 ut
1732 2504 1875 2544 sapiens.

1322 2550 1403 2591 Cap.
1425 2552 1454 2582 9.
1477 2551 1595 2584 Omnia
1614 2551 1681 2582 hoec
1701 2551 1852 2583 tractavi.

1322 2597 1405 2637 Cap.
1427 2599 1477 2630 10.
1498 2599 1617 2630 Muscae
1635 2598 1824 2629 morientes.

1322 2644 1403 2685 Cap.
1427 2647 1477 2676 11.
1500 2645 1594 2675 Mitte
1609 2654 1727 2686 panem
1748 2647 1853 2676 tuum.

1323 2692 1406 2732 Cap.
1429 2693 1478 2723 12.
1499 2692 1661 2724 Memento
1681 2691 1851 2724 Creator-is
1871 2691 1931 2723 tui.

1353 2792 1395 2827 (a)
1408 2793 1479 2820 Cat.
1494 2792 1564 2820 edit.
1578 2793 1634 2820 hoc
1647 2800 1706 2820 non
1719 2792 1838 2820 habent.

916 3088 1009 3114 FINIS
1036 3089 1166 3115 tNotcts
1192 3090 1422 3117 MATERIARUM
1447 3092 1533 3118 Tom
1554 3088 1655 3118 NON!-

815 3554 1029 3577 vnsowrtonu.
1041 3564 1083 3570 —
1099 3556 1140 3578 131
1154 3556 1248 3578 TYN!
1265 3556 1643 3579 cornuum-ctutanunss
1660 3555 1756 3577 flul.

2286 264 2364 304 695

2304 445 2364 477 573

2304 913 2363 944 574

2306 1148 2364 1180 575

2304 1243 2363 1273 575

2303 1523 2362 1554 576

2301 1851 2359 1881 577

2298 2039 2357 2070 578

2297 2133 2358 2164 579

2295 2179 2356 2210 587

2298 2226 2357 2256 597

2297 2273 2356 2303 607

2295 2320 2356 2350 616

2297 2366 2357 2396 622

2295 2412 2356 2442 630

2295 2458 2355 2488 634

2296 2505 2356 2535 645

2295 2551 2355 2582 653

2295 2598 2354 2628 662

2295 2644 2355 2674 670

2295 2691 2353 2722 675
