2633 3878
111 2678 237 2706 Pruden-

94 2720 131 2746 tis
169 2727 235 2747 mu-

95 2769 164 2788 nus.

1112 258 1354 301 PSALMUS
1385 257 1558 300 CXVIII.

267 352 380 390 estin
402 363 519 390 versu
545 352 788 401 praecedente
796 363 807 398 ;
830 351 879 387 de
899 350 1148 397 dilatatione,
1178 361 1298 398 quam

265 415 346 462 agit
375 415 415 451 in
448 415 679 459 tentatione,
706 412 887 450 scribitur
918 412 958 449 iu
990 412 1181 460 praesenti.
1213 414 1298 449 Haec

266 479 398 515 autem
430 476 605 514 dilatatio
631 478 722 512 tunc
751 474 899 520 elucet,
929 474 1090 523 quando
1117 475 1215 522 quid
1236 486 1298 512 su-

263 539 583 587 perandum5per
603 537 700 586 quid
718 536 1001 585 superandum,
1020 540 1180 585 propter
1200 536 1297 585 quid

265 601 555 650 superandum,
592 599 725 636 unctio
758 600 823 636 Dei
862 599 978 636 docet
1009 599 1072 648 (a).
1114 600 1296 647 Superari

264 674 436 712 namque
457 663 568 700 decet
587 661 819 699 exteriorem
848 662 1091 699 inimicitiam
1112 673 1181 709 per
1201 662 1297 698 inte-

263 726 409 764 riorem
437 724 711 774 prudentiam,
741 726 901 772 propter
927 724 1172 772 superiorem
1199 724 1296 760 obe-

264 787 453 825 dientiam
473 817 484 834 ,
528 788 668 835 praeter
710 786 964 834 posteriorem
1007 786 1295 823 deficientiam:

263 850 362 887 sieut
386 849 540 898 liquido
566 852 671 898 patet
697 859 767 896 per
790 848 1072 896 quadrifariam
1098 848 1297 896 praesentis

261 922 396 949 versus
416 911 709 949 continentiam.

600 1018 783 1052 Articulus
806 1018 960 1063 prz'mus.

308 1101 505 1145 Quantum
525 1099 576 1136 ad
595 1099 784 1147 primum,
807 1099 949 1136 dIcitur
969 1112 976 1136 :
1000 1100 1112 1146 Super
1133 1101 1296 1136 inimicos

260 1173 366 1200 meos.
389 1163 473 1199 Non
492 1162 545 1199 ait
563 1162 696 1198 subter
718 1161 911 1207 inimicos,
933 1161 1003 1198 sed
1030 1172 1148 1209 super
1169 1161 1295 1198 inimi-

260 1236 345 1269 οοε,
373 1229 415 1262 ut
442 1226 595 1261 notaret
614 1234 682 1260 eos
702 1234 781 1261 non
803 1223 1104 1271 pusillanimiter
1124 1223 1296 1261 toleran-

261 1287 346 1333 dos,
367 1287 437 1324 sed
451 1286 757 1334 magnanimiter
773 1286 1033 1334 superandos.
1048 1288 1296 1335 Quapropter

259 1350 322 1387 hic
338 1351 467 1398 potest
484 1349 627 1394 notari,
642 1348 710 1397 qui
731 1351 821 1385 sunt
839 1348 987 1385 inimici
1003 1349 1294 1396 huJuscemodi,

259 1415 295 1449 et
331 1412 498 1460 qualiter
534 1411 760 1460 superandi.
792 1412 907 1448 Plane
942 1411 1113 1448 morales
1144 1411 1295 1449 inimici

259 1477 349 1511 sunt
374 1474 541 1511 insultus
570 1474 734 1519 terreni,
757 1473 954 1520 carnales,
987 1474 1200 1521 diabolici3
1227 1474 1296 1522 qui

258 1537 385 1574 solent
404 1536 678 1585 eleemosynis,
701 1535 932 1584 disciplinis,
951 1540 986 1573 et
1003 1537 1147 1574 divinis
1166 1537 1295 1574 laudi-

256 1598 332 1636 bus
353 1599 542 1646 superari.
564 1600 614 1635 De
633 1598 763 1646 primo
781 1598 815 1634 ¹:
833 1612 850 1632 «
872 1599 1071 1636 Conclude
1092 1599 1296 1636 eleemosi-

256 1671 350 1697 nam
382 1661 422 1697 in
453 1660 542 1697 sinu
572 1661 778 1708 pauperis,
809 1663 846 1697 et
874 1661 956 1698 haee
983 1672 1056 1709 pro
1083 1665 1118 1698 te
1153 1672 1293 1698 exora-

255 1723 313 1760 bit
323 1735 335 1770 3
358 1736 376 1757 ι)
395 1724 432 1760 et
451 1722 572 1759 infra:
592 1723 746 1770 «Super
759 1725 913 1759 scutum
930 1723 1112 1771 potentis,
1129 1727 1164 1760 et
1177 1735 1295 1772 super

255 1785 436 1823 lanceam
455 1785 667 1822 adversum
687 1784 893 1822 inimicum
910 1788 1021 1823 tuum
1040 1786 1253 1834 pugnabit:
1273 1800 1291 1821 n

257 1859 346 1885 ecee
367 1847 547 1884 inimicus
568 1847 820 1896 eleemosyna
840 1848 1148 1896 impugnandus.
1167 1851 1216 1885 De
1237 1859 1294 1886 se-

257 1910 390 1947 eundo
406 1910 420 1931 ²
436 1922 444 1946 :
469 1924 485 1944 «
502 1911 599 1947 Cum
615 1909 686 1946 das
699 1910 815 1946 nobis
830 1909 1094 1958 disciplinam,
1112 1911 1295 1948 inimicos

256 1975 411 2009 nostros
439 1971 706 2020 multipliciter
731 1971 907 2019 flagellas
926 1984 933 2007 :
955 1986 974 2007 »
998 1983 1086 2009 ecce
1112 1973 1295 2011 inimicus

258 2034 466 2082 disciplina
496 2033 772 2081 flagellandus.
807 2036 857 2071 De
896 2034 1008 2071 tert10
1044 2035 1227 2072 scribitur
1254 2037 1293 2073 ³:

262 2110 279 2130 «
306 2097 487 2134 Laudans
512 2097 706 2134 invocabo
733 2097 964 2142 Dominum,
995 2099 1032 2133 et
1057 2097 1107 2134 ab
1128 2097 1296 2136 inimicis

257 2159 355 2196 meis
368 2159 501 2196 salvus
515 2170 582 2197 ero
596 2172 603 2196 :
617 2173 634 2194 n
652 2170 740 2197 ecee
754 2159 935 2196 inimicus
951 2159 1094 2196 divinis
1107 2159 1296 2198 laudibus

257 2221 518 2270 superandus.

572 2325 761 2361 Artz'eulus
789 2326 976 2362 secundus.

303 2416 499 2459 Quantum
517 2414 568 2451 ad
585 2414 820 2460 seeundum,
833 2416 1060 2463 subjicitur:
1079 2418 1292 2454 Prudentem

255 2488 309 2513 me
333 2479 468 2522 fecisti.
492 2478 592 2514 Sane
620 2477 856 2524 prudentem
886 2482 1039 2526 oportet
1071 2480 1190 2526 effici,
1224 2491 1296 2528 per

256 2550 377 2586 quem
412 2539 557 2576 tentiva
584 2539 701 2576 debet
730 2540 934 2578 inimicitia
962 2530 1138 2590 superari
1147 2555 1158 2589 3
1192 2554 1293 2591 quo-

255 2601 364 2638 niam
392 2601 680 2650 imprudentior
707 2604 762 2639 est
785 2602 837 2639 ad
866 2604 1136 2651 superandum
1165 2605 1294 2654 impo-

258 2663 411 2709 tentior,
428 2663 573 2701 scilieet
591 2663 824 2712 prudentior
850 2666 902 2702 ad
926 2667 1196 2714 superandum
1217 2679 1290 2716 po-

255 2726 408 2764 tentior.
435 2726 599 2772 Quaeris,
633 2729 782 2775 quare?
811 2728 1030 2776 speclaliter
1060 2730 1201 2778 triplici
1229 2742 1292 2769 ra-

256 2789 383 2826 tione:
401 2789 495 2838 quia
508 2789 715 2838 prudentis
735 2789 892 2827 interest
912 2792 1075 2829 consilia
1089 2793 1290 2840 trutinare,

255 2851 416 2900 eloquia
442 2858 691 2898 mensurare,
722 2855 757 2889 et
785 2863 905 2901 opera
930 2858 1150 2899 maturare‚·
1181 2859 1217 2894 et
1236 2857 1293 2894 id-

256 2914 358 2951 cireo
371 2913 569 2962 potentior
588 2916 645 2951 est
659 2918 821 2962 peccata
837 2916 982 2960 cordis,
996 2916 1090 2964 oris,
1107 2920 1143 2955 et
1160 2920 1291 2967 operis

256 2986 456 3024 superare.
479 2977 530 3013 De
548 2976 680 3024 primo
701 2978 740 3014 ¹0:
764 2991 780 3012 α
803 2981 844 3016 ln
864 2978 983 3015 corde
1003 2980 1208 3027 prudentis
1228 2993 1290 3020 re·

255 3037 421 3085 quiescit
448 3038 667 3086 sapientia:
701 3053 717 3074 n
741 3050 830 3077 ecce
864 3041 1100 3089 prudentem
1126 3044 1291 3082 consilia

254 3099 442 3137 trutinare
460 3102 674 3148 potentem.
699 3104 749 3139 De
771 3103 946 3140 secundo
962 3104 994 3140 ⁵:
1013 3118 1031 3139 α
1052 3105 1177 3143 Verba
1196 3117 1288 3154 pru·

254 3161 432 3199 dentium
463 3166 604 3200 statera
634 3164 993 3211 ponderabuntur:
1027 3180 1044 3201 »
1074 3177 1162 3205 eece
1193 3180 1289 3217 pru-

254 3223 413 3262 dentem
425 3225 586 3273 eloquia
597 3236 827 3263 mensurare
840 3230 1054 3275 potentem·
1069 3231 1118 3267 De
1134 3230 1246 3268 tertio
1258 3233 1285 3269 ⁶:

257 3303 274 3321 «
295 3288 428 3326 Melior
454 3291 510 3326 est
533 3288 745 3336 sapientia,
767 3299 888 3337 quam
908 3290 1011 3327 vires
1020 3303 1031 3338 3
1053 3294 1090 3329 et
1109 3292 1168 3330 vir
1195 3305 1290 3342 pru-

253 3351 350 3388 dens
384 3351 531 3398 magis,
561 3361 683 3399 quam
714 3351 847 3389 fortis:
879 3366 895 3387 ι)
927 3364 1016 3391 ecce
1050 3355 1288 3403 prudentem

252 3423 374 3462 opera
392 3417 589 3452 maturare
610 3416 823 3462 potentem.

296 3497 303 3514 ¹
323 3497 440 3537 Eccli.‚
461 3506 556 3538 xxix,
576 3499 626 3531 18.
643 3515 679 3520 -
703 3499 713 3517 ²
730 3498 825 3540 Sap„
844 3507 908 3538 xil,
927 3501 979 3532 22.
995 3517 1034 3524 —
1053 3500 1068 3523 ὃ
1088 3502 1177 3535 Psal.
1199 3512 1285 3546 xvii,

253 3544 285 3574 4.
302 3561 342 3566 —
361 3544 371 3562 ⁴
394 3546 504 3584 Prov.,
524 3553 595 3586 xm,
616 3546 667 3578 33.
689 3563 729 3568 —
750 3545 763 3568 ⁵
782 3545 902 3586 Eccli.,
928 3555 1001 3588 κω,
1021 3549 1072 3580 28.
1097 3566 1138 3572 —
1157 3550 1171 3572 ⁸
1190 3552 1284 3594 Sap„

2326 257 2403 297 4ts3

1715 390 1902 426 Artz'culus
1924 392 2063 426 tertius.

1421 475 1616 518 Quantum
1645 472 1697 510 ad
1715 472 1891 517 tertium,
1918 473 2077 509 additur
2099 484 2107 509 ε
2130 473 2305 510 Mandato
2324 475 2405 515 tuo,

1373 535 1414 572 id
1432 539 1501 582 est,
1521 539 1682 583 propter
1700 535 1932 572 mandatum
1952 538 2081 581 tuum3
2104 534 2199 582 quia
2217 533 2404 571 nimirum

1374 601 1534 646 propter
1560 598 1791 635 mandatum
1817 600 2024 646 superatur
2054 600 2286 645 peccatum:
2312 596 2407 634 alio-

1374 661 1470 708 quin
1492 661 1678 698 mandato
1707 671 1789 698 non
1818 661 2084 709 obtemperat,
2114 660 2182 708 qui
2202 662 2407 708 peceatum

1373 735 1453 761 non
1474 726 1644 772 superat.
1666 727 1708 761 Et
1730 725 1970 772 notandum,
1992 725 2102 773 quod
2131 724 2273 772 trIplex
2293 734 2406 760 man-

1374 787 1509 823 datum
1527 786 1669 833 legitur
1696 787 1737 823 in
1756 779 2320 836 seripturis,‘correspondens
2339 786 2404 823 tri-

1373 849 1448 886 bus
1478 849 1630 885 actibus
1660 850 1916 886 memoratis:
1954 850 2139 887 videlieet
2173 849 2407 886 mandatum

1373 911 1534 958 silendi,
1562 913 1807 960 respondens
1834 913 1937 950 actui
1972 913 2136 950 consilia
2164 912 2405 959 trutinand13

1372 974 1606 1012 mandatum
1625 975 1838 1023 loquendi,
1856 976 2100 1024 respondens
2121 976 2223 1012 actui
2246 975 2408 1022 eloquIa

1373 1037 1647 1082 mensurandi3
1678 1038 1911 1075 mandatum
1940 1038 2132 1084 faciendi,
2162 1037 2408 1085 respondens

1373 1100 1474 1136 actui
1502 1110 1624 1147 opera
1649 1100 1887 1138 maturandi.
1910 1103 1961 1138 De
1986 1100 2115 1149 primo
2135 1102 2170 1136 ⁷:
2197 1114 2214 1135 «
2235 1099 2406 1137 Sabbato

1373 1161 1536 1210 quidem
1557 1162 1748 1199 siluerunt
1767 1163 1988 1200 secundum
2006 1162 2260 1199 mandatum:
2283 1174 2300 1196 n
2318 1172 2407 1199 ecce

1371 1225 1605 1262 mandatum
1631 1226 1783 1263 silendi.
1819 1229 1869 1263 De
1903 1226 2078 1263 secundo
2097 1226 2134 1262 ⁵³:
2163 1238 2180 1259 «
2207 1225 2278 1270 Qui
2304 1225 2410 1262 misit

1371 1299 1434 1325 me
1456 1291 1578 1336 Pater,
1601 1290 1683 1337 ipse
1706 1290 1802 1327 mihi
1827 1289 2060 1327 mandatum
2081 1288 2208 1335 dedit,
2232 1288 2330 1337 quid
2351 1288 2409 1325 di-

1371 1362 1472 1398 cam,
1504 1355 1540 1390 et
1575 1353 1672 1401 quid
1704 1353 1877 1401 loquar:
1910 1366 1928 1388 n
1963 1363 2051 1390 eece
2081 1351 2314 1389 mandatum
2347 1351 2407 1388 lo-

1372 1414 1534 1463 quendi.
1571 1417 1620 1452 De
1653 1416 1765 1453 tertio
1792 1417 1829 1452 ⁹:
1856 1429 1873 1450 «
1905 1415 2009 1454 Sicut
2038 1414 2272 1452 mandatum
2297 1413 2407 1451 dedit

1371 1477 1467 1514 mihi
1504 1479 1632 1523 Pater,
1671 1479 1725 1514 sic
1762 1478 1895 1515 facio:
1929 1491 1946 1512 n
1970 1488 2058 1514 ecce
2088 1476 2321 1514 mandatum
2352 1476 2407 1513 fa-

1372 1540 1515 1577 ciendi.

1704 1590 1894 1625 Articulus
1920 1590 2084 1636 quartus.

1419 1668 1614 1711 Quantum
1637 1666 1688 1702 ad
1711 1669 1921 1714 quartum,
1945 1664 2248 1713 superadJ'Ieitur
2269 1677 2279 1701 :
2313 1666 2407 1710 Quo-

1370 1732 1469 1766 niam
1489 1731 1528 1765 τη
1547 1731 1718 1765 (eternum
1736 1729 1830 1764 mihi
1849 1732 1924 1773 θείς
1943 1727 2142 1776 siquidem
2158 1727 2199 1764 in
2217 1728 2406 1764 aeternum

1371 1795 1427 1828 est
1460 1790 1691 1845 memoriale
1717 1791 1928 1837 internum,
1961 1790 2071 1838 quod
2100 1800 2182 1827 non
2212 1789 2343 1826 deficit
2366 1789 2406 1827 in

1369 1856 1571 1892 aeternum.
1586 1854 1675 1891 Tale
1689 1854 1920 1891 memoriale
1942 1853 2059 1890 debet
2072 1863 2152 1890 esse
2166 1854 2406 1900 praeceptum

1369 1906 1536 1962 morale,
1557 1917 1669 1965 quod
1688 1917 1836 1954 servari
1853 1916 1970 1954 debet
1988 1916 2215 1953 memoriter
2233 1915 2274 1952 in
2293 1917 2405 1952 aeter-

1369 1991 1478 2025 num,
1503 1982 1692 2027 tanquam
1715 1980 1780 2026 J'us
1807 1982 2031 2027 paternum,
2052 1989 2281 2026 supernum,
2308 1989 2406 2015 sem-

1368 2043 1579 2090 piternum.
1613 2043 1741 2087 Quare
1761 2043 1971 2089 paternum
1988 2042 2007 2077 ‘?
2028 2040 2126 2085 Quia
2144 2051 2216 2088 per
2240 2042 2406 2088 paterna

1369 2105 1530 2152 eloquia
1550 2104 1799 2152 acquisitum.
1819 2106 1946 2149 Quare
1962 2113 2178 2152 supernum
2190 2104 2208 2139 ἱ)
2224 2102 2321 2148 Quia
2334 2112 2405 2151 per

1369 2178 1539 2216 superna
1552 2167 1701 2214 judicia
1714 2166 1938 2203 diffinitum.
1955 2167 2081 2210 Quare
2094 2165 2375 2214 sempiternum
2386 2167 2404 2202 ⁵?

1368 2231 1465 2276 Quia
1497 2229 1735 2278 sempiterna
1756 2228 1904 2275 justitia
1936 2227 2166 2265 stabilitum.
2191 2230 2240 2265 De
2275 2228 2404 2276 primo

1367 2303 1438 2342 per
1458 2293 1693 2340 prophetam
1712 2291 1892 2339 psallitur
1911 2290 1937 2313 ¹⁰
1957 2303 1965 2327 ε
1991 2303 2009 2325 «
2030 2289 2246 2328 Hereditate
2267 2291 2404 2339 acqui-

1368 2356 1438 2392 sivi
1461 2355 1684 2392 testimonia
1702 2357 1770 2392 tua
1790 2354 1830 2390 in
1848 2356 2038 2391 {eternum
2062 2365 2069 2389 :
2093 2367 2111 2388 »
2135 2363 2224 2390 ecee
2245 2353 2404 2402 eloquia

1367 2418 1624 2464 hereditaria,
1646 2417 1709 2454 vel
1735 2418 1920 2464 paterna,
1943 2415 2089 2464 quihus
2108 2416 2190 2453 haec
2208 2416 2298 2463 jura
2317 2419 2405 2453 sunt

1368 2480 1570 2528 acquisita.
1597 2482 1645 2516 De
1666 2479 1840 2516 seeundo
1861 2489 1932 2527 per
1950 2478 2149 2515 Psalmum
2178 2477 2322 2515 dicitur
2348 2477 2373 2501 ¹¹
2393 2492 2401 2513 :

1372 2557 1389 2577 «
1408 2545 1449 2580 In
1469 2545 1658 2579 aeternum
1676 2541 1809 2579 omnia
1819 2540 1969 2588 judicia
1982 2539 2138 2587 justitiae
2157 2542 2254 2576 tuae:
2276 2553 2294 2574 »
2315 2550 2403 2578 ecee

1363 2605 1514 2652 judicia
1534 2615 1718 2652 superna,
1740 2603 1887 2651 quibus
1905 2603 1987 2640 haec
2004 2603 2095 2650 Jura
2114 2604 2203 2639 sunt
2222 2601 2401 2640 diffinita.

1370 2670 1418 2704 De
1444 2667 1555 2705 tertio
1578 2666 1740 2714 quidem
1760 2666 1912 2703 ibidem
1935 2664 2118 2702 scribitur
2138 2664 2165 2686 ¹²
2187 2676 2195 2701 :
2219 2677 2235 2699 «
2253 2665 2404 2702 Justitia

1368 2733 1448 2777 tua,
1466 2729 1615 2776 justitia
1634 2729 1674 2765 in
1692 2730 1881 2766 aeternum
1904 2740 1912 2764 ε
1937 2741 1954 2762 »
1978 2738 2066 2764 ecee
2082 2726 2230 2774 justitia
2257 2727 2401 2775 sempi-

1368 2796 1490 2838 terna,
1522 2792 1562 2828 in
1596 2802 1676 2839 qua
1707 2792 1798 2828 sunt
1828 2790 1918 2838 jura
1951 2789 2181 2837 hujusmodi
2215 2789 2399 2827 stabilita.

1367 2855 1482 2901 Quod
1502 2858 1634 2892 autem
1652 2853 1886 2891 mandatum
1906 2852 1954 2889 sit
1968 2853 2033 2900 Jus
2054 2851 2250 2898 divinum,
2267 2863 2401 2900 supra,

1365 2918 1538 2966 capitulo
1559 2918 1683 2960 sexto,
1714 2919 1751 2953 et
1778 2925 1894 2953 versu
1920 2914 2098 2952 similiter
2117 2916 2226 2952 sexto
2246 2914 2401 2962 plenius

1366 2984 1422 3019 est
1443 2990 1683 3029 expressum.

1798 3034 1970 3077 Epilogus.

1412 3108 1471 3145 Ait
1499 3118 1592 3155 ergo
1627 3105 1820 3154 Propheta
1855 3103 1896 3141 in
1928 3103 2075 3150 tentati,
2115 3102 2185 3140 sed
2211 3101 2398 3139 charitate

1365 3172 1514 3210 dilatati
1533 3181 1729 3220 persona:
1749 3170 1863 3215 Super
1876 3171 2040 3206 inimicos
2057 3177 2164 3212 meos,
2186 3165 2239 3204 ad
2259 3167 2398 3203 notan-

1364 3235 1459 3272 dum
1473 3263 1482 3279 ‚
1503 3233 1602 3282 quid
1620 3231 1909 3281 superandum,
1929 3229 2121 3278 quoniam
2140 3228 2242 3265 dicta
2264 3227 2396 3265 inimi-

1363 3296 1475 3342 eitia;
1499 3295 1712 3332 Pru-<lentem
1733 3304 1786 3330 me
1817 3295 1953 3338 fecisti,
1986 3291 2037 3328 ad
2070 3290 2292 3328 notandum
2325 3301 2396 3338 per

1363 3407 1419 3438 vi,
1447 3401 1473 3430 1.
1505 3414 1544 3421 —
1572 3397 1585 3419 ⁷
1613 3396 1704 3435 Luc„
1731 3401 1840 3434 xxiii,
1868 3395 1920 3426 56.
1949 3410 1984 3415 -
2010 3392 2023 3414 ⁸
2050 3393 2158 3434 Joan„
2187 3399 2258 3431 xii,
2287 3394 2337 3425 49.
2355 3410 2393 3416 -

1363 3450 1374 3465 2‘
1394 3445 1504 3482 Josm..
1522 3451 1592 3485 xm,
1611 3445 1663 3475 31.
1681 3459 1719 3465 —
1742 3443 1765 3463 ¹⁰
1786 3441 1876 3473 Psal.
1898 3440 1981 3478 hoc,
2003 3442 2070 3472 tit.
2092 3456 2132 3464 —-
2154 3441 2177 3463 ¹¹
2201 3439 2298 3479 lbid.‚
2323 3441 2392 3472 160.

1359 3513 1399 3519 -
1421 3495 1445 3515 ¹²
1466 3492 1562 3530 lbid.‚
1587 3491 1654 3523 142.
1711 3510 1714 3512 -

1402 3554 1446 3594 (a)
1465 3553 1546 3586 Coet.
1567 3550 1646 3583 edil.
1672 3550 1779 3581 vocet.

2449 730 2567 766 Triplex

2440 772 2561 799 munda-

2441 814 2512 841 tum.
