2633 3878
137 233 181 263 VI

135 310 289 351 scilicet
307 308 337 350 F
341 307 633 349 laviacensem.
657 304 899 345 Damasceni
926 301 1082 351 verba,
1103 301 1314 353 quomodo
1342 312 1484 352 graece
1504 302 1669 344 dicatur
1698 304 1823 355 Deus,
1857 318 1998 358 graeco
2018 311 2255 356 charactere

135 387 237 427 inibi
257 385 511 434 scribuntur,
532 395 579 423 ac
595 382 723 422 latine
742 381 1020 434 explicantur,
1043 377 1149 417 sicut
1165 376 1262 416 alibi
1280 377 1390 429 apud
1410 378 1609 419 eumdem
1628 378 1968 424 Bonaventuram
1985 384 2013 425 ¹.

189 463 346 504 Auctor
364 461 553 513 eJusdem
573 459 795 512 Principii,
817 461 1018 509 tanquam
1037 455 1214 495 devotus
1232 455 1272 493 et
1292 453 1557 505 seraphicuS,
1588 455 1680 496 illas
1700 457 1911 510 improbat
1930 460 2136 513 scientiae,
2159 475 2255 517 quae

138 538 304 580 nullum
334 536 439 577 dant
463 547 681 590 soporem,
714 547 787 575 nec
817 538 980 574 motum
1015 532 1133 571 bonce
1161 531 1417 583 operationis
1449 530 1650 584 affeetui,·
1670 545 1693 574 e
1718 537 1864 577 contra
1891 549 1993 578 vero
2022 538 2257 592 Scripturas

137 618 297 655 sanctas
327 614 514 665 impense
543 611 832 658 commendat,
863 604 1047 662 quarum
1073 607 1205 659 stylus
1233 606 1447 647 succendit
1473 608 1601 649 eorda
1631 613 1866 664 torpentia,
1897 615 1965 655 vel
1989 617 2197 668 tepentia,
2220 623 2259 659 et

137 689 349 742 refocillat
367 688 493 729 corda
514 687 722 728 ardentia.
756 686 875 727 Velut
907 685 1033 725 etiam
1054 683 1209 724 divinae
1229 682 1337 734 legis
1357 685 1397 723 et
1417 684 1609 724 canonici
1624 686 1736 737 juris
1754 688 1908 730 zelator
1923 721 1936 740 ,
1958 691 2086 732 tradit
2109 706 2117 733 :
2146 707 2165 730 ι(
2183 692 2258 734 Jus

137 766 258 807 civile
278 765 512 806 secundum
525 764 665 816 legem
686 763 875 803 divinam
889 761 1126 812 regulatur,
1150 762 1190 800 et
1210 760 1444 810 ordinatur,
1469 762 1668 813 quamvis
1686 763 1825 804 adhuc
1838 764 1979 818 aliqua
1996 768 2260 820 reperiantur

138 844 181 883 in
211 854 285 891 eo,
318 853 414 895 quae
443 854 466 882 a
493 842 590 893 jure
615 840 759 881 divino
791 838 1042 888 discordent,
1066 837 1173 877 sicut
1192 836 1243 877 de
1270 836 1424 887 usuris,
1459 839 1499 877 et
1527 839 1792 892 concubinis,
1813 844 1854 882 et
1885 843 2140 896 quibusdam
2169 845 2261 887 aliis

137 919 306 972 paucis,
328 918 561 959 secundum
578 917 688 970 quod
708 919 817 970 patet
837 916 881 955 in
902 915 1068 955 Canonc
1092 928 1100 954 :
1124 925 1221 966 quac
1244 913 1417 953 omnino
1446 917 1519 954 aut
1537 914 1745 967 abrogata
1764 921 1878 970 sunt,
1899 920 1968 961 vel
1986 921 2258 973 abroganda3

137 997 237 1048 quia
254 995 322 1035 lex
349 1006 446 1046 quae
471 993 614 1034 obviat
643 1004 772 1033 sacrae
795 992 1038 1044 Scripturas,
1068 994 1105 1031 ct
1132 989 1306 1030 decretis
1333 989 1481 1042 Papae,
1515 994 1555 1031 et
1577 992 1769 1034 moribus
1799 994 1942 1045 bonis,
1963 996 2122 1037 nullius
2141 997 2263 1039 debet

137 1084 226 1112 esse
254 1070 470 1112 momenti.
502 1083 520 1106 n
553 1069 713 1110 Eorum
742 1067 1050 1121 eloquentiam,
1084 1066 1157 1118 qui
1189 1065 1432 1106 divinarum
1457 1066 1775 1120 Scripturarum
1795 1070 1953 1123 stylum
1979 1073 2262 1126 simplicitatis

137 1152 353 1201 arguunt,
392 1147 612 1190 verbosam
650 1147 791 1200 potius
828 1158 960 1199 quam
997 1149 1266 1197 fructuosam
1308 1144 1512 1196 appellat3
1546 1146 1801 1200 eosdemque
1836 1160 1889 1189 ex
1928 1148 2185 1202 Hieronymo
2223 1153 2263 1191 et

139 1226 383 1278 Augustino
413 1226 574 1267 refellit.
607 1224 804 1277 Algebrae
837 1224 939 1264 satis
973 1233 1160 1273 gnarum
1180 1233 1269 1261 sese
1288 1220 1547 1270 manifestat,
1578 1222 1773 1275 inquiens
1809 1239 1817 1265 :
1857 1241 1876 1264 (ι
1902 1225 2009 1267 Sunt
2033 1226 2129 1266 libri
2156 1226 2263 1269 Novi

137 1302 413 1350 Testamenti,
459 1302 495 1342 si
537 1301 732 1354 partiales
765 1300 962 1353 Epistolae
995 1300 1300 1346 numerentur,
1335 1297 1378 1337 in
1419 1297 1602 1339 solidum
1636 1300 1731 1341 libri
1775 1301 1931 1354 viginti
1969 1304 2155 1355 septem,
2188 1302 2262 1355 qui

137 1390 343 1420 numerus
362 1381 425 1419 est
444 1378 653 1419 secundus
672 1377 845 1417 cubicus
863 1379 926 1416 ter
945 1376 1024 1416 tria
1046 1378 1123 1415 ter.
1146 1389 1164 1412 n

191 1453 366 1495 Librum
394 1453 510 1494 hunc
539 1453 648 1493 inter
684 1451 1075 1492 Bonaventurianas
1111 1451 1395 1504 expositiones
1426 1451 1470 1490 in
1503 1462 1663 1491 sacram
1701 1451 1961 1504 Scripturam
1998 1454 2137 1505 primo
2173 1454 2263 1495 loco

142 1533 331 1572 recenset
363 1530 491 1570 etiam
522 1529 671 1570 Petrus
702 1529 895 1569 Annatus
922 1528 967 1568 in
985 1530 1232 1581 Apparatu,
1266 1528 1375 1568 hanc
1407 1527 1590 1568 subdens
1620 1527 1826 1568 rationem
1858 1540 1867 1566 z
1905 1542 1924 1565 «
1951 1527 2064 1569 Licet
2091 1541 2180 1570 non
2211 1530 2264 1570 sit

139 1606 343 1660 expositio
363 1606 543 1658 alicujus
565 1603 794 1657 Scripturae
814 1604 926 1655 libri,
949 1608 1009 1645 est
1036 1608 1178 1645 tamen
1198 1604 1308 1654 talis,
1337 1606 1383 1644 ut
1402 1604 1446 1643 in
1468 1615 1517 1643 eo
1545 1604 1595 1644 de
1621 1615 1751 1644 sacrae
1772 1602 2001 1656 Scripturae
2020 1605 2264 1657 praestantia

138 1684 322 1737 plurima
352 1683 479 1732 dicat,
511 1684 686 1734 eJ‘usque
714 1681 907 1733 singulos
937 1682 1067 1722 libros
1097 1680 1364 1722 numerando
1386 1683 1559 1732 tangat,
1593 1683 1633 1720 et
1664 1679 1784 1731 mire,
1818 1681 2004 1722 breviter
2032 1683 2074 1722 et
2101 1681 2264 1722 erudite

138 1761 297 1802 refellat
323 1771 408 1810 eos,
441 1759 515 1812 qui
541 1759 583 1799 in
610 1770 703 1799 cam
731 1761 914 1811 quatuor
944 1770 1102 1809 genera
1129 1758 1367 1798 defectuum
1396 1756 1636 1809 impingere
1673 1757 1827 1808 solent,
1852 1756 2008 1797 scilicet
2027 1756 2258 1809 injustitiae,

138 1838 389 1892 insipientiae
405 1869 416 1888 ,
447 1836 720 1878 inhonestatis
752 1838 793 1876 et
821 1836 1138 1889 superfluitatis,
1164 1835 1355 1887 dicatque
1381 1834 1489 1874 inter
1507 1833 1608 1884 alia,
1638 1832 1807 1875 Novum
1823 1832 2141 1874 Testamentum
2158 1831 2263 1872 nihil

137 1926 226 1956 esse
245 1914 371 1965 aliud,
395 1926 523 1967 quam
542 1912 671 1954 Vetus
691 1913 964 1965 spiritualiter
983 1912 1238 1965 expositum,
1263 1914 1304 1953 et
1323 1911 1490 1953 Novum
1507 1910 1553 1950 in
1574 1909 1713 1952 Veteri
1732 1912 1933 1963 tanquam
1953 1911 2090 1950 rotam
2108 1908 2155 1949 in
2174 1910 2265 1949 rota

138 1990 341 2032 contineri
358 1990 387 2031 ².
411 2004 430 2028 υ
453 1990 692 2032 Laudatum
711 2001 878 2042 quoque
901 1989 1042 2041 legere
1059 1992 1119 2030 est
1140 1989 1251 2042 apud
1264 1988 1528 2031 Ludovicum
1551 1986 1786 2029 Carbonem
1806 1989 1834 2026 ⁸.

395 2122 416 2166 ,ξ
441 2121 481 2156 ΙΙ.
504 2139 548 2146 -
574 2120 857 2156 Inruimurioxrs
882 2120 1056 2155 Eccrssiffi
1082 2130 1115 2155 m
1142 2120 1377 2155 llrxxmmnox
1407 2118 1627 2165 (Prodrom.,
1656 2118 1721 2152 col.
1751 2118 1819 2152 624
1846 2119 1881 2152 et
1906 2115 2012 2162 seq.).

200 2225 232 2260 1.
254 2219 500 2260 Inscribitur
519 2231 687 2273 quoque
702 2221 783 2261 hoc
801 2232 908 2273 opus
926 2221 1181 2262 Luminarz‘a
1199 2220 1242 2261 E
1244 2220 1417 2269 eclesioe,
1434 2220 1494 2261 De
1508 2219 1696 2272 quinque
1719 2230 1768 2259 cce
1784 2217 1834 2258 de
1852 2222 2008 2270 septem
2021 2216 2264 2267 visionibus,

144 2299 206 2339 De
233 2297 427 2351 operibus
457 2309 531 2338 sex
555 2296 748 2347 dierum,
777 2299 854 2338 ete.
883 2309 892 2338 ε
916 2298 1038 2349 cujus
1065 2299 1210 2337 auctor
1239 2296 1343 2337 adeo
1373 2298 1516 2348 aperte
1556 2303 1645 2336 sese
1670 2295 1810 2348 prodit
1837 2294 2190 2344 Franciscanum,
2219 2296 2267 2335 ut

144 2374 301 2415 nedum
337 2375 490 2416 referat
526 2375 658 2415 saneti
695 2374 903 2416 Francisci
941 2386 1135 2427 pugnam
1172 2385 1270 2414 cum
1299 2372 1566 2413 daemonibus
1586 2372 1621 2422 ἢ,
1655 2373 1748 2424 ejus
1782 2371 2124 2424 praedicationem
2155 2370 2266 2423 apud

145 2450 376 2491 Soldanum
390 2452 416 2500 ⁵,
439 2451 629 2504 eJusdem
649 2451 875 2492 sententias
904 2453 945 2491 et
972 2451 1082 2491 dicta
1098 2455 1127 2500 Β,
1150 2450 1229 2502 ipsi
1249 2450 1401 2489 factam
1422 2448 1728 2502 apparitionem
1743 2448 1981 2501 Seraphim,
2003 2459 2050 2488 ac
2067 2447 2266 2492 Ordinem

144 2527 411 2579 seraphicum
429 2559 440 2578 ,
463 2528 515 2568 ad
535 2539 662 2580 quem
683 2527 795 2568 idem
813 2529 981 2567 sanctus
999 2526 1250 2579 pertinuisse
1272 2526 1440 2567 videtur
1457 2530 1495 2575 ⁷;
1519 2525 1591 2566 sed
1611 2526 1737 2566 etiam
1758 2524 1897 2565 laudet
1916 2524 2085 2565 beatum
2098 2528 2266 2576 patrem
2306 2546 2309 2547 ν

145 2608 336 2643 nostrum
353 2604 632 2645 Franciseum
650 2604 893 2656 loquentem
926 2613 1024 2642 cum
1052 2602 1178 2642 fratre
1198 2601 1365 2653 AEgidio
1388 2602 1417 2652 ⁸,
1440 2602 1631 2654 ejusdem
1662 2603 1712 2643 B.
1737 2601 1957 2643 Fruneisei
1974 2599 2264 2652 prudentiam,

147 2683 183 2720 et
204 2679 248 2718 in
264 2680 586 2732 contemplativo
606 2680 745 2730 fratre
766 2679 939 2731 AEqiclio
955 2678 1281 2730 temperantiam
1296 2682 1323 2718 ⁹.
1342 2677 1395 2718 Se
1408 2689 1577 2729 quoque
1597 2677 1752 2718 vixisse
1769 2679 1955 2728 tempore
1969 2675 2265 2717 controversiae

147 2751 312 2792 Graecos
332 2751 442 2792 inter
464 2754 505 2791 et
521 2751 690 2793 Latinos
723 2752 831 2792 circa
852 2754 1161 2803 processionem
1182 2753 1362 2806 Spiritus
1385 2754 1515 2793 sancti
1534 2754 1587 2793 ab
1614 2756 1817 2805 utroque,
1839 2765 1888 2793 ac
1919 2764 2106 2794 errorem
2131 2763 2267 2804 agno-

148 2828 259 2868 visse
285 2828 329 2867 in
360 2828 496 2879 fatuis
528 2828 701 2878 Graecis,
722 2829 944 2870 veritatem
965 2833 1107 2871 autem
1127 2842 1245 2871 secus
1264 2833 1443 2870 stantem
1463 2830 1621 2870 nedum
1641 2842 1717 2882 pro
1739 2829 1919 2880 Latinis,
1947 2830 2019 2870 sed
2037 2829 2165 2870 etiam
2184 2840 2264 2882 pro

150 2902 342 2943 omnibus
359 2902 518 2945 Groecis
532 2904 804 2956 sapientibus,
816 2905 925 2946 idem
946 2908 1091 2946 auctor
1110 2906 1209 2946 satis
1230 2906 1385 2946 indicat
1400 2905 1442 2946 ¹⁰.
1466 2905 1597 2946 Porro
1616 2903 1709 2943 haec
1728 2902 1870 2943 omnia
1889 2902 1936 2943 D.
1957 2902 2264 2944 Bonaventurae

149 2980 293 3018 nostro
320 2979 509 3031 apprime
541 2981 765 3022 convenire
789 2981 886 3034 quis
914 2983 1119 3034 negabit?
1152 2982 1334 3024 Maxime
1361 2994 1460 3023 cum
1490 2980 1685 3021 laudatus
1711 2978 2084 3020 Illmninationum
2119 2981 2264 3019 auctor

150 3053 401 3106 Symbolum
428 3055 728 3108 Apostolorum
754 3057 930 3110 explicet
956 3058 1127 3110 perinde
1155 3071 1202 3099 ac
1232 3059 1528 3100 Bonaventura
1563 3059 1608 3099 in
1639 3058 1906 3111 Centiloquio
1926 3058 1974 3108 11;
1997 3058 2264 3098 sentiendum

150 3130 359 3172 existimet
382 3131 432 3172 de
452 3132 536 3173 Deo
555 3133 770 3183 altissime,
789 3133 975 3186 piissime
996 3134 1045 3183 ¹²,
1071 3135 1242 3187 perinde
1266 3148 1312 3176 ac
1344 3135 1639 3177 Bonaventura
1664 3135 1708 3174 in
1738 3133 1939 3186 opusculo
1970 3134 2032 3174 De
2059 3133 2266 3186 reqimine

150 3206 329 3259 am'moe;
359 3220 457 3249 cum
485 3208 535 3250 de
564 3210 814 3261 perfectione
853 3211 1011 3251 senarii
1038 3213 1208 3253 numeri
1234 3212 1431 3265 loquatur
1464 3212 1635 3266 perinde
1671 3223 1718 3252 ac
1743 3210 2041 3252 Bonaventura
2069 3210 2115 3249 in
2145 3209 2265 3249 libris

150 3351 157 3355 ⁸
193 3306 198 3321 ¹
222 3305 297 3336 Vid.
322 3306 356 3337 in
385 3308 520 3347 lSenl„
543 3309 617 3340 dist.
645 3317 692 3349 11,
717 3309 796 3340 dub.
825 3312 862 3347 3,
891 3312 974 3341 tom.
1005 3312 1035 3349 1,
1062 3320 1138 3352 pag.
1172 3314 1222 3344 50.
1244 3331 1283 3335 -
1313 3314 1324 3332 2
1348 3314 1396 3344 De
1420 3314 1542 3346 sanetis
1561 3313 1650 3346 Eecl.
1682 3311 1822 3352 Patr-ib„
1852 3311 1908 3342 lib.
1938 3311 1994 3350 Ν,
2025 3318 2102 3349 pag.
2130 3309 2202 3340 501.
2223 3325 2264 3331 —-

149 3362 158 3367 ”
178 3350 356 3383 ΙηὝΟᾸΜῙ·
386 3353 419 3384 Ῐη
444 3354 564 3395 Tfffffllw
589 3355 646 3387 fib·
676 3356 735 3396 Vl,
760 3366 789 3387 c.
819 3364 900 3388 XXX·
922 3374 961 3380 -
986 3357 999 3378 ⁴
1020 3359 1128 3390 Serm-
1157 3366 1252 3391 xvm.
1275 3378 1314 3383 —
1340 3361 1352 3381 ⁵
1373 3364 1481 3393 Serm.
1503 3369 1574 3392 x1x.
1597 3378 1631 3383 —A
1655 3360 1666 3378 ⁶
1690 3361 1798 3392 serm.
1823 3366 1885 3398 XX,
1907 3359 1940 3389 et
1960 3355 2037 3388 alibi
2059 3354 2197 3396 passim.
2225 3371 2264 3377 —

148 3396 161 3416 ⁷
182 3398 290 3429 Serm.
316 3405 400 3430 xxii.
425 3417 463 3423 —
485 3401 496 3420 ⁸
516 3403 623 3434 Ser-m.
651 3409 750 3434 xxm.
771 3420 811 3426 -—
830 3403 843 3425 ⁹
861 3403 969 3435 Serin.
992 3411 1014 3435 1.
1037 3421 1075 3428 —
1099 3406 1120 3423 ¹⁹
1141 3405 1248 3439 Serm.
1270 3414 1346 3438 vin.
1371 3424 1410 3431 —
1433 3409 1454 3426 ¹¹
1477 3408 1585 3439 serm.
1610 3414 1690 3446 vm,
1710 3415 1749 3438 ac
1770 3404 1931 3445 Cenctloq.
1953 3405 2035 3435 sect.
2057 3408 2200 3434 xxxvui.
2223 3417 2263 3424 —

155 3442 175 3460 ¹²
195 3445 303 3476 serm.
318 3452 365 3477 ix.
