2633 3878
212 280 263 318 24
902 257 1343 305 ILLUMINATIONES
1371 257 1647 300 ECCLESIAE.

215 367 480 408 sanctorum,
502 361 574 415 qui
593 356 848 399 introierunt
862 354 907 395 in
927 353 1112 393 sanctam
1132 348 1233 391 civi-

213 440 362 487 tatem3
398 434 594 488 quintum
621 432 683 470 cst
716 426 924 469 terrificus
944 433 1075 477 pavor
1104 421 1237 461 custo-

214 510 315 551 dum
333 523 342 558 ;
360 507 529 548 sextum
544 505 606 544 est
625 499 833 541 malitiosa
850 494 1060 548 corruptio
1074 492 1094 533 J
1098 491 1236 532 udaeo-

213 591 309 620 rum
328 593 338 628 ;
379 577 607 629 septimum
638 570 821 612 continet
851 568 894 607 in
933 578 976 606 56
1014 562 1234 605 denarium

209 649 536 704 apparitionum.
558 645 657 685 Haec
678 643 726 695 tal
750 640 871 681 debet
893 648 983 678 esse
1001 635 1139 687 logica
1156 646 1236 674 no-

212 725 321 772 stra,
355 724 395 762 et
428 720 575 761 nostra
609 710 872 756 ratiocinatio
902 711 1045 750 contra
1069 706 1235 746 hostem

210 794 434 847 antiquum
451 823 462 841 ,
484 789 556 842 qui
577 784 762 840 quotidie
783 783 926 823 contra
946 791 1022 821 nos
1036 779 1232 831 disputat.

211 865 290 908 Sed
310 867 427 912 nota,
451 859 564 914 quod
588 860 674 898 tota
694 856 758 897 vis
786 850 1075 894 constituenda
1107 851 1167 890 est
1191 849 1236 889 in

210 934 497 988 assumptione
518 928 712 977 minoris,
738 925 809 966 sed
828 935 904 964 nos
925 921 1124 963 nolumus
1145 931 1236 961 cru-

211 1007 326 1059 cifigi
347 1011 388 1046 et
407 1003 492 1056 pati
510 1033 522 1052 ,
544 1001 587 1040 in
608 1011 692 1052 quo
712 994 961 1037 consistebat
982 993 1121 1033 minor
1140 1002 1234 1044 pro-

209 1078 374 1132 positio.
406 1074 456 1115 Et
481 1076 625 1114 tamen
659 1069 710 1110 ad
730 1068 809 1109 1106
839 1068 926 1106 tota
956 1066 1099 1105 nostra
1129 1063 1235 1104 ratio

209 1147 442 1193 ordinatur,
458 1145 506 1183 ut
522 1138 806 1182 assimilemur
821 1136 866 1176 in
885 1135 966 1176 hoc
982 1134 1078 1174 Deo.
1097 1131 1236 1173 Hostis

209 1218 408 1271 antiquus
459 1224 612 1267 parum
655 1207 880 1262 reputabat
926 1207 1235 1258 argumentum

210 1289 388 1338 Christi,
425 1297 523 1326 cum
556 1282 725 1324 videbat
755 1291 853 1321 eum
873 1278 1129 1331 patientem3
1163 1275 1236 1316 sed

209 1362 253 1401 in
268 1359 461 1413 passione
480 1353 630 1397 Christi
650 1351 779 1393 illusit
800 1351 837 1391 ci
857 1350 885 1390 ¹.
921 1364 940 1387 «
957 1346 1174 1399 Numquid
1194 1346 1238 1385 il-

208 1432 328 1473 ludes
344 1425 600 1482 ‹gLeviathant
624 1423 744 1476 quasi
765 1421 849 1472 avi,
873 1422 946 1461 aut
965 1419 1118 1471 ligabis
1137 1429 1236 1458 eum

211 1502 370 1545 ancillis
389 1500 499 1541 tuis?
515 1512 533 1535 >³
560 1498 574 1537 ‘r'
598 1511 617 1535 α
636 1495 742 1547 Ego,
766 1494 802 1534 si
835 1492 1042 1534 exaltatus
1074 1492 1193 1531 fuero
1214 1503 1238 1531 a

211 1577 323 1615 terra
337 1605 347 1623 ,
372 1571 516 1613 omnia
534 1569 701 1610 traham
720 1566 772 1607 ad
792 1565 1017 1617 meipsum.
1042 1579 1061 1601 »

266 1645 468 1694 Quintum
488 1641 676 1682 medium
697 1641 758 1679 est
784 1637 972 1678 medium
993 1634 1209 1676 modestiae
1227 1666 1236 1685 ,

213 1715 364 1758 morali
395 1714 595 1755 electione
623 1710 903 1764 praecipuum.
928 1706 1127 1748 Modestia
1149 1706 1236 1747 vir-

213 1792 281 1830 tus
299 1791 359 1829 est
382 1800 391 1828 :
412 1787 548 1828 virtus
569 1786 711 1825 autem
731 1782 744 1803 ³
772 1779 961 1822 consistit
990 1779 1034 1819 in
1069 1778 1208 1819 medio
1228 1792 1237 1818 ι

212 1861 294 1901 tale
330 1858 518 1900 medium
556 1855 791 1897 considerat
829 1851 1016 1893 Ethicus.
1055 1851 1240 1892 Medium

214 1931 430 1974 modestiae
450 1930 532 1970 fuit
551 1928 741 1969 Christus
760 1926 805 1965 in
825 1924 1067 1965 ascensione
1084 1956 1093 1974 ,
1116 1925 1243 1976 juxta

213 2004 325 2058 quod
343 2005 385 2044 in
407 2001 556 2044 Exodo
583 2001 787 2052 scriptum
818 1999 880 2038 est
901 1999 915 2021 ¹⁶
938 2011 946 2037 :
976 2012 994 2034 (‹
1022 1996 1243 2048 Ingressus

215 2076 379 2127 Moyses
392 2073 579 2114 medium
594 2070 777 2118 nebulae,
796 2069 872 2109 suit
888 2068 945 2108 ibi
960 2067 1244 2121 quadraginta

217 2147 364 2189 diebus
382 2148 422 2187 et
441 2143 723 2198 quadraginta
739 2140 946 2181 noctibus.
963 2154 981 2176 »
1004 2139 1054 2179 Et
1072 2139 1152 2179 hoc
1167 2138 1245 2179 fuit

218 2218 405 2259 Christus
441 2217 485 2256 in
523 2214 786 2263 ascensione,
819 2211 1018 2265 quando⁵
1054 2226 1073 2248 «
1108 2212 1244 2251 nubes

220 2288 400 2341 suscepit
420 2299 520 2328 eum
548 2287 600 2326 ab
626 2285 757 2326 oculis
777 2295 942 2325 eorum.
963 2297 982 2320 ›)
1008 2283 1240 2324 Consormi-

219 2364 282 2402 ter
308 2359 570 2401 Christianus
602 2357 724 2398 debet
754 2355 976 2397 ascendere
1007 2355 1058 2396 de
1086 2355 1245 2397 virtute

220 2433 265 2472 in
283 2432 507 2481 virtutem,
529 2441 615 2470 non
643 2428 864 2469 statuendo
895 2427 1127 2468 terminum
1153 2428 1245 2469 vir-

221 2504 346 2552 tutis,
364 2502 465 2555 quia
481 2502 541 2542 sic
560 2501 767 2542 desineret
783 2511 872 2540 esse
891 2499 1120 2539 virtuosus.
1141 2498 1247 2540 Fun-

222 2575 470 2616 damentum
501 2575 643 2613 autem
672 2571 843 2612 virtutis
873 2570 977 2611 fides
1003 2573 1094 2611 est:
1118 2570 1246 2611 fidem

219 2648 419 2699 ponimus
448 2648 493 2685 ut
521 2644 871 2692 fundamentum,
901 2645 941 2682 et
962 2644 1010 2682 ut
1041 2641 1243 2682 medium.

222 2716 329 2758 Nam
347 2716 535 2757 medium
560 2718 621 2755 est
643 2717 690 2754 ut
709 2716 821 2754 recta
845 2712 952 2753 ratio
979 2711 1244 2761 determinat,

222 2788 323 2830 dicit
351 2787 523 2828 Ethicus
546 2787 574 2826 ⁶.
597 2785 718 2826 Fides
748 2787 808 2824 est
823 2787 836 2809 ⁷
863 2798 882 2821 <‹
902 2783 1020 2823 stella
1040 2783 1248 2823 matutina

222 2859 266 2899 in
287 2859 424 2900 medio
453 2857 635 2898 nebulas.
657 2870 676 2893 ›>
702 2855 764 2896 Ad
792 2855 924 2907 hujus
950 2853 1137 2894 medium
1170 2865 1244 2893 116-

221 2930 334 2971 bulae
369 2930 554 2971 ascendit
586 2928 771 2981 Moyses,
794 2927 836 2967 id
867 2928 953 2975 est,
987 2925 1248 2967 Christianus

223 3005 465 3055 assumptus
485 3001 535 3042 de
553 3001 673 3053 aquis
692 2998 908 3052 baptismi,
931 3000 972 3038 et
997 2998 1125 3038 intrat
1145 2998 1244 3038 cali-

222 3074 390 3126 ginem,
424 3084 519 3125 quae
547 3072 717 3125 quidem
739 3071 879 3122 caligo
909 3070 1011 3110 tides
1038 3072 1124 3120 est,
1148 3082 1246 3110 cum

221 3145 383 3186 lumine
399 3147 440 3185 et
455 3144 700 3195 aenigmate.
721 3142 808 3182 Hoc
823 3141 1148 3182 fundamentum
1167 3143 1242 3190 est,

221 3227 297 3268 per
328 3215 441 3269 quod
467 3214 668 3255 fundatur
695 3212 739 3251 in
769 3211 890 3252 nobis
923 3210 1141 3251 Christus:
1171 3222 1246 3263 per

222 3286 350 3326 fidem
378 3285 542 3339 proficit
571 3284 712 3324 anima
741 3283 794 3323 ad
821 3283 1000 3323 virtutes
1031 3281 1243 3334 politicas,

222 3358 264 3396 et
282 3354 362 3396 hoc
386 3360 446 3397 est
473 3356 525 3397 ad
554 3354 716 3396 radices
735 3353 889 3393 montis
909 3353 1149 3404 ascendere,
1171 3353 1245 3393 uhi

268 3439 277 3459 ¹
293 3438 366 3477 Joh,
387 3440 511 3476 XL‚21'1.
530 3455 565 3461 -
588 3439 601 3458 ²
614 3439 722 3474 Joan„
743 3444 805 3477 XII,
823 3438 872 3468 32.
889 3454 928 3458 —
948 3438 958 3455 ⁸
974 3436 1088 3477 Arist„
1105 3435 1244 3476 Moral„

220 3480 277 3517 lib.
308 3486 337 3524 Ι,
365 3495 393 3516 6.
424 3493 478 3526 lx,
509 3485 625 3517 Moral.
655 3483 806 3524 Eadem„
837 3483 895 3514 lib.
925 3484 948 3514 ΙΙ
962 3507 972 3522 ,
1003 3493 1032 3515 c.
1065 3491 1097 3524 v,
1130 3491 1178 3514 vi.
1208 3501 1244 3506 -

222 3532 366 3570 ⁵Eoeocl„
384 3540 478 3572 xxlv,
498 3533 546 3564 18.
565 3548 603 3554 —
623 3534 633 3549 '⁶
649 3531 736 3569 Act„
756 3540 781 3572 1,
802 3533 831 3563 9.
845 3548 885 3554 —
900 3531 914 3552 ‘³
928 3530 1041 3570 Arist„
1061 3530 1126 3561 loc.
1144 3539 1245 3571 supra

221 3578 276 3611 cit.
296 3595 336 3605 --
358 3579 369 3600 ‘¹
388 3579 506 3616 Eccli..
525 3587 558 3618 1,,
577 3581 610 3612 6.
624 3595 665 3603 -
679 3578 798 3620 ⁸Sap.,
819 3586 882 3619 vn,
901 3579 954 3618 25,
974 3578 1035 3617 263
1059 3584 1132 3618 viu,
1155 3579 1184 3609 1.
1204 3595 1242 3602 —

1313 347 1477 401 Moyses
1503 347 1600 388 fecit
1632 346 1853 388 duodecim
1887 346 2154 398 holocausta,
2175 348 2331 390 duode-

1312 419 1394 459 cim
1414 419 1611 459 articulos
1631 418 1929 470 significantia.
1945 417 2099 460 Deinde
2113 430 2189 471 per
2207 419 2333 460 fidem

1312 490 1475 542 proficit
1493 489 1636 530 anima
1652 489 1705 529 ad
1719 490 1898 530 virtutes
1917 489 2190 542 purgativaS,
2211 489 2333 542 quasi

1311 560 1363 602 ad
1384 560 1572 602 medium
1592 560 1775 611 montis3
1798 561 1948 603 deinde
1977 574 2052 614 per
2079 562 2206 603 fidem
2235 574 2334 615 pro-

1311 632 1398 673 ficit
1425 632 1567 673 anima
1591 632 1642 672 ad
1663 632 1842 673 virtutes
1869 633 2043 685 purgati
2069 635 2160 686 ¹iam
2181 633 2331 685 animi,

1312 704 1431 756 quasi
1451 704 1503 744 ad
1532 704 1805 757 supercilium
1836 705 2012 755 montis,
2037 705 2111 745 ubi
2135 708 2256 758 aptus
2275 707 2336 746 651

1311 774 1440 816 1101110
1468 775 1519 815 ad
1539 774 1879 827 contemplandas
1907 777 1949 816 et
1973 776 2224 816 exercendas
2241 775 2334 817 vir-

1310 848 1440 897 tutes,
1464 858 1647 899 quarum
1678 846 1842 887 fontalis
1871 845 1996 898 origo
2022 848 2083 887 est
2114 846 2332 899 sapientia.

1316 917 1423 958 «Est
1442 917 1555 958 enim
1569 920 1582 942 ⁸
1596 929 1729 970 vapor
1743 916 2046 970 omnipotentis
2064 916 2149 967 Dei,
2165 919 2205 958 et
2226 929 2338 958 ema-

1311 988 1428 1029 natio
1464 988 1651 1039 sincera,
1683 1002 1701 1025 n
1729 989 1937 1040 quantum
1969 987 2023 1028 ad
2053 987 2335 1039 munditiam;

1319 1075 1337 1097 α
1355 1058 1509 1100 candor
1528 1059 1633 1099 lucis
1647 1061 1836 1109 aeternae,
1854 1060 1893 1099 et
1907 1057 2144 1111 speculum,
2161 1073 2180 1096 n
2201 1070 2338 1111 quan-

1311 1132 1403 1171 tum
1424 1130 1473 1170 ad
1501 1129 1793 1183 prudentiam3
1822 1145 1841 1168 «
1870 1129 2086 1181 attingens
2105 1142 2130 1170 a
2154 1130 2239 1170 fine
2261 1142 2336 1170 us-

1312 1213 1393 1254 que
1422 1201 1473 1242 ad
1502 1202 1631 1242 finem
1664 1201 1849 1252 fortiter,
1880 1216 1899 1239 »
1935 1204 2105 1254 propter
2127 1201 2338 1243 fortitudi-

1311 1285 1409 1314 nem
1425 1285 1435 1323 ;
1453 1273 1708 1325 «disponens
1721 1273 1879 1324 omnia,
1895 1287 1914 1310 »
1933 1274 2103 1326 propter
2111 1273 2336 1325 justitiam.

1365 1342 1471 1384 Nota
1508 1345 1650 1383 tamen
1679 1343 1717 1393 ⁹,
1757 1343 1806 1383 ad
1847 1343 2176 1395 intelligentiam
2204 1344 2336 1386 virtu-

1313 1417 1406 1455 tum
1442 1414 1788 1467 purgatoriarum
1811 1445 1822 1465 ,
1873 1414 1985 1466 quod
2036 1417 2099 1455 est
2145 1416 2340 1468 quaedam

1313 1485 1536 1540 prudentia
1554 1486 1722 1538 politica
1735 1518 1745 1536 ,
1769 1486 1967 1539 quaedam
1992 1486 2218 1539 prudentia
2236 1499 2339 1540 pur-

1316 1557 1500 1611 gatoria,
1521 1558 1717 1611 quaedam
1736 1557 1959 1610 prudentia
1984 1558 2160 1610 purgati
2180 1558 2311 1599 animi
2325 1591 2339 1611 ,

1314 1630 1511 1683 quaedam
1549 1628 1772 1682 prudentia
1808 1629 2076 1681 exemplaris.
2115 1628 2344 1672 Prudentia

1314 1701 1481 1754 politica
1500 1703 1561 1742 est
1582 1701 1634 1741 ad
1652 1700 1829 1741 rationis
1857 1712 2053 1741 normam
2067 1733 2078 1752 ,
2101 1714 2198 1754 quae
2223 1704 2341 1755 cogi-

1315 1775 1394 1824 tat,
1411 1784 1593 1826 quaeque
1607 1772 1697 1825 agit
1708 1803 1719 1822 ,
1734 1771 1937 1812 universa
1954 1771 2155 1824 dirigere,
2173 1785 2220 1813 ac
2236 1774 2345 1814 nihil

1315 1848 1469 1898 praeter
1489 1847 1651 1886 rectum
1670 1844 1777 1887 velle
1794 1843 1863 1884 vel
1880 1843 2036 1895 facere,
2057 1844 2345 1898 humanisque

1316 1917 1478 1958 actibus
1510 1919 1714 1969 tanquam
1763 1915 1934 1956 arbitris
1971 1916 2207 1968 providere.
2246 1916 2346 1958 Haec

1316 1988 1541 2042 prudentia
1560 1987 1639 2028 fuit
1658 1987 1702 2027 in
1720 1987 1740 2028 J
1744 1987 1923 2040 ethrogffl.
1937 1986 2163 2029 Prudentia
2180 2001 2344 2041 purga-

1316 2060 1424 2101 toria
1443 2063 1529 2112 est,
1551 2060 1762 2100 mundum
1781 2059 1932 2108 istum,
1961 2062 2001 2100 et
2020 2059 2163 2100 omnia
2183 2072 2281 2113 quae
2300 2060 2345 2102 in

1317 2145 1366 2173 eo
1396 2134 1519 2180 suut,
1542 2131 1786 2172 divinorum
1821 2131 2175 2184 contemplatione
2206 2132 2345 2186 despi-

1318 2216 1411 2245 cere
1431 2236 1442 2255 ,
1486 2214 1743 2255 omnemque
1785 2202 1916 2243 animi
1959 2201 2261 2254 cogitationem
2301 2203 2345 2244 in

1319 2276 1406 2317 sola
1424 2275 1569 2317 divina
1596 2274 1794 2326 dirigere.
1823 2273 1923 2315 Haec
1953 2274 2177 2327 prudentia
2200 2274 2280 2315 fuit
2300 2275 2346 2316 in

1318 2346 1542 2399 Apostolis,
1564 2348 1612 2386 ut
1630 2346 1676 2385 in
1696 2345 1891 2387 Matthceo
1917 2345 2068 2386 dicitur
2089 2345 2115 2372 ¹¹
2140 2359 2149 2386 ι
2168 2361 2187 2384 1(
2206 2345 2346 2387 Ε51016

1319 2418 1566 2471 prudenteS,
1585 2417 1691 2458 sicut
1712 2419 1938 2470 serpentes.
1958 2431 1977 2454 ))
2004 2417 2232 2458 Prudentia
2248 2429 2347 2470 pur·

1321 2489 1410 2540 gati
1428 2488 1561 2529 animi
1581 2490 1643 2529 651
1664 2488 1810 2530 divina
1831 2500 1919 2528 non
1936 2488 2059 2541 quasi
2078 2488 2123 2528 in
2142 2488 2346 2529 electione

1319 2560 1538 2613 praeferre,
1561 2559 1633 2600 sed
1664 2558 1750 2599 sola
1780 2570 1923 2607 nosse,
1943 2561 1984 2599 et
2002 2558 2114 2610 haec,
2141 2561 2345 2612 tanquam

1320 2632 1428 2672 nihil
1445 2631 1560 2672 aliud
1592 2631 1664 2681 sit,
1685 2630 1856 2671 intueri.
1885 2629 1984 2671 Haec
2015 2630 2239 2683 prudentia
2265 2630 2345 2672 fuit
2364 2647 2496 2677 piudan-

1320 2704 1534 2757 praecipue
1554 2703 1600 2743 in
1619 2702 1806 2755 apostolo
1827 2701 1980 2752 Paulo,
2007 2704 2048 2742 et
2067 2703 2190 2742 beato
2212 2701 2343 2742 Fran-

2382 2689 2423 2716 tia
2443 2691 2494 2718 SS-

2364 2730 2447 2758 Pauli
2478 2732 2508 2759 et

1320 2775 1443 2815 cisco.
1474 2774 1703 2814 Prudentia
1732 2773 1987 2825 exemplaris
2018 2775 2080 2813 est
2107 2773 2198 2826 ipsa.
2225 2785 2346 2814 mens
2365 2772 2503 2819 Francis-

1320 2845 1489 2895 divina,
1528 2845 1618 2897 ipsa
1653 2844 1857 2897 sapientia
1893 2844 2107 2894 increata,
2141 2847 2347 2898 perpetua

1320 2916 1532 2957 mundum
1552 2915 1714 2956 ratione
1737 2915 1982 2968 gubernans
1998 2947 2008 2967 ,
2033 2918 2245 2957 terrarum
2266 2928 2346 2958 606-

1319 2988 1434 3042 lique
1454 2987 1599 3028 satrix,

1374 3060 1480 3102 Nota
1501 3060 1696 3112 insuper,
1731 3058 1844 3112 quod
1863 3059 2134 3099 conformiter
2153 3060 2215 3099 est
2234 3059 2345 3099 acci-

1320 3145 1419 3186 pere
1452 3131 1740 3173 fortitudinem
1774 3130 1986 3183 politicam
2009 3162 2020 3181 ,
2056 3130 2345 3171 fortItudinem

1319 3203 1631 3258 purgatoriam,
1657 3202 1946 3243 fortitudinem
1978 3201 2152 3255 purgati
2183 3200 2342 3252 animi,

1320 3274 1613 3317 fortitudinem
1652 3272 1952 3326 exemplarem.
1986 3272 2205 3314 Fortitudo
2235 3271 2342 3325 poli-

1319 3346 1401 3386 tica
1437 3348 1498 3386 est
1520 3377 1532 3396 ,
1572 3345 1766 3385 animum
1809 3356 1938 3397 supra
1970 3343 2146 3397 periculi
2180 3344 2343 3383 metum

1319 3463 1330 3479 f·
1348 3459 1482 3498 Plotin.,
1503 3459 1541 3490 de
1569 3458 1706 3497 Vtrtut„
1724 3457 1781 3490 lib.
1807 3458 1857 3499 11,
1878 3466 1955 3489 enn.
1979 3460 2011 3498 13
2035 3457 2202 3497 Maerob.,
2228 3456 2340 3489 Somn.

1318 3509 1420 3549 Scip„
1441 3506 1498 3538 lib.
1521 3507 1546 3537 1.
1562 3523 1597 3528 —
1623 3507 1647 3527 ¹⁰
1664 3505 1787 3546 Emod„
1805 3513 1909 3547 XV111,
1930 3508 1960 3539 6.
1975 3522 2015 3531 -
2037 3505 2060 3527 ¹⁰
2077 3503 2211 3545 Matth„
2232 3510 2266 3545 x,
2289 3504 2340 3536 16.

1362 3574 1405 3614 (a)
1426 3572 1506 3605 Caet.
1526 3571 1605 3604 edit.
1630 3571 1702 3606 Hic.

2419 2822 2458 2843 01.
