2633 3878
1067 227 1308 271 PSALMUS
1339 230 1511 272 CXVIII.

220 323 272 358 tet
291 320 332 357 in
355 320 541 366 lsmaele,
562 320 603 357 in
621 319 778 366 lsraele,
799 319 840 356 in
866 318 1036 356 Daniele.
1060 319 1110 355 De
1123 318 1254 366 primo

219 383 551 432 psalmographus
567 383 578 405 ¹
598 395 608 419 ε
635 394 652 416 (ι
669 384 754 420 Non
774 380 1014 418 discedimus
1035 390 1057 416 a
1073 382 1134 427 te;
1158 379 1256 418 vivi·

219 445 357 483 ficabis
375 456 448 482 nos
470 457 479 482 :
501 458 518 480 »
542 445 584 482 in
614 454 695 493 quo
725 445 882 480 notatur
909 443 1179 481 innocentium
1197 442 1255 480 vi·

219 507 404 546 vificatio.
421 509 472 545 De
490 507 665 544 secundo
682 516 842 555 quoque
860 505 1030 553 legimus
1044 506 1057 527 ²
1074 517 1083 543 :
1107 518 1124 539 «
1141 507 1253 552 DeuS,

220 574 261 608 tu
290 581 502 608 conversus
532 568 753 606 vivificabis
784 578 856 605 nos
878 580 886 604 :
910 581 928 602 »
962 568 1003 605 in
1035 578 1116 616 quo
1150 570 1256 616 patet

218 633 491 682 poenitentium
510 631 735 669 vivificatio.
765 633 816 668 De
845 631 956 668 tertio
978 631 1096 668 etiam
1119 630 1255 680 psalli-

219 707 304 734 mus
321 697 334 720 θ
351 708 360 734 :
379 707 397 730 α
416 695 454 733 Si
473 695 732 732 ambulavero
754 694 795 731 in
814 693 948 732 medio
967 693 1253 740 tribulationis,

219 758 438 796 vivificabis
457 768 520 796 me
538 770 547 795 ε
565 772 582 791 »
606 757 647 794 in
667 768 749 806 quo
769 756 1085 804 persecutionem
1103 756 1254 805 patien-

220 821 317 857 tium
341 820 553 858 vivificatio
574 820 706 857 claret.

650 928 822 969 Epilogus.

265 1011 402 1059 Liquet
430 1021 544 1059 ergo,
577 1010 689 1060 quod
718 1009 914 1059 poenitens
942 1009 992 1047 de
1020 1010 1155 1048 favore
1186 1010 1256 1048 hu·

216 1083 337 1111 mano
357 1073 543 1110 dubitans
559 1101 570 1118 ,
595 1073 645 1111 de
672 1072 807 1110 divino
836 1083 919 1109 non
950 1072 1154 1119 haesitans,
1172 1075 1256 1110 tan-

217 1147 340 1185 quam
364 1137 446 1174 toto
467 1136 587 1174 corde
607 1135 776 1173 Domino
802 1135 999 1182 militans,
1018 1135 1256 1173 fiducialiter

216 1199 270 1237 ait
297 1211 306 1236 τ
332 1199 441 1242 Ecce,
475 1199 516 1235 in
544 1201 738 1247 quantum
771 1198 977 1235 veritatem
1008 1198 1253 1246 intelligens3

218 1261 416 1308 Concupivi
429 1288 442 1307 ‚
462 1261 502 1298 in
524 1264 719 1309 quantum
738 1261 958 1298 bonitatem
987 1260 1161 1309 diligens
1183 1261 1227 1309 (a)
1241 1288 1254 1307 ‚

217 1324 397 1362 Mandata
417 1327 506 1368 tua,
531 1324 573 1361 in
594 1326 788 1373 quantum
817 1324 1044 1372 aequitatem
1075 1324 1253 1372 eligens,-

216 1388 260 1424 Ιη
280 1389 451 1435 oequitate
472 1389 536 1424 tua
555 1389 699 1434 vivifica
720 1397 793 1434 me,
815 1387 856 1425 in
877 1389 1070 1436 quantum
1092 1386 1256 1426 necessi-

216 1451 334 1487 tatem
351 1449 528 1498 exigens.

577 1596 803 1625 VERSICULUS
829 1597 880 1624 lx.

262 1705 321 1740 41.
334 1704 382 1741 Et
400 1704 631 1750 veniatsuper
649 1713 716 1749 me,
729 1704 800 1739 etc.
820 1701 935 1747 Quod
949 1701 1013 1739 lex
1030 1701 1104 1740 ista
1118 1704 1257 1750 poten-

215 1767 272 1802 ter
291 1765 479 1814 imperet,
498 1765 646 1803 indicat
666 1764 892 1802 octonarius
911 1764 1169 1812 antecedens,
1185 1763 1255 1801 sed

203 1828 328 1876 quod
355 1828 419 1865 lex
450 1828 538 1876 ipsa
568 1827 781 1865 clementer
812 1826 976 1874 liberet,
1005 1827 1153 1864 indicat
1183 1826 1254 1864 iste

216 1900 398 1938 sequens.
432 1890 599 1936 Quaeris,
619 1900 701 1938 quo
726 1890 884 1928 modo?
903 1889 1102 1928 Timorem
1127 1900 1256 1927 remo-

217 1952 349 1990 vendo
369 1964 377 1990 :
399 1951 512 2000 quod
537 1952 708 1990 ostendit
727 1952 1002 2000 quaternarius
1021 1952 1193 2000 primus3
1217 1954 1256 1989 et

217 2025 395 2052 amorem
408 2014 687 2062 promovendo
699 2043 711 2062 ,
726 2015 834 2063 quod
852 2014 1022 2052 ostendit
1040 2013 1252 2052 secundus.

215 2076 252 2114 Si
290 2075 437 2125 quaeris
475 2077 525 2114 de
558 2077 779 2115 remotione
816 2077 968 2115 timorIs
982 2106 994 2125 ,
1028 2078 1254 2115 removetur

215 2138 332 2176 timor
350 2138 669 2177 honorabilitatis
679 2168 693 2187 ,
715 2139 971 2186 affabilitatis,
995 2139 1254 2177 amabilitatis

215 2204 252 2238 et
275 2200 578 2240 favorabilitatis
605 2201 791 2250 minoris,
812 2205 855 2240 ut
890 2202 954 2240 bis
980 2201 1085 2240 binis
1115 2201 1254 2240 diluci-

215 2265 330 2304 datur
359 2265 576 2303 versiculis.
610 2268 653 2304 In
685 2266 817 2315 primo
847 2265 1045 2304 versiculo
1077 2265 1252 2305 dilucide

213 2330 441 2366 removetur
471 2328 590 2366 timor
629 2328 947 2367 honorabilitatis
979 2328 1144 2367 minoris
1180 2339 1254 2377 per

214 2401 393 2429 amorem
423 2390 656 2429 humilitatis
687 2391 852 2428 minoris
866 2418 880 2438 ,
900 2392 1000 2429 sicut
1022 2389 1168 2440 probat
1192 2391 1253 2440 ip-

214 2453 294 2489 sius
310 2452 428 2490 sectio
449 2453 800 2501 quadrimembris
821 2454 864 2491 ln
883 2453 972 2501 ipso
986 2463 1162 2501 namque
1183 2463 1252 2490 no-

215 2517 315 2552 tatur
351 2514 542 2562 subJectio
560 2544 573 2562 ,
606 2514 749 2552 erectio
770 2543 782 2562 ,
825 2515 993 2563 abjectio
1020 2517 1057 2552 et
1088 2515 1252 2553 directio

214 2577 352 2615 mentis
374 2589 383 2614 ε
405 2576 692 2624 subjectionem
712 2577 802 2614 dico
814 2605 826 2624 ,
857 2579 1051 2626 quantum
1076 2577 1130 2615 ad
1154 2577 1253 2615 veri-

214 2640 301 2677 tatis
325 2639 482 2677 radium
491 2653 503 2687 3
530 2639 820 2687 abJectionem,
841 2642 1036 2688 quantum
1064 2640 1117 2678 ad
1142 2639 1252 2678 vani-

214 2701 300 2740 tatis
334 2702 498 2746 vitium3
522 2702 785 2749 erectionem,
816 2705 1010 2751 quantum
1042 2703 1094 2741 ad
1118 2702 1252 2740 salutis

215 2764 475 2812 desiderium
497 2763 779 2812 directionem,
801 2767 995 2814 quantum
1023 2765 1076 2803 ad
1099 2764 1251 2803 virtutis

213 2826 432 2875 cloquium.

545 2926 730 2963 Articulus
762 2928 915 2974 primus.

260 3014 434 3051 Primum
459 3015 587 3062 patet,
610 3025 700 3052 cum
725 3014 868 3052 dicitur
888 3028 897 3053 :
921 3016 967 3052 Et
995 3019 1116 3053 veniat
1142 3028 1250 3065 super

214 3087 280 3113 me.
303 3077 365 3113 Est
392 3076 499 3113 enim
525 3087 606 3114 vox
635 3077 776 3114 animae
792 3076 945 3125 judicio
965 3077 1136 3116 veritatis
1155 3079 1249 3118 sub-

210 3140 342 3186 iectae,
363 3149 451 3186 quae
469 3148 541 3187 per
560 3137 720 3176 radium
747 3139 919 3177 veritatis
947 3150 1125 3189 supernae
1143 3142 1250 3180 videt

213 3202 352 3238 vitium
383 3200 565 3238 vanitatis
601 3200 781 3246 internae,
816 3204 852 3238 et
880 3204 1042 3249 propter
1068 3203 1251 3251 hujusce·

212 3264 323 3302 modi
348 3263 432 3300 vitii
461 3262 746 3307 intentionem,
778 3273 850 3312 per
880 3263 982 3301 radii
1015 3267 1250 3313 praeventio-

213 3336 304 3364 nem
325 3355 337 3373 ,
370 3326 465 3374 petit
500 3324 666 3364 remedii
703 3325 1062 3374 superventionem.
1096 3329 1250 3376 Legitur

262 3425 272 3445 ¹
293 3424 382 3457 Psal.
409 3433 535 3465 unx,
564 3425 596 3456 9.
624 3441 665 3448 —
691 3425 702 3443 ²
728 3424 822 3456 Psal.
850 3433 991 3466 LxxxW,
1010 3427 1042 3457 Ἱ.
1067 3443 1108 3450 -
1127 3426 1138 3445 ³
1158 3427 1249 3459 Psal.

215 3478 375 3512 cxxxvii,
404 3474 434 3504 7.
458 3490 499 3495 —
518 3473 532 3494 δ
554 3473 624 3513 Job,
648 3479 753 3511 xxix,
779 3473 826 3504 13.
851 3490 886 3496 -
914 3474 925 3492 ⁵
946 3472 1035 3505 Psal.
1065 3481 1137 3514 Liv,
1157 3477 1188 3506 6.
1209 3493 1250 3499 -

216 3519 227 3536 ‘⁵
246 3517 314 3558 Job‚
339 3526 388 3560 ut,
409 3522 459 3552 29.
480 3536 518 3542 —
537 3520 550 3542 '¹
573 3519 662 3551 Psal.
685 3527 781 3561 Lvui,
806 3523 854 3552 1¹.
876 3537 916 3543 —
938 3523 948 3539 ‘⁹
967 3521 1044 3561 (sm,
1063 3529 1132 3561 mv,
1157 3524 1204 3554 10.

2287 240 2364 279 373

1329 322 1462 358 autem
1479 320 1520 358 in
1536 322 1734 370 Scriptura
1749 325 1998 372 superventio
2018 325 2211 374 tripartita
2232 338 2241 364 :
2259 337 2365 375 quoe-

1330 382 1424 420 dam
1443 383 1724 422 misericordiae
1752 385 1906 433 dativa3
1928 388 2115 436 quaedam
2141 389 2364 428 misericor-

1329 444 1404 482 diae
1434 446 1691 494 accusativa-5
1725 447 1909 495 quaedam
1941 449 2219 488 misericordiae
2249 451 2365 490 abla-

1330 507 1409 545 tiva
1433 519 1440 544 :
1475 508 1607 557 prima
1638 509 1833 557 justorum
1855 522 1865 556 ;
1898 511 2071 548 secunda
2100 513 2364 562 injustorum;

1330 570 1439 607 tertia
1466 571 1745 619 reproborum.
1779 573 1830 610 De
1861 572 1993 621 prima
2011 574 2024 595 ⁶
2053 584 2063 610 :
2097 587 2114 608 «
2142 575 2366 615 Benedictio

1328 632 1490 681 perituri
1520 644 1639 682 super
1665 645 1730 672 me
1760 635 1996 673 veniebat.»
2020 638 2064 674 Et
2095 637 2214 685 plane
2243 638 2367 677 bene-

1329 694 1448 733 dictio
1468 697 1631 744 perituri
1661 708 1781 746 super
1810 697 1924 735 illum
1950 698 2075 745 venit,
2099 700 2167 748 qui
2189 700 2230 736 in
2250 701 2368 739 bene-

1330 757 1502 795 dictione
1523 759 1743 806 seminans,
1764 761 1804 797 in
1833 761 2110 799 benedictione
2140 762 2275 809 metit3
2299 764 2367 811 qui

1331 821 1497 867 gratiam
1512 831 1586 870 pro
1606 823 1731 869 gratia
1750 822 1889 871 recipit
1911 835 1919 860 ε
1942 834 2014 872 pro
2036 825 2240 872 exteriori,
2269 826 2368 863 inte—

1328 883 1475 921 riorem
1483 895 1495 930 3
1516 894 1590 932 pro
1611 884 1806 930 inferiori,
1835 886 2106 934 superiorem;
2127 897 2200 935 pro
2233 890 2367 934 tenui,

1328 946 1582 995 pinguiorem
1611 958 1620 984 :
1652 957 1741 985 ecce
1773 948 2024 997 superventio
2055 948 2187 987 dativa
2216 951 2369 987 miseri·

1330 1008 1475 1045 cordiae
1491 1009 1696 1056 maximae,
1712 1021 1786 1059 pro
1806 1010 1971 1049 minima
1990 1010 2093 1049 felici
2113 1012 2263 1050 foenore
2284 1013 2370 1050 red-

1330 1070 1465 1109 ditiva.
1495 1074 1548 1109 De
1578 1072 1753 1110 secunda
1781 1072 1875 1111 dicit
1905 1074 2138 1112 Psalmista⁵
2168 1087 2175 1111 :
2205 1075 2370 1113 «Timor

1330 1136 1367 1171 et
1387 1136 1536 1172 tremor
1555 1137 1749 1173 venerunt
1778 1146 1898 1185 super
1925 1147 2003 1174 me.
2025 1151 2041 1172 n
2067 1138 2165 1174 Sane
2195 1137 2314 1175 timor
2334 1141 2370 1176 et

1330 1198 1477 1234 tremor
1508 1197 1665 1235 venient
1696 1208 1815 1247 super
1846 1201 1882 1235 te
1903 1228 1915 1245 ,
1946 1199 2016 1246 qui
2048 1202 2297 1248 contemptor
2329 1211 2370 1238 es

1329 1259 1612 1298 misericordiae
1634 1273 1642 1297 ε
1661 1260 1756 1308 quia
1786 1261 2039 1310 pertimesces
2057 1264 2220 1311 propter
2260 1273 2371 1300 cons-

1330 1323 1510 1360 cientiam
1544 1323 1707 1361 interius
1737 1326 2008 1370 accusantem,
2033 1328 2070 1362 et
2097 1327 2369 1363 contremisces

1330 1387 1492 1434 propter
1511 1385 1698 1432 justitiam
1718 1386 1898 1435 superius
1927 1387 2291 1426 immisericorditer
2306 1390 2370 1437 Ju-

1330 1448 1540 1486 dicantem.
1561 1451 1658 1486 Ecce
1687 1449 1937 1498 superventio
1964 1451 2187 1488 accusativa
2217 1451 2368 1489 miseri-

1330 1511 1497 1558 cordiae,
1519 1522 1601 1549 non
1627 1511 1832 1558 exhibitae,
1857 1512 1927 1549 sed
1954 1515 2201 1562 contemptae.
2223 1515 2274 1550 De
2297 1516 2367 1551 ter-

1329 1573 1381 1610 tia
1396 1573 1409 1595 ⁶
1428 1585 1436 1610 ε
1458 1586 1476 1609 α
1496 1575 1632 1611 Nonne
1652 1574 1927 1612 dissimulavi?
1947 1585 2080 1612 nonne
2102 1575 2221 1612 silui?
2236 1586 2368 1614 norme

1330 1635 1463 1683 quievi
1477 1640 1494 1671 ’ὲ
1514 1638 1559 1673 Et
1574 1636 1680 1674 venit
1699 1648 1818 1685 super
1836 1648 1900 1674 me
1920 1637 2153 1684 indignatio.
2173 1651 2190 1673 >³
2215 1639 2368 1687 Optime

1327 1698 1505 1747 loquitur
1536 1698 1577 1735 in
1609 1709 1782 1748 persona
1807 1699 1916 1737 avari
1936 1699 2124 1737 divinitus
2143 1701 2368 1749 reprobati,

1329 1761 1397 1810 qui
1417 1761 1484 1809 (b),
1503 1761 1650 1798 misero
1670 1761 1940 1809 mendicante,
1963 1762 2239 1809 dissimulavit,
2257 1764 2368 1812 quasi

1328 1834 1411 1861 non
1427 1823 1579 1861 videret
1587 1837 1598 1869 ,-
1620 1823 1750 1870 siluit,
1771 1824 1883 1872 quasi
1903 1835 1985 1862 non
2005 1825 2159 1863 audiret
2170 1838 2181 1873 3
2205 1825 2368 1873 quievit,

1328 1886 1442 1934 quasi
1464 1886 1762 1935 eleemosynam
1780 1898 1862 1924 non
1881 1887 2047 1926 haberet
2065 1900 2073 1924 ε
2091 1889 2128 1925 et
2146 1887 2239 1925 ideo
2261 1888 2368 1924 venit

1329 1959 1447 1997 super
1467 1959 1559 1985 eum
1580 1948 1827 1997 indignatio,
1847 1950 1942 1998 quia.
1961 1961 2129 1997 regnum
2150 1950 2369 1987 misericor-

1329 2011 1404 2048 diae
1424 2010 1500 2048 sibi
1521 2011 1750 2049 obseratum
1769 2014 1848 2059 est,
1869 2015 1910 2049 ut
1929 2012 2122 2059 indigno;
2143 2015 2183 2050 et
2199 2022 2368 2060 regnum

1327 2074 1494 2111 miseriae
1513 2074 1644 2112 eidem
1662 2078 1878 2112 reseratum
1899 2077 1975 2120 est,
1988 2078 2186 2123 ‘tanquam
2212 2074 2335 2123 (ligno
2355 2086 2363 2111 ε

1329 2147 1417 2174 ecce
1438 2137 1692 2185 superventio
1712 2137 1992 2175 misericordiae
2012 2137 2196 2175 ablativa.

1643 2244 1834 2280 Articulus
1859 2243 2046 2279 secundus.

1374 2326 1600 2365 Secundum
1618 2326 1758 2373 claret,
1778 2337 1869 2364 cum
1887 2325 2093 2363 subditur:
2114 2326 2365 2363 Misericordia

1327 2395 1404 2437 tua,
1421 2390 1582 2426 Domine.
1604 2391 1667 2426 Est
1683 2389 1789 2426 enim
1807 2400 1889 2426 vox
1909 2388 2088 2436 ejusdem
2107 2388 2248 2426 animae
2267 2389 2364 2426 vitio

1326 2451 1508 2489 vanitatis
1528 2451 1712 2499 abJectae‚
1734 2462 1823 2499 quae
1845 2451 1943 2488 dum
1961 2450 2277 2488 misericordiam
2297 2451 2365 2488 de-

1326 2513 1474 2561 poscit,
1495 2512 1695 2551 miseriam
1714 2513 1972 2560 recognoscit.
1994 2514 2079 2550 Haec
2098 2512 2170 2549 fuit
2188 2513 2360 2559 miseria,

1327 2586 1415 2624 quae
1433 2575 1613 2624 superius
1642 2575 1803 2613 vanitati
1836 2575 2057 2622 annuebat,
2077 2574 2280 2612 veritatem
2300 2585 2362 2612 re·

1325 2638 1492 2684 nuebat,
1524 2637 1621 2675 dum
1647 2637 1779 2675 minus
1810 2637 2058 2675 honorabilis
2087 2636 2188 2674 effici
2217 2639 2362 2674 metue-

1324 2700 1392 2739 bat
1409 2713 1420 2748 3
1460 2699 1531 2737 sed
1567 2703 1657 2748 post
1686 2700 1930 2748 recognitam
1962 2699 2164 2737 miseriam
2200 2697 2363 2747 requirit

1324 2761 1650 2802 misericordiam.
1673 2764 1717 2800 Et
1737 2765 1850 2809 nota,
1872 2761 1983 2811 quod
2004 2764 2060 2799 est
2080 2761 2223 2811 triplex
2245 2761 2361 2798 mise·

1324 2825 1511 2872 ricordia,
1528 2827 1664 2863 contra
1681 2825 1877 2874 triplicem
1896 2825 2096 2862 miseriam
2115 2823 2358 2862 necessaria:

1324 2890 1470 2928 scilicet
1492 2889 1764 2927 misericordia
1793 2889 2058 2938 praeveniens,
2086 2898 2359 2938 prosequens,

1324 2956 1361 2991 et
1380 2954 1641 3002 subsequens.
1661 2953 1790 2991 Prima
1815 2955 1872 2990 est
1895 2952 2116 2991 necessaria
2136 2954 2272 2990 contra
2291 2951 2362 2988 mi-

1323 3018 1465 3055 seriam
1487 3016 1764 3064 desiderandi3
1786 3016 1961 3054 secunda
1993 3018 2130 3054 contra
2159 3015 2361 3053 miseriam

1325 3079 1519 3129 operandi
1527 3092 1538 3127 ς
1555 3079 1668 3118 tertia
1689 3082 1825 3117 contra
1845 3079 2046 3116 miseriam
2066 3076 2358 3126 perseverandi.

1323 3145 1375 3181 De
1401 3142 1532 3192 prima.
1559 3142 1654 3180 dicit
1684 3141 2020 3190 psalmographus
2039 3142 2052 3163 ⁷
2075 3153 2083 3176 :
2113 3154 2130 3174 «
2149 3138 2360 3176 Misericor-

1323 3206 1390 3243 dia
1425 3205 1508 3252 ejus
1543 3204 1756 3253 praeveniet
1785 3214 1863 3241 me.
1890 3217 1909 3239 n
1936 3203 2050 3240 lllum
2088 3200 2360 3238 misericordia

1321 3267 1389 3305 Dei
1407 3267 1619 3316 praevenit,
1641 3267 1753 3313 cujus
1784 3265 1968 3303 affectum
1989 3264 2041 3301 ad
2067 3264 2219 3300 bonum
2246 3261 2360 3299 effec-

1323 3332 1408 3368 tum
1427 3329 1580 3376 incitat,
1602 3331 1639 3366 et
1665 3327 1850 3366 incendit.
1883 3329 1934 3364 De
1966 3325 2140 3363 secunda
2167 3324 2310 3362 dicitur
2335 3335 2359 3361 a

1323 3392 1491 3430 Domino
1509 3392 1522 3415 ⁸
1543 3403 1552 3428 :
1578 3404 1596 3426 ει
1623 3390 1888 3428 Misericordia
1918 3400 2007 3426 mea
2041 3399 2124 3426 non
2155 3387 2313 3426 recedet
2335 3397 2359 3425 a

1368 3525 1410 3564 (a)
1439 3524 1519 3557 Coet.
1545 3523 1623 3555 edit.
1650 3522 1813 3565 dirigens.
1833 3539 1872 3546 —
1899 3521 1943 3563 (b)
1965 3521 2044 3554 Item
2065 3530 2153 3564 quae.

2420 336 2526 369 Super-

2402 376 2500 402 ventio

2402 416 2504 451 tripar-

2403 457 2466 486 tita.

2411 2760 2465 2787 Mi:
2472 2759 2524 2787 eri-

2405 2801 2504 2829 cordia

2399 2843 2513 2879 Uiplex.
