2633 3878
73 1716 215 1746 christal-

87 1759 107 1786 li
129 1767 194 1794 pro·

78 1801 216 1837 prietates

788 244 855 287 DE
887 241 1072 285 SACRAE
1101 238 1409 284 SCRIPTURAE
1437 238 1802 285 PRAESTANTIA.
2337 246 2363 284 9

230 348 313 391 que
339 336 595 390 cupientem.
623 350 642 376 α
661 334 875 386 Transite,
899 333 1036 387 inquit
1055 334 1089 384 ¹,
1117 331 1170 373 ad
1189 343 1258 373 me

230 421 392 460 omneS,
415 409 489 463 qui
509 407 799 461 concupiscitis
818 418 903 458 me,
920 408 961 447 et
981 417 1006 446 a
1024 404 1260 458 generatio-

229 480 356 522 nibus
375 480 480 521 meis
500 478 751 532 implemini.
768 492 787 516 n
803 477 927 520 Nulla
946 476 1063 518 enim
1085 476 1260 517 sciantia

231 551 450 593 mundana
468 550 697 604 adimplere
715 552 850 604 potest
867 549 1070 600 animam,
1094 547 1195 601 quia
1215 547 1260 588 in

232 625 292 667 eis
315 624 487 665 docetur
506 625 671 664 tantum
690 623 846 665 veritas
866 624 1020 662 creata.
1038 621 1052 641 ²
1076 635 1095 659 (ι
1115 619 1261 662 Omnis

230 699 377 739 autem
400 698 593 737 creatura
611 695 789 737 vanitati
809 695 998 748 subjecta
1023 696 1099 735 est.
1122 708 1140 731 »
1178 692 1261 735 Va-

229 780 336 810 num
358 770 503 810 autem
523 771 603 820 est,
627 768 740 822 quod
759 780 846 809 non
876 767 1035 808 confert
1054 766 1106 807 ad
1127 765 1262 819 pleni-

229 840 423 882 tudinem
441 841 686 882 continenti.
704 840 754 881 Et
766 840 859 882 haec
872 839 922 881 de
935 838 1114 880 materia
1128 837 1264 892 Scrip-

229 915 337 954 turae
358 924 487 954 sacrae
508 912 618 953 dicta
637 912 862 953 sufficiant.

283 983 559 1039 Comparatur
578 984 701 1026 tertio
719 985 854 1025 forma
868 986 1114 1025 sanctarum
1129 982 1264 1037 Scrip-

229 1059 424 1098 turarum
444 1057 572 1098 rebus
591 1056 955 1110 perspicuissimis,
980 1058 1152 1109 propter
1172 1067 1262 1096 cer-

229 1128 456 1172 titudinem
476 1129 686 1180 veritatis;
709 1131 750 1170 et
767 1129 896 1170 rebus
916 1128 1236 1182 speciosissimIS
1251 1160 1261 1179 ,

230 1205 401 1256 propter
419 1200 780 1255 pulchritudinem
800 1201 1015 1242 claritatis.
1050 1200 1122 1242 Est
1147 1200 1264 1242 enim

231 1286 362 1316 sacrae
375 1273 603 1328 Scripturae
614 1273 841 1314 infallibilis
854 1273 1077 1325 certitudo,
1093 1274 1266 1327 propter

231 1358 477 1401 processum
498 1345 866 1396 inconsutabilen13
889 1348 929 1386 et
952 1345 1263 1386 incontamina-

232 1418 330 1460 bilis
349 1417 642 1472 pulchritudo,
667 1419 838 1471 propter
856 1417 996 1458 lucem
1024 1417 1268 1459 inobfusca-

233 1490 376 1533 bilem.
399 1491 450 1532 Et
477 1490 557 1532 hoc
585 1493 772 1541 notatur,
801 1503 899 1532 cum
919 1490 1073 1531 dicitur
1095 1503 1105 1531 t
1127 1490 1268 1544 Splen-

237 1563 388 1606 didum
419 1566 624 1616 tanquam
650 1562 915 1616 crystallum.
939 1562 1098 1604 Dicitur
1124 1564 1268 1604 autem

233 1635 390 1687 forma,
414 1646 511 1689 quae
531 1637 594 1675 est
612 1634 765 1676 modus
791 1634 969 1687 agendi,
991 1635 1129 1676 forma
1151 1647 1266 1689 crys-

233 1708 393 1761 tallina,
415 1708 530 1762 quia,
552 1708 788 1750 secundum
809 1707 1017 1750 Isidorum
1039 1711 1068 1758 ⁸,
1088 1709 1267 1763 crystal-

233 1781 301 1824 lus
321 1782 512 1836 opposita
526 1781 626 1823 solis
645 1782 774 1823 radiis
787 1782 892 1824 adeo
905 1782 1016 1836 rapit
1029 1782 1266 1836 flammam,

233 1857 282 1897 ut
300 1854 431 1896 aridis
450 1854 598 1907 fungis
617 1853 686 1896 vel
706 1854 815 1895 foliis
838 1855 986 1907 ignem
1004 1855 1211 1909 praebeat3
1229 1857 1271 1898 et

234 1927 368 1981 stylus
388 1926 570 1980 Spiritus
594 1927 726 1968 sancti
754 1927 800 1967 in
828 1927 1052 1969 traditione
1077 1927 1269 1981 Scriptu-

234 2011 382 2041 rarum
403 1998 617 2040 succendit
637 1999 762 2040 corda
788 1999 1011 2053 torpentia,
1032 1998 1102 2041 vel
1128 2001 1272 2053 tepen-

235 2071 308 2112 tia.
330 2069 474 2113 Virtus
493 2071 621 2112 etiam
642 2071 829 2125 crystalli
846 2074 907 2112 est
930 2073 1077 2113 contra
1096 2071 1210 2112 sitim
1230 2074 1271 2113 et

236 2142 451 2193 ardorem;
480 2145 522 2184 et
547 2143 683 2197 stylus
715 2143 1035 2197 Scripturarum
1069 2144 1272 2186 refocillat

236 2214 363 2257 corda
386 2214 591 2256 ardentia.
625 2215 855 2270 Crystallus
882 2216 1059 2271 insuper
1084 2216 1206 2267 trita,
1229 2219 1271 2258 et

237 2286 362 2329 melle
392 2289 562 2340 potata,
596 2287 704 2329 lacte
728 2288 862 2342 replet
886 2289 1041 2340 ubera3
1065 2291 1106 2330 et
1136 2289 1272 2343 stylus

174 2420 178 2423 Ὗ
237 2360 422 2415 Spiritus
442 2361 599 2411 sancti,
622 2361 748 2403 melle
772 2362 1008 2404 devotionis
1032 2362 1268 2416 imbibitus,

237 2432 343 2474 lacte
362 2433 514 2486 gratiae
533 2433 666 2487 replet
686 2435 840 2476 mentis
868 2435 1026 2486 ubera,
1048 2435 1090 2476 id
1119 2438 1182 2477 est
1210 2435 1273 2476 in-

237 2504 450 2546 tellectum
471 2508 512 2546 et
531 2506 745 2548 affectum.
770 2507 849 2548 Per
875 2507 1107 2561 puritatem
1127 2509 1272 2549 autem

239 2579 280 2618 et
298 2577 574 2630 pervietatem
593 2578 879 2631 crystallinam
896 2591 1090 2631 congrue
1104 2571 1272 2621 transu-

239 2649 372 2690 mitur
396 2649 532 2691 sorma
560 2650 878 2704 Scripturarum
896 2684 906 2702 ,
928 2651 1031 2705 quia
1067 2651 1178 2692 sicut
1203 2651 1273 2692 illa

238 2733 409 2764 omnem
429 2723 720 2776 impuritatem
746 2722 948 2775 excludit,
971 2724 1028 2764 ita
1047 2724 1182 2764 forma
1202 2735 1272 2764 sa-

238 2807 320 2837 crae
341 2795 571 2849 Scripturae
591 2807 738 2837 omnes
766 2796 1116 2850 reprehensiones
1139 2796 1271 2847 elidit,

239 2870 279 2910 et
297 2868 411 2922 ipsos
431 2868 759 2921 reprehensores
779 2868 945 2910 refellit.
964 2867 1109 2910 Solent
1129 2871 1274 2910 autem

238 2940 281 2981 in
313 2939 579 2994 Scripturam
608 2953 767 2982 sacram
800 2943 984 2995 quatuor
1012 2953 1172 2994 genera
1199 2941 1272 2984 de-

239 3013 426 3054 fectuum
444 3012 639 3054 homines
664 3013 850 3054 infelices·
876 3013 1132 3067 impingere,
1157 3013 1273 3054 scili-

239 3086 303 3125 cet
330 3084 577 3137 inJustitiae,
605 3085 879 3138 insipientiae,
909 3086 1210 3138 inhonestatis,
1234 3088 1277 3127 ct

240 3157 563 3210 superfluitatis.

293 3229 350 3270 De
370 3229 508 3283 primo
537 3241 680 3271 errore
703 3231 877 3272 fuerunt
904 3231 1079 3284 quidam
1109 3231 1274 3284 profes-

241 3313 356 3344 sores
376 3303 533 3344 veteris
553 3304 819 3354 testamenti,
843 3304 1077 3345 secundum
1097 3303 1210 3356 quod
1231 3303 1276 3344 in

240 3374 458 3417 Ezechiele
478 3375 683 3428 scriptum
703 3379 767 3417 est
788 3379 800 3401 ⁸
823 3391 831 3417 :
863 3392 881 3415 α
905 3375 1049 3417 Patres
1080 3375 1272 3416 comede-

285 3459 292 3475 ¹
319 3458 435 3498 Ecclz'.,
463 3466 558 3499 XXIV,
587 3460 641 3491 26.
665 3476 706 3483 —
733 3460 743 3477 ²
769 3460 872 3500 Rom„
899 3467 980 3501 vnn,
1008 3461 1060 3491 20.
1081 3476 1121 3482 —
1150 3458 1163 3480 ²
1185 3459 1276 3500 lsid.‚

241 3505 402 3547 Etymol„
422 3506 480 3539 lib.
505 3507 546 3549 X,
567 3516 596 3540 c.
617 3515 698 3539 x111.
719 3524 759 3531 —
784 3508 795 3526 ⁴
819 3507 952 3545 Ezecli„
981 3515 1083 3549 xviii,
1106 3508 1137 3549 2,
1163 3509 1216 3540 25.
1235 3524 1277 3530 —

242 3553 254 3573 ⁵
274 3553 396 3588 Exod„
416 3562 480 3594 xx,
508 3557 541 3588 5.
562 3571 602 3578 ·—
628 3556 641 3575 ⁸
669 3556 838 3597 Damaso„
865 3555 904 3587 dc
933 3555 1055 3587 Haeres.
1077 3573 1119 3579 —
1141 3555 1155 3578 ⁷
1175 3557 1277 3595 Aug„

242 3601 325 3634 cont.
346 3600 476 3644 Faust„
504 3602 562 3638 lib.
588 3603 677 3643 xlv,
695 3612 757 3645 per
779 3605 910 3644 totum5
933 3605 1019 3636 cont.
1038 3602 1177 3637 Advers.
1198 3601 1276 3644 Leq·

1336 332 1438 373 runt
1455 343 1587 373 uvam
1608 332 1818 385 acerbam,
1842 335 1884 375 et
1898 333 2042 375 dentes
2066 331 2253 374 filiorum
2273 332 2366 374 obs-

1333 407 1573 457 tupescunt.
1587 404 1639 445 Et
1654 405 1707 458 (a)
1719 419 1727 445 ε
1740 404 1832 446 Non
1846 408 1906 446 est
1920 417 2044 459 aequa
2059 405 2129 447 via
2142 404 2324 446 Domini.
2340 419 2359 443 n

1336 475 1475 529 Hujus
1493 477 1648 517 erroris
1668 489 1721 518 ex
1740 477 1836 530 lege
1864 477 2008 519 divina
2027 477 2277 519 sumebatur
2296 488 2367 517 oc-

1336 548 1471 599 casio,
1494 548 1578 589 Deo
1604 548 1766 590 dicente
1796 548 1841 589 in
1861 549 2010 591 Exodo
2033 550 2045 571 ⁵
2069 564 2078 589 ε
2107 565 2125 587 <1
2147 549 2237 601 Ego
2271 561 2366 590 sum

1336 619 1540 661 Dominus
1561 619 1670 661 Deus
1689 624 1789 663 tuus
1805 652 1815 670 ‚
1837 620 1978 671 fortis,
2001 623 2042 661 et
2062 621 2212 662 zelotes
2228 652 2240 671 ‚
2261 621 2366 662 visi-

1336 695 1429 733 tans
1449 691 1715 745 iniquitatem
1743 695 1910 746 patrum
1933 693 1976 733 in
1998 693 2128 744 filios,
2157 705 2294 746 usque
2323 693 2367 734 in

1335 763 1518 816 tertiam,
1537 767 1577 805 et
1591 767 1785 818 quartam
1804 764 2172 817 generationem.»
2194 763 2368 818 Propter

1337 835 1430 877 haec
1449 838 1489 877 ct
1509 836 1663 877 similia
1682 836 1855 889 quidam
1876 836 2020 889 legem
2040 835 2263 877 Mosaicam
2285 837 2370 890 opi-

1336 910 1498 949 nantur
1517 908 1733 961 injustam,
1756 910 1797 949 et
1812 921 1837 949 a
1858 908 1940 949 Deo
1960 908 2070 949 bono
2089 910 2130 949 et
2146 910 2264 961 justo
2288 907 2369 948 mi-

1336 980 1452 1021 nime
1481 979 1622 1021 datam
1655 981 1783 1022 fuisse
1821 980 2101 1030 mentiuntur,
2124 982 2171 1021 ut
2192 979 2371 1020 Marcio-

1338 1053 1461 1094 nistae
1481 1055 1521 1094 et
1541 1053 1804 1104 Cerdoniani,
1832 1052 2065 1094 secundum
2091 1051 2204 1105 quod
2225 1051 2372 1092 recitat

1339 1125 1624 1167 Damascenus
1656 1125 1686 1168 ⁶.
1720 1124 1842 1166 Hunc
1875 1136 2062 1166 errorem
2094 1123 2245 1165 diffuse
2275 1135 2373 1177 per-

1343 1201 1494 1240 tractat
1530 1197 1800 1250 Augustinus
1835 1201 1871 1249 ⁷,
1906 1200 2053 1240 contra
2067 1198 2294 1248 Faustum,
2332 1199 2373 1238 et

1343 1274 1490 1314 contra
1508 1270 1819 1313 Adversarium
1845 1270 1965 1323 Leqz's
1991 1273 2030 1313 et
2051 1269 2370 1322 Prophetarum.

1342 1343 1468 1396 Legis
1487 1345 1630 1384 autem
1651 1342 1827 1395 iustitia,
1848 1343 1938 1383 tam
1958 1342 2000 1382 in
2023 1340 2157 1392 Novo,
2179 1352 2309 1395 quam
2330 1341 2374 1382 in

1342 1415 1483 1458 Veteri
1502 1414 1534 1456 T
1537 1417 1770 1456 estamento
1796 1413 2134 1455 commendatur.
2157 1413 2205 1454 ln
2233 1414 2373 1456 Eccle-

1342 1489 1522 1532 siastico
1553 1488 1708 1541 quippe
1733 1486 1937 1540 scriptum
1969 1488 2032 1526 est
2062 1485 2076 1508 ⁸
2115 1499 2124 1525 :
2165 1501 2184 1525 (t
2215 1485 2375 1539 Legem

1344 1559 1564 1602 mandavit
1576 1558 1740 1613 Moyses
1760 1559 1805 1599 in
1824 1557 2046 1612 praeceptis
2055 1557 2335 1611 Justitiarum.
2351 1572 2371 1596 n

1345 1632 1396 1674 Et
1416 1633 1461 1673 in
1481 1632 1589 1673 libro
1612 1631 1847 1684 Sapientiae
1865 1629 2113 1671 nominatur
2128 1632 2141 1654 ⁹
2164 1628 2235 1671 lex
2255 1628 2378 1681 fusci·

1344 1707 1430 1748 tice.
1453 1705 1511 1746 De
1530 1705 1621 1758 ipsa
1641 1703 1769 1744 etiam
1789 1702 1887 1744 dicit
1907 1701 2136 1756 Apostolus
2156 1704 2186 1727 ¹⁰
2209 1713 2219 1742 ε
2248 1716 2267 1740 (ι
2293 1700 2376 1742 Ita-

1343 1790 1426 1833 que
1444 1777 1516 1819 lex
1535 1776 1706 1831 quidem
1728 1777 1885 1826 sancta,
1916 1776 1958 1816 et
1977 1773 2226 1815 mandatum
2253 1785 2375 1814 sancn

1343 1855 1460 1902 tum,
1484 1852 1525 1891 et
1552 1851 1745 1903 justum,
1768 1849 1809 1888 et
1836 1846 2016 1888 bonum.
2040 1859 2060 1885 ι)
2092 1845 2219 1899 Legis
2250 1845 2377 1886 etiam

1345 1924 1500 1967 divinae
1515 1922 1682 1976 justitia
1699 1920 1817 1963 velut
1845 1931 1869 1961 a
1901 1918 2048 1974 populi
2075 1930 2148 1960 ore
2173 1918 2378 1972 probatur

1344 2010 1420 2052 per
1454 1997 1745 2038 humanarum
1774 2004 1920 2035 rerum
1950 1991 2184 2046 Justitiam,
2219 2002 2316 2044 quae
2354 2002 2380 2032 a

1344 2070 1490 2111 divina
1506 2069 1601 2122 lege
1611 2067 1840 2117 derivatur,
1860 2064 2093 2106 secundum
2108 2063 2222 2117 quod
2235 2065 2379 2117 aperte

1345 2143 1464 2184 docet
1493 2141 1696 2193 Origenes
1724 2139 1767 2180 ¹¹.
1797 2136 2032 2179 Adducitur
2057 2136 2185 2178 etiam
2214 2135 2265 2177 ad
2297 2135 2380 2177 hoc

1344 2216 1458 2258 idem
1477 2225 1553 2268 pro
1568 2213 1709 2266 signo,
1727 2210 1840 2265 quod
1854 2208 2072 2252 nonnullae
2085 2208 2202 2262 leges
2214 2207 2377 2251 Veteris

1345 2287 1603 2331 Testamenti
1636 2285 1880 2337 tanguntur
1911 2282 1959 2323 in
1986 2283 2085 2335 J'ure
2113 2280 2250 2332 civili,
2283 2293 2380 2322 cum

1345 2364 1488 2402 tamen
1506 2358 1625 2411 leges
1652 2356 1943 2397 Romanorum
1972 2353 2176 2407 coeperint
2196 2365 2221 2393 a
2240 2352 2381 2395 Numa

1346 2431 1576 2485 Pompilio,
1606 2429 1681 2483 qui
1708 2429 1966 2469 successerat
1994 2425 2173 2467 Romulo
2191 2458 2201 2477 ,
2223 2437 2380 2466 secun-

1345 2505 1449 2546 dum
1485 2503 1694 2544 Isidorum
1724 2501 1770 2541 ¹2.
1805 2499 1881 2541 Hic
1913 2498 2121 2540 Romulus
2148 2497 2264 2539 mille
2293 2499 2380 2539 fere

1345 2587 1480 2617 annos
1514 2575 1644 2616 fuisse
1672 2573 1878 2626 probatur
1901 2571 2107 2625 posterior
2135 2569 2299 2623 Moyse,
2332 2572 2381 2611 ut

1345 2648 1445 2690 dicit
1482 2646 1595 2688 idem
1635 2644 1837 2686 Isidorus.
1876 2642 2108 2684 Concordat
2139 2644 2282 2682 autem
2312 2641 2379 2682 isti

1346 2718 1583 2769 sententiae,
1606 2717 1719 2772 quod
1737 2718 1935 2758 veterum
1961 2714 2129 2767 legum,
2152 2714 2196 2754 in
2222 2714 2380 2768 quibus

1346 2791 1481 2833 multa
1505 2790 1594 2843 legi
1621 2788 1693 2830 Dei
1719 2787 1837 2829 fuere
1862 2786 2099 2837 contraria,
2117 2787 2209 2839 jam
2235 2785 2380 2826 nullus

1346 2875 1450 2906 usus
1467 2865 1529 2904 est
1559 2874 1584 2903 a
1610 2863 1795 2914 tempore
1820 2858 2083 2901 Constantini
2113 2858 2381 2911 imperatoris

1348 2933 1584 2984 christiani,
1606 2932 1729 2974 novis
1748 2930 2064 2984 incipientibUS,
2091 2932 2131 2971 et
2147 2932 2290 2983 postea
2305 2941 2381 2983 per

1347 3007 1660 3057 Theodosium,
1692 3005 1993 3058 imperatorem
2023 3002 2150 3044 etiam
2180 3002 2379 3043 christia-

1346 3081 1588 3129 nissimum,
1608 3077 1661 3120 ad
1680 3077 1873 3119 ordinem
1893 3075 2218 3117 convenientem
2239 3074 2379 3115 redac-

1347 3155 1415 3204 tis,
1449 3150 1685 3194 secundum
1714 3147 1828 3203 quod
1857 3147 1977 3190 docet
2008 3146 2194 3188 Isidorus
2216 3146 2256 3186 ¹³.
2280 3145 2380 3187 Ilaec

1347 3237 1452 3278 ergo
1472 3221 1717 3265 omnimoda
1736 3220 1862 3273 signa
1891 3220 2004 3270 sunt,
2028 3218 2142 3272 quod
2163 3220 2237 3270 jus
2256 3217 2380 3259 civile

1348 3296 1582 3339 secundum
1600 3294 1742 3347 legem
1762 3291 1952 3333 divinam
1971 3290 2194 3342 regulatur
2211 3291 2252 3329 et
2270 3288 2379 3330 ordi-

1349 3398 1380 3426 et
1403 3391 1539 3433 Proph„
1557 3400 1617 3431 per
1637 3391 1757 3422 totuin.
1777 3403 1818 3410 —-
1836 3388 1847 3406 ⁸
1866 3385 1986 3425 Eccli.‚
2007 3392 2101 3426 xxiv,
2122 3386 2173 3417 33.
2194 3402 2234 3409 -
2254 3385 2266 3404 ⁹
2287 3385 2379 3426 Sap„

1349 3450 1388 3483 11,
1411 3444 1459 3474 11.
1481 3457 1523 3464 —
1544 3440 1568 3461 ¹⁰
1590 3439 1693 3473 Rom„
1714 3444 1784 3475 Vll,
1810 3437 1859 3467 12.
1881 3451 1920 3457 —
1950 3435 1970 3452 ¹¹
1999 3433 2108 3475 Orig„
2128 3435 2162 3465 in
2183 3432 2242 3465 lib.
2264 3433 2380 3472 Nmn.,

1350 3501 1380 3524 c.
1402 3496 1512 3522 xxvxi.
1536 3505 1577 3512 —
1605 3486 1626 3506 ¹²
1647 3484 1738 3525 isid„
1759 3483 1817 3516 lib.
1844 3483 1885 3524 V,
1908 3490 1938 3514 c.
1968 3488 1979 3514 1
2002 3484 2036 3515 et
2056 3489 2154 3515 xxix.
2175 3499 2216 3507 -
2238 3480 2382 3521 ¹⁸1bid.,

1350 3548 1379 3571 c.
1401 3546 1426 3571 1.

1393 3597 1439 3641 (a)
1457 3595 1574 3641 Suppl.
1596 3594 1767 3634 dixerunt,
1787 3589 1837 3624 vel
1858 3590 2005 3633 dixistis,
2026 3591 2062 3623 ut
2082 3590 2115 3622 in
2141 3589 2239 3631 Vulq.
