2633 3878
116 962 195 993 Appa

93 1002 184 1028 reutia

81 1043 195 1078 triplex.

227 294 302 331 :380

224 382 402 417 rectionis
425 380 576 417 Domini
597 380 718 417 nostri
737 382 821 417 Jssu
843 381 1013 417 Canis-ri:
1031 395 1048 411 n
1073 389 1159 416 eece
1181 381 1253 416 tes-

225 443 430 479 timonium
451 442 658 480 dominicae
677 442 982 480 resurrectionis.

538 548 723 584 Articulus
749 547 932 584 sccundus.

271 629 491 667 claritatem
528 630 736 667 locutionis
782 629 1013 677 proposuit,
1054 639 1143 665 cum
1181 629 1253 666 ad-

221 693 367 740 junxit:
398 695 442 730 In
469 697 679 740 conspectu.-
707 693 803 730 nihil
829 693 934 729 enim
958 693 999 729 in
1020 694 1251 740 conspectu,

224 755 298 792 nisi
330 755 607 803 conspicuum:
639 755 736 791 nihil
768 754 1046 802 conspicuum,
1075 754 1150 791 nisi
1177 754 1255 791 cla·

225 828 326 854 rum.
349 819 390 854 Et
416 821 527 863 nota,
555 817 665 864 quod
691 817 951 865 conspicuitas
982 817 1068 854 talis
1093 815 1257 864 requirit

228 879 510 927 apparentiam,
529 889 610 916 non
624 879 750 916 solam
767 879 1023 916 existentiam.
1045 881 1107 915 Est
1125 881 1256 915 autem

198 973 208 978 -
227 942 456 990 apparentia
481 942 689 989 tripartita;
717 942 897 979 videlieet
928 941 1155 989 apparentia
1174 940 1256 977 dia-

227 1003 375 1050 lectica,
391 1004 619 1052 apparentia
636 1005 844 1050 rhetorica,
859 1004 1089 1052 apparentia
1105 1003 1256 1051 sophis-

228 1067 315 1104 tica.
338 1067 462 1103 Prima
480 1069 536 1104 est
554 1067 781 1115 apparentia
799 1067 991 1113 veritatis3
1011 1066 1185 1103 secunda
1201 1068 1257 1103 est

229 1129 457 1177 apparentia
469 1129 678 1177 aequitatis3
697 1129 808 1166 tertia
828 1131 883 1165 est
902 1128 1130 1176 apparentia
1149 1128 1257 1165 vani·

229 1191 327 1227 tatis.
358 1192 407 1227 De
434 1191 561 1238 prima
587 1191 783 1238 Scriptura
804 1190 898 1227 dicit
924 1191 960 1227 ¹:
988 1204 1004 1224 «
1030 1191 1190 1239 Sapiens
1216 1191 1257 1228 in

229 1256 436 1300 conspectu
457 1253 631 1300 praesidis
648 1253 864 1300 apparebit.
887 1266 904 1287 υ
927 1253 1076 1301 Quippe
1103 1254 1258 1301 sapiens

228 1316 266 1351 in
287 1318 497 1363 conspectu
516 1315 619 1352 illius
640 1319 814 1363 apparet,
837 1316 867 1352 si
889 1316 1100 1364 conspicue
1120 1316 1175 1353 rei
1194 1327 1259 1353 vc-

227 1378 376 1414 ritatem
407 1377 598 1414 declaret:
629 1388 717 1414 ecce
743 1379 957 1425 conspicua
987 1378 1158 1415 veritatis
1185 1388 1257 1426 ap-

226 1440 415 1487 parentia.
440 1441 488 1476 De
518 1440 690 1476 secunda
716 1440 896 1477 scribitur
913 1441 952 1476 2:
977 1452 994 1474 «
1019 1443 1099 1487 Ego
1127 1443 1258 1477 autem

228 1502 431 1548 injustitia
455 1502 657 1550 apparebo
679 1503 904 1550 conspectui
922 1506 1034 1540 tuo.»
1055 1504 1169 1547 Quod
1185 1503 1259 1539 ele-

227 1567 362 1609 ganter
389 1564 570 1601 convenit
597 1564 766 1610 oratori,
787 1568 867 1602 tam
892 1565 1107 1611 rhetorico,
1137 1575 1259 1613 quam

227 1626 473 1673 theologico:
505 1626 696 1674 quoniam
722 1627 821 1664 inter
850 1627 1070 1664 orationem
1092 1627 1259 1663 rhetori-

228 1700 334 1733 cam,
373 1693 409 1725 et
445 1688 639 1736 theolegio
654 1700 725 1734 im,
759 1689 1073 1726 conformitatem
1110 1691 1259 1726 constat

228 1762 310 1788 esse
331 1762 413 1788 non
431 1752 646 1788 modicam.
663 1753 703 1788 ln
718 1752 865 1799 justitia
883 1751 1078 1799 siquidem
1095 1754 1259 1799 apparet
1278 1794 1282 1799 .

228 1814 452 1862 conspectui
479 1814 624 1860 judicis
657 1814 716 1850 sui
749 1814 877 1862 quivis
908 1816 1058 1859 orator,
1088 1813 1119 1849 si
1145 1813 1260 1850 fuerit

224 1876 315 1921 justi
341 1876 487 1923 negotii
514 1876 748 1924 conspicuus
774 1875 1006 1913 declarator.
1028 1878 1123 1912 Ecce
1145 1886 1258 1911 cons-

227 1938 342 1985 picua
362 1938 552 1986 aequitatis
573 1938 814 1986 apparentia.
837 1940 888 1975 lle
916 1938 1028 1975 tertio
1057 1937 1198 1984 legitur
1217 1937 1258 1973 in

205 1988 211 1993 ’
227 2000 354 2047 figura
370 2002 383 2023 ³
399 2012 407 2036 :
429 2001 612 2048 «Septem
629 2000 769 2037 diebus
784 2000 968 2037 comedes
989 2011 1144 2048 azyma,
1161 2000 1260 2037 sieut

227 2062 392 2110 praecepi
412 2063 482 2100 tibi
502 2065 678 2109 tempore
698 2062 837 2099 messis
857 2073 1073 2107 novorum,
1096 2061 1258 2109 quando

229 2135 403 2171 egressus
424 2135 463 2161 es
483 2124 530 2162 de
551 2129 652 2162 terra
672 2125 827 2172 AEgypti
849 2137 856 2161 :
886 2134 967 2161 non
988 2124 1196 2172 apparebis
1218 2124 1259 2160 in

229 2190 437 2234 conspectu
457 2196 546 2224 meo
568 2197 739 2234 vacuus;
761 2201 778 2221 »
802 2198 847 2223 ae
872 2187 903 2223 si
933 2187 1126 2224 diceretur
1146 2197 1259 2234 aper-

229 2251 324 2286 tius:
348 2251 536 2288 Omnibus
566 2250 706 2287 diehus
733 2251 918 2288 comedes
944 2260 1081 2298 azyma
1103 2250 1260 2286 sinceri-

229 2313 329 2358 tatis,
362 2313 459 2349 sicut
485 2313 654 2360 praecepi
682 2313 751 2350 tibi
782 2315 959 2360 tempore
984 2312 1186 2358 novitatis,
1220 2312 1260 2349 in

230 2375 334 2412 exitu
369 2375 591 2412 vetustatis:
627 2385 707 2412 non
737 2375 946 2423 apparebis
979 2375 1019 2411 in
1048 2377 1259 2423 conspectu

228 2448 317 2474 mco
339 2447 486 2474 vacuus
506 2437 638 2484 gratiae
657 2440 694 2473 et
723 2437 906 2473 veritatis.
934 2439 1027 2473 Ecce
1046 2437 1109 2473 hic
1128 2436 1260 2484 prohi-

228 2500 341 2535 betur
379 2499 609 2546 apparentia
640 2499 819 2535 vanitatis
843 2511 850 2535 :
890 2509 983 2535 nam
1021 2498 1260 2546 septenarius

229 2561 422 2608 significat
440 2561 756 2598 universitatem:
783 2564 933 2609 tempus
950 2571 1161 2607 novorum,
1173 2561 1260 2597 vitae

229 2624 463 2669 novitatem,
485 2626 686 2671 AEgyptus,
710 2626 959 2670 vetustatem3
985 2622 1171 2669 vacuitas,
1194 2634 1261 2660 va-

230 2686 404 2722 nitatem.

568 2735 757 2769 Artz'culus
784 2736 924 2769 tertius.

279 2811 533 2847 Maturitatem
551 2810 759 2847 locutionis
779 2810 976 2858 apposuit,
992 2820 1080 2846 cum
1095 2810 1259 2857 adjecit:

233 2874 385 2917 Itrqum,
416 2872 455 2907 id
488 2875 562 2916 est,
589 2875 690 2908 recte
720 2871 959 2918 regentium,
988 2871 1262 2907 rectitudinem

233 2933 493 2979 diligentium,
515 2936 688 2969 maturos
707 2933 854 2970 fructus
873 2934 912 2969 in
933 2933 1094 2969 maturis
1113 2933 1263 2980 praeeli-

234 2995 420 3042 gentium.
438 2997 479 3031 Et
493 2995 713 3030 notandum
730 2996 839 3042 quod
859 3005 970 3041 reges
989 2995 1263 3041 hujuscemodi

235 3058 402 3104 diligunt
425 3057 644 3101 veritatem,
675 3056 918 3103 aequitatem,
939 3067 1019 3093 non
1037 3057 1261 3094 vanitatem.

235 3121 317 3156 nanc
345 3121 475 3155 autem
503 3118 576 3154 tria
609 3118 821 3165 respiciunt
849 3117 1040 3165 triplicem
1068 3128 1261 3165 apparen-

235 3183 328 3218 tiam
349 3181 652 3229 praecedentem.
676 3179 787 3224 Quod
809 3190 921 3226 reges
942 3179 1106 3225 diligant
1129 3179 1265 3216 verita-

236 3248 326 3288 tem,
346 3246 450 3290 patet
470 3254 541 3291 per
567 3242 787 3289 Sapientem
808 3242 1000 3278 dicentem
1020 3242 1057 3277 ³:
1078 3254 1094 3274 (ι
1116 3241 1186 3285 Qui
1209 3241 1265 3277 di-

236 3306 318 3351 ligtt
338 3305 466 3341 cordis
485 3304 740 3349 munditiam,
764 3306 924 3351 propter
949 3303 1115 3349 gratiam
1140 3302 1266 3339 labio-

237 3377 325 3402 rum
350 3377 511 3402 suorum
535 3365 699 3402 habebit
723 3365 896 3402 amicum
926 3375 1079 3411 regem3
1109 3378 1125 3397 »
1153 3364 1266 3411 quasi

240 3427 368 3463 dicat:
390 3427 461 3470 Qui
481 3427 610 3473 diligit
638 3427 875 3463 munditiam
900 3426 1094 3470 veritatis,
1121 3428 1201 3461 tam
1226 3425 1266 3461 in

282 3510 290 3529 ¹
313 3508 433 3546 Eccli.,
454 3517 577 3549 uxix,
600 3511 630 3541 4.
651 3527 691 3534 —
718 3513 732 3533 ²
748 3509 845 3542 Psal.
870 3517 946 3548 xw,
978 3511 1025 3541 15.
1047 3526 1086 3532 —
1116 3507 1128 3529 ³
1145 3508 1267 3547 Exodq

240 3563 341 3595 xx111,
364 3557 410 3587 15.
432 3572 472 3578 —
491 3556 501 3573 ⁴
523 3557 632 3595 Prota,
653 3565 739 3597 xxii,
763 3560 811 3589 11.
831 3575 870 3581 -
891 3558 902 3576 ⁵
920 3556 1012 3589 Psal.
1034 3563 1156 3595 xcvui,
1181 3557 1210 3587 4.
1230 3572 1265 3578 -

916 288 1187 331 EXPOSlTlO
1219 289 1269 331 lN
1300 289 1641 332 PSALTERIUM.

1326 379 1458 427 corde,
1476 390 1597 428 quam
1610 380 1650 416 in
1664 378 1793 425 labiis,
1810 379 1880 415 erit
1893 378 2042 416 amicus
2056 379 2173 426 regis,
2187 382 2353 419 verbum

1325 441 1485 478 interius
1505 444 1542 479 et
1568 441 1736 478 exterius
1764 440 1971 478 audientis.
1992 440 2107 485 Quod
2133 451 2243 489 reges
2263 442 2353 479 dili-

1327 506 1419 550 gant
1437 503 1678 552 aequitatem,
1701 503 1867 540 ostendit
1886 502 2107 549 Psalmista,
2128 514 2218 540 cum
2246 504 2300 541 ait
2318 506 2354 541 ¹⁵:

1331 579 1349 600 «
1369 567 1499 603 Honor
1525 565 1627 611 regis
1655 565 1849 612 judicium
1881 565 2019 613 diligit.
2045 579 2063 601 »
2086 565 2201 611 Quod
2226 568 2357 603 autem

1327 637 1438 675 reges
1468 626 1663 674 eJusmodi
1692 637 1773 663 non
1805 626 1970 674 diligant
2002 628 2234 674 vanitatem,
2267 627 2358 665 satis

1328 689 1453 738 aperit
1472 688 1653 736 Sapiens,
1680 688 1734 724 sie
1754 688 1888 726 dicens
1902 690 1915 711 ⁶
1933 701 1941 726 :
1964 703 1981 724 «
2001 690 2053 726 Ne
2074 689 2268 736 gloriosus
2287 700 2358 737 ap-

1327 761 1466 799 pareas
1497 761 1629 787 coram
1661 760 1766 797 rege.
1802 764 1820 784 ι)
1852 751 1918 787 Hic
1949 751 2181 798 prohibetur
2211 762 2235 789 a
2267 762 2358 798 rege

1329 825 1437 852 vanae
1463 814 1598 862 gloriae
1619 814 1846 863 apparentia
1871 824 2005 851 coram
2032 825 2123 862 rege
2149 815 2286 853 :unde
2312 813 2359 851 li-

1330 880 1440 925 guet,
1461 877 1574 926 quod
1593 877 1745 914 vanitas
1761 887 1843 915 non
1864 876 2050 924 diligatur
2069 888 2091 914 a
2110 887 2214 925 rege.

1656 983 1846 1019 Articulus
1871 985 2036 1029 quartus.

1377 1065 1626 1102 Securitatem
1654 1064 1851 1113 loquentis
1885 1064 2112 1113 supposuit,
2147 1075 2238 1101 cum
2270 1065 2363 1102 sub-

1330 1127 1505 1175 scripsit:
1535 1128 1582 1163 Ec
1613 1138 1683 1164 non
1706 1127 1968 1173 confundebar3
1991 1137 2036 1164 ac
2061 1126 2092 1163 si
2121 1126 2266 1163 diceret
2292 1138 2300 1162 :
2323 1128 2364 1163 ln

1331 1191 1543 1237 conspeetu
1571 1200 1727 1236 regum,
1755 1189 1980 1235 veritatem,
2009 1189 2253 1237 aequitatem,
2283 1199 2364 1225 non

1331 1252 1542 1288 vanitatem
1574 1251 1840 1298 diligentium,
1866 1251 2074 1298 loquebar,
2103 1253 2139 1288 et
2169 1261 2251 1287 non
2273 1261 2364 1288 con-

1332 1313 1548 1360 tundebam
1571 1313 1665 1361 quia
1681 1323 1753 1349 nee
1771 1312 1994 1358 falsitatem,
2014 1323 2086 1349 nec
2103 1312 2362 1360 iniquitatem,

1331 1387 1404 1413 nee
1423 1375 1635 1412 vanitatem
1653 1375 1860 1423 sequebar.
1873 1374 2097 1412 Notandum
2118 1374 2236 1421 igitur
2256 1374 2365 1422 quod

1331 1438 1389 1474 illi
1414 1448 1485 1486 per
1513 1438 1714 1485 loquelam
1748 1437 1936 1475 confundi
1963 1439 2175 1483 merentur,
2210 1437 2278 1484 qui
2305 1437 2366 1474 lo·

1333 1500 1492 1548 quelam
1516 1499 1758 1537 confundere
1787 1510 1869 1536 non
1899 1501 2105 1542 verentur;
2134 1498 2226 1535 ideo
2256 1498 2366 1547 quod

1333 1563 1629 1602 confunduntur
1653 1563 1833 1611 plerique
1860 1573 1884 1599 a
1910 1561 2092 1608 falsitate,
2123 1561 2174 1599 ab
2201 1561 2366 1610 iniqui·-

1333 1628 1424 1672 tate,
1443 1637 1467 1663 a
1486 1626 1678 1662 vanitate:
1702 1624 1797 1673 quia
1815 1624 1963 1661 falsitas
1984 1623 2189 1661 confundit
2208 1634 2366 1660 eausam
2417 1636 2419 1638 ·

1332 1687 1500 1736 loquelae
1534 1687 1764 1734 formalem3
1804 1686 1989 1734 iniquitas
2027 1687 2159 1722 autem
2187 1685 2366 1722 materia-

1333 1749 1411 1787 lem
1421 1762 1433 1796 3
1469 1750 1621 1786 vanitas
1650 1760 1746 1786 vero
1776 1748 1952 1786 finalem.
1981 1750 2032 1784 De
2057 1747 2187 1795 primo
2204 1747 2243 1784 ⁷:
2270 1758 2288 1781 «
2315 1747 2366 1782 De

1333 1811 1542 1848 mendacio
1576 1810 1849 1848 ineruditionis
1882 1813 1955 1847 tuoe
1988 1809 2242 1846 confundere.
2274 1821 2291 1843 1>
2317 1810 2366 1844 De

1334 1873 1523 1919 secundo,
1547 1873 1614 1909 ubi
1637 1872 1818 1909 scribitur
1839 1871 1887 1908 de
1910 1871 2141 1908 Israelitis82
2165 1882 2182 1903 «
2200 1868 2367 1907 Confun-

1334 1935 1477 1972 dentur
1498 1935 1548 1971 ab
1567 1934 1838 1983 iniquitatibus
1852 1933 1946 1970 suis.
1961 1946 1978 1967 »
1998 1935 2048 1969 De
2063 1931 2174 1969 tertio
2187 1932 2221 1968 ⁹:
2240 1933 2368 1968 «Con-

1333 1995 1547 2034 fundentur
1575 1996 1625 2033 ab
1654 1996 1793 2042 idolis,
1824 1996 1970 2044 quibus
1990 1994 2320 2032 sacrificaverunt.
2345 2007 2363 2027 »

1337 2059 1440 2104 Quid
1477 2061 1537 2095 est
1573 2058 1749 2104 idolum,
1786 2057 1861 2094 nisi
1897 2067 2046 2094 vanum
2077 2058 2115 2093 et
2149 2055 2365 2093 frivolum?

1335 2120 1453 2158 Idolis
1485 2131 1579 2168 ergo
1612 2120 1855 2167 sacrificant,
1889 2120 1958 2168 qui
1994 2118 2139 2156 vitulos
2169 2117 2366 2155 libiorum

1333 2183 1484 2220 frivolis
1507 2183 1702 2224 dedicant.

1770 2283 1939 2324 Epilogus.

1383 2371 1442 2407 Ait
1464 2380 1559 2417 ergo
1577 2368 1790 2415 psalmista,
1805 2370 1995 2416 tanquam
2011 2376 2181 2415 persona
2195 2366 2248 2403 ad
2262 2377 2369 2403 amo-

1335 2444 1419 2470 rem
1453 2442 1617 2470 accensa
1647 2442 1720 2480 pro
1749 2430 1816 2468 tali
1850 2429 1977 2477 gratia
2010 2428 2139 2466 eidem
2164 2429 2366 2476 impensa:

1335 2496 1382 2530 Et
1408 2495 1577 2541 loquebar
1598 2494 1640 2530 de
1660 2495 1872 2530 testimoniis
1899 2493 1991 2537 tuis,
2019 2493 2211 2539 quantum
2231 2490 2284 2527 ad
2307 2491 2368 2527 lo-

1337 2557 1503 2594 cutionis
1528 2555 1758 2604 puritatem,
1788 2565 1878 2603 quae
1900 2553 2024 2601 tangit
2056 2563 2216 2590 causam
2246 2555 2370 2589 mate-

1335 2619 1494 2665 rialem3
1528 2620 1571 2654 1η
1600 2621 1804 2665 conspectu,
1832 2618 2024 2665 quantum
2055 2615 2107 2653 ad
2134 2615 2368 2662 claritatem,

1337 2693 1424 2729 quae
1445 2680 1635 2728 conspicit
1655 2690 1814 2717 causam
1834 2678 2061 2724 formalcm3
2078 2680 2228 2724 Regum,
2246 2688 2368 2725 quan-

1336 2746 1421 2779 tum
1447 2742 1498 2779 ad
1523 2741 1805 2786 maturitatem,
1836 2751 1923 2788 quae
1953 2739 2054 2787 sapit
2082 2749 2242 2775 causam
2268 2738 2367 2774 fina-

1337 2805 1438 2849 lem3
1466 2807 1510 2840 Ει
1535 2814 1605 2839 non
1625 2803 1879 2847 confundebar,
1901 2803 2093 2849 quantum
2115 2800 2165 2837 ad
2185 2799 2367 2837 securita-

1338 2868 1436 2911 tem,
1458 2876 1545 2913 quae
1564 2864 1716 2901 redolet
1733 2874 1891 2900 causam
1910 2862 2154 2899 efficientem.

1695 3010 1916 3038 VERSICULUS
1943 3010 2002 3036 XV.

1387 3119 1445 3152 47.
1459 3117 1503 3151 Ec
1517 3115 1732 3160 meditabar,
1749 3115 1821 3149 ete.
1833 3112 2038 3159 propalata
2051 3114 2140 3149 suut
2154 3112 2234 3150 duo
2249 3112 2369 3150 bene-

1340 3178 1430 3215 ficia
1449 3177 1500 3213 ad
1517 3187 1694 3213 amorem
1717 3175 1895 3212 divinum
1921 3174 2218 3222 promoventia,
2237 3184 2371 3221 perso-

1341 3241 1441 3277 nalis
1461 3239 1605 3276 seilicet
1624 3237 1861 3282 reverentia,
1884 3239 2001 3284 atque
2020 3236 2193 3273 verbalis
2211 3236 2368 3281 elegan-

1342 3303 1407 3339 tia.
1432 3302 1612 3349 Sequitui·
1641 3300 1820 3345 tertium,
1842 3299 1953 3347 quod
1980 3301 2036 3335 est
2060 3297 2241 3335 mentalis
2266 3307 2371 3343 pers-

1341 3363 1505 3412 picacia,
1539 3373 1621 3399 non
1654 3361 1778 3398 indita
1805 3361 1953 3406 menti,
1987 3360 2056 3396 sed
2089 3357 2368 3406 superaddita,

1343 3436 1424 3462 non
1455 3424 1645 3472 aequisita
1663 3452 1675 3469 ,
1702 3434 1784 3459 non
1816 3422 1930 3458 insita
1950 3447 1962 3465 ,
1992 3420 2061 3456 sed
2092 3419 2220 3455 infusa
2244 3430 2252 3454 z
2273 3419 2373 3456 sieut

1345 3510 1355 3527 ‘³
1379 3509 1488 3546 Ρι·ου.,
1509 3517 1590 3548 xxv,
1609 3509 1639 3538 6.
1658 3523 1700 3530 -
1721 3505 1732 3527 ⁷
1758 3504 1874 3540 Eccli„
1898 3510 1942 3543 ιν,
1964 3504 2014 3534 30.
2036 3520 2066 3526 -
2089 3502 2103 3524 ⁸
2119 3502 2252 3542 Ezeclt.,
2271 3509 2371 3542 xLln,

1346 3557 1396 3586 10.
1413 3571 1454 3578 —
1472 3555 1485 3576 ⁹
1500 3554 1578 3593 Isca,
1596 3562 1621 3594 1,
1639 3555 1689 3585 29.
