2633 3878
1143 169 1312 212 CAPUT
1346 172 1393 212 ll.

207 272 392 303 asserere
416 293 427 312 ,
458 260 530 302 sed
566 261 706 314 potius
738 260 971 300 infirmare.
1010 259 1237 312 Propterea

206 333 458 383 dicendum,
482 332 597 385 quod
616 334 680 372 est
708 330 825 383 loqui
858 330 909 371 de
934 330 1141 371 memoria
1169 342 1237 370 sa-

207 400 358 453 pientis
378 402 419 440 et
438 399 570 449 stulti,
593 400 667 438 aut
688 400 899 451 quantum
921 398 973 438 ad
992 397 1141 443 Deum,
1165 399 1238 437 aut

207 473 418 523 quantum
447 469 498 509 ad
522 469 717 510 homines
751 484 760 509 ε
792 470 827 508 si
857 468 1073 522 loquimur
1101 480 1236 520 quan-

207 542 300 580 tum
332 539 384 580 ad
417 539 548 579 Deum
571 571 582 589 ,
618 539 827 580 memoria
859 542 921 579 est
954 538 1104 591 utique
1136 537 1237 578 boni

207 609 431 662 sapientiS‚
453 609 527 661 qui
555 610 691 650 studet
722 610 940 662 sapientiae
972 609 1023 649 ad
1055 608 1237 660 gloriam

206 680 301 731 Dei3
325 680 395 721 sed
425 683 633 733 quantum
662 681 714 722 ad
744 681 964 732 homines,
991 684 1077 721 tam
1106 680 1238 721 malo-

206 763 329 801 rum,
363 763 493 804 quam
523 751 734 791 bonorum
766 751 918 791 transit
954 752 1159 792 memoria
1190 754 1239 791 ut

206 821 251 861 in
274 821 494 873 pluribus,
518 821 618 874 quia
649 821 844 862 homines
868 834 1002 875 pauca
1030 822 1235 863 recolunt.

208 890 251 931 Si
270 893 413 931 autem
432 891 482 932 de
504 892 616 932 malo
637 892 824 944 sapiente
838 924 848 942 ‚
865 896 905 932 et
925 905 1050 943 vano,
1071 904 1157 932 non
1178 894 1240 932 est

208 962 430 1012 memoria,
445 975 522 1004 nec
539 966 747 1016 quantum
768 964 821 1003 ad
841 963 990 1013 Deum,
1008 976 1086 1004 nec
1106 975 1239 1016 quan-

207 1035 300 1074 tum
321 1033 373 1074 ad
405 1033 625 1085 homines;
650 1035 737 1075 imo
757 1047 913 1076 nomen
944 1037 1037 1087 eJus
1057 1037 1236 1085 transit,

208 1106 257 1144 ut
275 1116 432 1145 nomen
453 1105 568 1145 stulti
589 1119 597 1144 :
619 1108 659 1145 et
678 1106 771 1146 ideo
792 1106 970 1146 stultum
987 1109 1049 1147 est
1065 1109 1238 1159 propter

209 1174 367 1215 famam
384 1175 570 1216 nominis
584 1176 628 1216 in
650 1176 857 1229 sapientia
876 1176 1083 1217 laborare.
1100 1177 1238 1217 Eccle-

211 1245 358 1286 siastes
394 1249 539 1287 autem
575 1246 764 1299 loquitur
793 1247 844 1287 de
880 1247 1065 1300 sapiente
1096 1259 1238 1299 vano,

210 1317 283 1368 qui
305 1316 476 1358 oculum
508 1317 636 1358 habet
668 1318 721 1358 ad
752 1320 944 1368 terrena3
979 1320 1020 1358 et
1050 1317 1240 1370 loquitur

209 1386 260 1427 de
281 1388 487 1428 memoria
506 1387 714 1439 humana,
733 1401 820 1429 non
839 1388 999 1429 divina.

263 1456 368 1497 Item
400 1458 610 1510 quaeritur
630 1459 680 1499 de
713 1458 816 1510 hoc,
848 1458 959 1511 quod
990 1458 1121 1499 dicit:
1150 1459 1237 1500 Tce-

209 1527 308 1569 duit
332 1539 394 1569 me
413 1530 514 1570 vitoe
537 1540 637 1572 mete
659 1530 873 1571 videntem
897 1529 1013 1571 mala
1035 1530 1239 1572 universa

207 1599 283 1640 sub
296 1599 396 1641 sole.
420 1599 571 1641 Contra
589 1605 600 1626 ¹
625 1614 633 1639 :
664 1616 683 1639 <‹
702 1600 813 1642 Vidit
832 1601 941 1641 Deus
970 1604 1119 1641 cuncta
1142 1613 1239 1653 quae

207 1670 379 1721 fecerat,
395 1673 436 1712 et
453 1675 571 1712 erant
588 1672 705 1714 valde
719 1672 851 1712 bona:
869 1686 887 1709 »
907 1683 1014 1723 ergo
1034 1683 1122 1711 non
1142 1674 1239 1712 sunt

208 1742 347 1791 mala,
380 1742 467 1783 imo
497 1743 578 1783 hoc
607 1746 668 1783 est
697 1742 962 1787 haereticum.
995 1742 1239 1794 Respondeo

209 1812 435 1854 dicendum
455 1845 468 1864 ,
504 1815 611 1854 sicut
638 1814 738 1855 dicit
767 1813 992 1866 Apostolus
1008 1845 1021 1863 ,
1056 1813 1169 1865 quod
1189 1814 1204 1835 ²
1226 1827 1235 1853 ε

216 1898 235 1922 ε(
253 1883 341 1924 Lex
367 1887 533 1936 sancta,
553 1887 594 1925 et
615 1885 862 1925 mandatum
893 1886 1085 1924 sanctum
1099 1898 1109 1933 ;
1129 1897 1148 1922 n
1174 1886 1236 1924 ta-

208 1967 306 1996 men
338 1968 414 2008 per
445 1957 707 1997 occasionem
740 1955 987 1995 mandatum
1019 1955 1124 2004 fuit,
1152 1966 1239 1995 non

206 2025 462 2067 habentibus
495 2027 700 2079 gratiam,
735 2025 1031 2074 mortiferum,
1060 2027 1101 2065 et
1134 2037 1238 2076 ope-

206 2099 348 2137 ratum
375 2100 438 2138 est
466 2100 647 2138 mortem
671 2111 680 2137 :
706 2097 815 2137 sicut
845 2099 1049 2136 creaturae
1077 2095 1205 2147 justis
1222 2126 1235 2145 ,

206 2169 247 2206 et
269 2166 403 2208 Deum
429 2168 729 2219 diligentibus,
752 2166 874 2207 valde
902 2170 1001 2206 sunt
1026 2166 1173 2215 bonae,
1197 2168 1238 2206 et

206 2241 486 2291 cooperantur
504 2239 547 2278 in
567 2239 729 2279 bonum
742 2270 754 2289 ,
777 2242 817 2279 et
837 2238 888 2278 de
908 2249 952 2278 se
972 2240 1071 2278 sunt
1090 2238 1233 2287 bonae;

207 2311 347 2349 tamen
376 2309 517 2362 impiis
550 2310 840 2361 peccatoribus
872 2310 913 2348 et
942 2308 1237 2360 insipientibus

206 2380 351 2420 omnia
381 2382 692 2420 convertuntur
724 2380 769 2419 in
798 2379 910 2420 mala
942 2391 1018 2432 per
1051 2379 1236 2420 occasio-

206 2463 331 2501 nem3
355 2450 469 2491 unde
489 2451 502 2473 ³
524 2465 533 2490 z
561 2466 581 2489 «
601 2451 811 2492 Creaturae
840 2450 913 2490 Dei
941 2452 1041 2490 sunt
1069 2451 1112 2490 in
1138 2453 1236 2491 ten-

204 2522 408 2563 tationem
450 2524 490 2562 et
526 2521 570 2561 in
613 2521 894 2574 muscipulam
924 2521 1102 2574 pedibus
1131 2521 1232 2562 insi-

205 2593 413 2645 pientium
441 2608 451 2644 ;
481 2608 500 2631 ›)
527 2596 568 2634 et
586 2594 599 2615 ¹⁶
623 2608 632 2633 ε
667 2609 686 2632 (ι
718 2593 818 2634 Haec
845 2594 987 2634 omnia
1022 2594 1164 2646 impiis
1194 2597 1235 2634 et

205 2665 493 2717 peccatoribus
512 2665 558 2705 in
578 2665 690 2705 mala
709 2667 1031 2706 convertuntur.

259 2737 323 2776 18.
346 2737 510 2778 Rursus
526 2736 751 2778 detestatus
770 2746 880 2785 sum,
903 2738 982 2775 etc.
1000 2734 1237 2787 Redarguit

204 2817 334 2859 supra
353 2819 475 2847 suam
495 2806 784 2847 curiositatem
805 2806 914 2846 circa
926 2818 1053 2858 opera
1075 2805 1236 2858 sapien-

203 2876 302 2927 tiae;
334 2877 516 2918 secundo
542 2877 764 2929 redarguit
793 2885 912 2917 suam
947 2875 1234 2917 curiositatem

203 2946 313 2987 circa
323 2959 452 3000 opera
463 2948 664 2988 humanae
675 2947 894 2988 industriae
907 2946 959 2987 ad
973 2945 1233 2998 opulentiam

203 3017 421 3058 ordinatae.
444 3018 494 3058 Et
511 3018 593 3058 hoc
622 3018 794 3070 quidem
820 3017 918 3058 facit
946 3017 1028 3057 hoc
1052 3016 1199 3057 ordine
1220 3030 1230 3057 t

204 3087 348 3129 Primo
367 3100 488 3128 suam
518 3087 805 3128 curiositatem
824 3086 1046 3138 redarguit
1063 3089 1234 3140 propter

203 3158 305 3200 boni
335 3158 586 3199 successoris
606 3190 616 3209 ‚
648 3170 724 3199 seu
756 3158 938 3198 haeredis
969 3157 1232 3198 incertitudi-

203 3229 326 3279 dem;
350 3228 558 3279 secundo,
588 3229 761 3281 propter
791 3227 1048 3268 laboriosam
1076 3228 1230 3269 sollici-

204 3299 425 3351 tudinem3
454 3299 580 3340 tertio
599 3330 613 3350 ,
645 3299 746 3340 huic
777 3299 947 3352 praefert
978 3300 1231 3351 praesentem

248 3407 255 3425 ¹
277 3406 372 3447 Gen„
391 3414 415 3448 1,
436 3409 488 3440 31.
508 3425 549 3432 —
567 3407 581 3429 ²
600 3408 705 3448 Rom„
726 3414 786 3448 vn,
811 3408 860 3439 12.
881 3424 922 3431 -
941 3406 952 3425 ³
972 3406 1066 3448 Sap„
1086 3413 1158 3446 xlv,
1180 3409 1231 3440 11.

204 3470 240 3478 -
274 3456 287 3477 ⁴
318 3456 437 3496 Ecclz'.,
472 3464 578 3488 xxxix
593 3480 602 3496 ,
640 3458 692 3488 32.
720 3473 761 3479 -
794 3454 810 3477 ὓ
841 3456 975 3497 Jerem.,
1010 3463 1069 3496 vi,
1108 3458 1158 3488 ¹3.
1192 3472 1232 3479 —

2260 183 2338 221 605

1310 260 1594 312 voluptatem;
1632 264 1782 314 quarto
1797 295 1809 313 ,
1840 263 1976 316 ipsam
2012 267 2336 310 sollicitudinem

1310 330 1484 372 damnat
1503 344 1578 384 per
1587 332 1736 385 judicii
1751 334 1884 374 divini
1902 337 2161 388 aequitatem.
2181 339 2339 392 Arguit

1311 413 1415 452 ergo
1432 402 1570 454 primo
1585 414 1629 443 se
1649 403 1868 444 curiosum
1886 407 1995 447 circa
2014 410 2181 450 terrena
2200 411 2339 464 acqui-

1309 472 1460 523 renda,
1483 477 1654 527 propter
1673 474 1797 516 bonae
1818 476 1948 528 prolis
1968 477 2333 530 incertitudinem3

1310 542 1411 593 quia
1429 543 1517 594 ipse
1538 556 1625 584 non
1651 548 1813 597 poterat
1844 558 2011 599 semper
2039 550 2248 600 possidere
2264 583 2275 601 ,
2299 554 2340 591 et

1310 612 1485 653 timebat
1499 614 1693 655 inutilem
1710 628 1993 658 successorem
2011 617 2167 660 habere
2184 634 2194 669 ;
2217 632 2340 673 prop·

1310 683 1426 722 terea
1449 682 1549 723 dicit
1570 698 1579 723 :
1605 686 1769 727 Rursus
1799 686 2033 730 detestatus
2056 699 2151 730 sum
2177 700 2341 732 omnem

1312 752 1579 795 industriam
1614 765 1771 806 meam,
1806 756 1847 798 id
1879 761 1963 809 est,
1998 760 2211 801 curiosam
2244 761 2338 802 dili-

1311 823 1525 876 gentiam,
1547 835 1633 877 qua
1650 826 1726 867 sub
1745 827 1828 869 sole
1845 829 2162 873 studiosissime
2182 832 2341 875 labora-

1311 895 1371 944 vi,
1385 894 1437 935 ad
1451 895 1543 936 haee
1558 896 1715 937 scilicet
1730 897 1842 938 bona
1855 900 2067 950 augenda.
2084 901 2124 939 ⁵«
2138 901 2174 941 A
2186 902 2340 942 minori

1311 976 1447 1017 usque
1466 966 1519 1007 ad
1533 968 1740 1019 majorem
1756 980 1902 1010 omnes
1917 971 2106 1012 avaritiae
2118 972 2307 1022 student;
2318 987 2336 1009 n

1311 1039 1352 1076 et
1383 1038 1490 1078 ratio
1522 1039 1810 1080 detestationis
1849 1042 2028 1083 infertur
2062 1058 2070 1084 :
2106 1043 2344 1086 Habiturus

1310 1107 1513 1150 hoeredem
1544 1113 1642 1161 post
1679 1122 1764 1161 me,
1810 1113 1871 1162 (v.
1913 1114 1983 1164 19)
2020 1125 2140 1166 quem
2176 1116 2340 1168 iqnorm

1312 1182 1456 1220 utrum
1491 1181 1692 1233 sapiens,
1714 1193 1771 1224 an
1802 1183 1960 1226 stultus
1989 1186 2162 1236 tuturus
2181 1188 2254 1233 sit.
2277 1186 2343 1227 Ad

1311 1249 1518 1301 litteram,
1543 1250 1743 1293 Salomon
1771 1253 1920 1295 habuit
1944 1255 2132 1297 Roboam
2166 1257 2342 1298 stultum

1312 1320 1473 1371 filium,
1494 1322 1568 1374 qui
1585 1326 1755 1364 secutus
1771 1325 1996 1366 consilium
2013 1328 2227 1379 juvenum
2246 1328 2343 1369 fecit

1311 1390 1442 1432 dlvidi
1462 1404 1662 1444 regnum.
1683 1396 1745 1437 Et
1758 1394 2055 1439 dominabitur
2068 1399 2117 1439 in
2128 1398 2343 1440 laboribus

1311 1463 1429 1511 meis,
1448 1463 1604 1515 quibus
1623 1464 1851 1517 desudavi,
1872 1470 2081 1520 quantum
2101 1469 2152 1509 ad
2173 1482 2339 1522 corpuS,

1313 1536 1351 1574 et
1381 1532 1594 1576 sollicitus
1624 1535 1712 1585 fui,
1736 1539 1945 1588 quantum
1978 1539 2030 1579 ad
2063 1539 2265 1580 animam.
2288 1540 2344 1580 De

1311 1602 1393 1643 hoc
1412 1603 1565 1644 sudore
1582 1606 1595 1627 ⁶
1620 1620 1627 1644 :
1660 1621 1679 1644 «
1698 1605 1747 1646 In
1775 1607 1928 1648 sudore
1946 1608 2090 1649 vultus
2109 1610 2171 1650 tui
2198 1622 2344 1651 vesce-

1311 1672 1371 1712 ris
1400 1685 1509 1726 pane
1541 1677 1631 1715 tuo.
1660 1690 1679 1713 >³
1705 1675 1762 1716 De
1796 1677 2075 1719 sollicitudine
2094 1684 2108 1705 ⁷
2131 1692 2142 1719 :
2169 1696 2188 1719 c<
2210 1680 2344 1721 Nolite

1312 1743 1476 1784 solliciti
1497 1757 1589 1786 esse
1608 1747 1764 1788 animae
1783 1751 1935 1789 vestrae
1949 1781 1963 1800 ,
1985 1750 2085 1802 quid
2115 1751 2344 1792 manduce-

1311 1813 1386 1864 tis,
1409 1816 1483 1854 aut
1514 1817 1681 1868 corpori
1701 1820 1865 1869 vestro,
1897 1819 1999 1871 quid
2028 1820 2267 1861 induamini
2286 1836 2295 1871 ;
2317 1836 2338 1860 ›>

1311 1886 1353 1923 et
1373 1883 1477 1925 illud
1497 1888 1560 1926 est
1578 1886 1698 1927 valde
1721 1900 1880 1928 vanum
1897 1920 1908 1937 ‚
1929 1890 2041 1930 unde
2062 1891 2161 1931 dicit
2180 1906 2188 1932 :
2212 1892 2267 1934 Et
2281 1897 2343 1935 est

1311 1955 1548 2007 quidquam
1578 1961 1669 2000 tam
1688 1969 1849 2000 vanum
1862 1960 1884 2000 Ρ
1903 1961 2050 2014 supple
2065 1994 2075 2013 ,
2095 1962 2202 2003 sicut
2221 1963 2341 2004 labo-

1311 2037 1404 2066 rare
1426 2026 1600 2068 sollicite
1614 2041 1690 2081 pro
1711 2030 1839 2071 stulto
1857 2032 2044 2082 curioso;
2062 2034 2185 2083 quasi
2203 2034 2339 2075 dicat:

1310 2094 1418 2136 Non.
1448 2095 1513 2136 Ex
1541 2097 1673 2150 hujus
1702 2099 1839 2150 igitur
1870 2102 2070 2142 vanitatis
2099 2105 2343 2145 considera-

1310 2165 1424 2206 tione
1435 2168 1616 2209 cessavit
1629 2181 1654 2209 a
1668 2170 1906 2212 curiositate
1921 2186 1929 2221 ;
1946 2173 2059 2213 unde
2076 2174 2174 2214 dicit
2188 2175 2242 2227 (v.
2259 2176 2339 2226 20):

1319 2236 1432 2278 Unde
1451 2238 1634 2289 cessavi,
1657 2241 2009 2293 renuntiavitque
2029 2252 2099 2284 cor
2118 2254 2255 2286 meum
2278 2246 2340 2288 la-

1312 2308 1456 2350 borare
1479 2308 1554 2350 sub
1573 2309 1680 2361 sole,
1701 2310 1743 2351 id
1762 2314 1843 2362 est,
1866 2324 1942 2364 pro
1962 2313 2084 2354 bonis
2103 2317 2344 2368 temporali-

1309 2379 1405 2419 bus.
1430 2379 1625 2430 Cessavi,
1650 2380 1694 2420 in
1711 2393 1862 2434 opere;
1887 2383 2250 2438 Renuntiavitque
2272 2398 2342 2429 cor

1309 2460 1446 2491 meum
1467 2481 1477 2501 ,
1514 2450 1560 2490 in
1596 2451 1828 2492 voluntate.
1864 2451 1945 2493 Sed
1979 2466 2138 2496 avarus
2170 2461 2342 2510 propter

1308 2519 1390 2559 hoc
1410 2532 1497 2560 non
1529 2523 1662 2561 cessat
1683 2524 1696 2546 ⁸
1720 2536 1729 2562 ε
1760 2537 1778 2558 «
1799 2521 1915 2563 Unus
1935 2527 2021 2575 est,
2044 2528 2085 2566 et
2105 2528 2339 2568 secundum

1309 2601 1395 2630 non
1411 2590 1560 2640 habet,
1592 2595 1631 2632 et
1652 2595 1791 2633 tamen
1814 2593 2006 2636 laborare
2026 2608 2111 2637 non
2132 2601 2265 2639 cessat
2281 2613 2291 2649 ;
2314 2613 2334 2637 ›³

1309 2662 1350 2700 et
1369 2662 1519 2713 repetit
1537 2661 1745 2704 rationem
1763 2695 1775 2713 ,
1797 2677 1929 2717 quare
1949 2667 2129 2708 cessavit
2156 2669 2211 2719 (v.
2233 2669 2296 2722 21)
2327 2684 2335 2710 :

1308 2730 1419 2771 Nam
1435 2741 1529 2772 cum
1547 2732 1661 2774 alius
1682 2733 1839 2776 laboret
1858 2736 1906 2777 in
1927 2737 2164 2790 sapientia,
2183 2739 2227 2779 in
2247 2751 2340 2780 cor-

1308 2800 1359 2840 de
1369 2814 1380 2850 3
1399 2805 1440 2843 et
1472 2802 1521 2843 in
1552 2802 1774 2855 doctrina,
1796 2804 1843 2845 in
1865 2817 1936 2846 ore
1962 2821 1971 2847 :
1996 2812 2034 2849 et
2055 2809 2102 2850 in
2125 2809 2337 2852 sollicitu-

1307 2871 1434 2923 dine,
1457 2873 1502 2912 in
1521 2885 1667 2926 opere;
1698 2875 1866 2918 homini
1896 2879 2027 2921 otioso
2056 2881 2240 2932 quoesita
2267 2880 2337 2922 di-

1307 2943 1455 2985 mittit.
1476 2943 1527 2984 Et
1559 2956 1613 2985 ex
1641 2945 1721 2986 hoc
1754 2947 1964 2988 concludit
1996 2950 2228 2990 vanitatem
2250 2965 2261 2990 .·
2283 2951 2338 2993 Et

1307 3013 1381 3055 hoc
1396 3023 1489 3066 erqo
1507 3015 1683 3058 vanitas
1697 3020 1738 3059 et
1750 3028 1952 3071 maynum
1964 3019 2123 3061 malum
2136 3035 2151 3061 .·
2164 3022 2337 3064 vanitas

1307 3084 1503 3136 quidem,
1526 3085 1628 3138 quia
1646 3087 1803 3129 divitiae
1835 3089 2136 3142 relinquuntur
2167 3091 2333 3132 homini

1305 3155 1448 3196 inutili
1465 3170 1475 3206 ;
1499 3156 1571 3197 sed
1603 3168 1805 3210 maynum
1835 3160 1993 3201 malum
2007 3193 2018 3212 ,
2039 3161 2153 3203 unde
2172 3162 2300 3215 Hugo
2322 3174 2332 3203 ε

1312 3227 1560 3280 «Magnum
1580 3228 1742 3269 malum
1763 3232 1847 3282 est,
1873 3233 1922 3271 ut
1948 3232 2060 3274 unde
2089 3245 2201 3274 unus
2229 3236 2333 3276 atte-

1306 3298 1417 3338 ritur
1429 3297 1589 3348 labore,
1606 3298 1712 3340 alter
1725 3300 1856 3342 otiose
1868 3303 1909 3342 et
1923 3301 2066 3344 illicite
2079 3304 2294 3349 abutatur.
2307 3321 2326 3345 n

1306 3406 1318 3425 ‘³
1345 3405 1439 3485 (ἔξω,
1471 3411 1531 3446 111,
1565 3406 1615 3437 19.
1645 3422 1685 3429 —
1719 3406 1729 3425 ⁷
1762 3406 1897 3450 Matisa„
1928 3416 1982 3450 vi,
2010 3411 2063 3442 25.
2099 3429 2138 3434 —
2171 3412 2183 3430 ⁸
2214 3411 2335 3453 Eccle„

1307 3461 1355 3494 ιν,
1399 3477 1406 3485 .
