<?xml version="1.0" encoding="UTF-8"?>
<!DOCTYPE html PUBLIC "-//W3C//DTD XHTML 1.0 Transitional//EN"
    "http://www.w3.org/TR/xhtml1/DTD/xhtml1-transitional.dtd">
<html xmlns="http://www.w3.org/1999/xhtml" xml:lang="en" lang="en">
 <head>
  <title>
</title>
<meta http-equiv="Content-Type" content="text/html;charset=utf-8" />
  <meta name='ocr-system' content='tesseract 3.04.00' />
  <meta name='ocr-capabilities' content='ocr_page ocr_carea ocr_par ocr_line ocrx_word'/>
</head>
<body>
  <div class='ocr_page' id='page_1' title='image "./operaomniasixtiv09bonauoft_0452.png"; bbox 0 0 2633 3878; ppageno 0'>
   <div class='ocr_carea' id='block_1_1' title="bbox 270 333 347 371">
    <p class='ocr_par' dir='ltr' id='par_1_1' title="bbox 270 333 347 371">
     <span class='ocr_line' id='line_1_1' title="bbox 270 333 347 371; baseline -0.013 0"><span class='ocrx_word' id='word_1_1' title='bbox 270 333 347 371; x_wconf 69' lang='lat'><strong>420</strong></span> 
     </span>
    </p>
   </div>
   <div class='ocr_carea' id='block_1_2' title="bbox 692 448 866 490">
    <p class='ocr_par' dir='ltr' id='par_1_2' title="bbox 692 448 866 490">
     <span class='ocr_line' id='line_1_2' title="bbox 692 448 866 490; baseline -0.023 -8"><span class='ocrx_word' id='word_1_2' title='bbox 692 448 866 490; x_wconf 81' lang='lat' dir='ltr'><strong>Epilogus.</strong></span> 
     </span>
    </p>
   </div>
   <div class='ocr_carea' id='block_1_3' title="bbox 261 523 1292 1067">
    <p class='ocr_par' dir='ltr' id='par_1_3' title="bbox 261 523 1292 1067">
     <span class='ocr_line' id='line_1_3' title="bbox 312 523 1291 583; baseline -0.015 -8"><span class='ocrx_word' id='word_1_3' title='bbox 312 537 413 583; x_wconf 84' lang='lat' dir='ltr'>Quid</span> <span class='ocrx_word' id='word_1_4' title='bbox 433 546 525 583; x_wconf 88' lang='lat' dir='ltr'><strong>ergo</strong></span> <span class='ocrx_word' id='word_1_5' title='bbox 558 533 750 582; x_wconf 87' lang='lat' dir='ltr'><strong>propheta</strong></span> <span class='ocrx_word' id='word_1_6' title='bbox 781 531 992 574; x_wconf 80' lang='lat' dir='ltr'>desideret,</span> <span class='ocrx_word' id='word_1_7' title='bbox 1026 530 1062 564; x_wconf 90' lang='lat' dir='ltr'><strong>et</strong></span> <span class='ocrx_word' id='word_1_8' title='bbox 1090 523 1291 574; x_wconf 84' lang='lat' dir='ltr'><strong>quomodo</strong></span> 
     </span>
     <span class='ocr_line' id='line_1_4' title="bbox 266 588 1292 639; baseline -0.015 -3"><span class='ocrx_word' id='word_1_9' title='bbox 266 598 505 636; x_wconf 87' lang='lat' dir='ltr'><strong>desiderium</strong></span> <span class='ocrx_word' id='word_1_10' title='bbox 523 606 639 632; x_wconf 92' lang='lat' dir='ltr'><strong>suum</strong></span> <span class='ocrx_word' id='word_1_11' title='bbox 658 597 815 639; x_wconf 82' lang='lat' dir='ltr'><strong>reseret,</strong></span> <span class='ocrx_word' id='word_1_12' title='bbox 838 593 891 628; x_wconf 91' lang='lat' dir='ltr'><strong>sic</strong></span> <span class='ocrx_word' id='word_1_13' title='bbox 911 591 1093 638; x_wconf 88' lang='lat' dir='ltr'><strong>apparet:</strong></span> <span class='ocrx_word' id='word_1_14' title='bbox 1120 588 1292 623; x_wconf 76' lang='lat' dir='ltr'><strong>Timentes</strong></span> 
     </span>
     <span class='ocr_line' id='line_1_5' title="bbox 266 647 1290 707; baseline -0.016 -9"><span class='ocrx_word' id='word_1_15' title='bbox 266 665 318 707; x_wconf 83' lang='lat' dir='ltr'><strong>te,</strong></span> <span class='ocrx_word' id='word_1_16' title='bbox 352 659 497 697; x_wconf 87' lang='lat' dir='ltr'><strong>scilicet</strong></span> <span class='ocrx_word' id='word_1_17' title='bbox 526 657 752 701; x_wconf 81' lang='lat' dir='ltr'><strong>deformati,</strong></span> <span class='ocrx_word' id='word_1_18' title='bbox 776 664 947 703; x_wconf 87' lang='lat' dir='ltr'><strong>quorum</strong></span> <span class='ocrx_word' id='word_1_19' title='bbox 967 654 1022 688; x_wconf 82' lang='lat' dir='ltr'><strong>est</strong></span> <span class='ocrx_word' id='word_1_20' title='bbox 1041 653 1163 687; x_wconf 91' lang='lat' dir='ltr'><strong>Deum</strong></span> <span class='ocrx_word' id='word_1_21' title='bbox 1184 647 1290 695; x_wconf 85' lang='lat' dir='ltr'><strong>judi-</strong></span> 
     </span>
     <span class='ocr_line' id='line_1_6' title="bbox 264 713 1289 766; baseline -0.015 -6"><span class='ocrx_word' id='word_1_22' title='bbox 264 726 418 760; x_wconf 80' lang='lat' dir='ltr'><strong>cantem</strong></span> <span class='ocrx_word' id='word_1_23' title='bbox 436 721 597 765; x_wconf 84' lang='lat' dir='ltr'><strong>timere3</strong></span> <span class='ocrx_word' id='word_1_24' title='bbox 620 722 665 756; x_wconf 81' lang='lat' dir='ltr'><strong>Et</strong></span> <span class='ocrx_word' id='word_1_25' title='bbox 694 720 755 766; x_wconf 68' lang='lat' dir='ltr'><strong>qut·</strong></span> <span class='ocrx_word' id='word_1_26' title='bbox 779 719 951 753; x_wconf 77' lang='lat' dir='ltr'><strong>noverunt</strong></span> <span class='ocrx_word' id='word_1_27' title='bbox 973 713 1176 750; x_wconf 73' lang='lat' dir='ltr'><strong>testimonia</strong></span> <span class='ocrx_word' id='word_1_28' title='bbox 1201 715 1263 746; x_wconf 78' lang='grc' dir='ltr'><strong>ἰιια</strong></span> <span class='ocrx_word' id='word_1_29' title='bbox 1278 737 1289 754; x_wconf 90' lang='grc'>,</span> 
     </span>
     <span class='ocr_line' id='line_1_7' title="bbox 263 772 1288 827; baseline -0.014 -6"><span class='ocrx_word' id='word_1_30' title='bbox 263 784 445 821; x_wconf 90' lang='lat' dir='ltr'><strong>videlicet</strong></span> <span class='ocrx_word' id='word_1_31' title='bbox 463 780 680 826; x_wconf 85' lang='lat' dir='ltr'><strong>informati,</strong></span> <span class='ocrx_word' id='word_1_32' title='bbox 705 789 877 827; x_wconf 88' lang='lat' dir='ltr'><strong>quorum</strong></span> <span class='ocrx_word' id='word_1_33' title='bbox 896 782 952 814; x_wconf 83' lang='lat' dir='ltr'><strong>est</strong></span> <span class='ocrx_word' id='word_1_34' title='bbox 972 786 1062 813; x_wconf 91' lang='lat' dir='ltr'><strong>eum</strong></span> <span class='ocrx_word' id='word_1_35' title='bbox 1082 772 1288 811; x_wconf 85' lang='lat' dir='ltr'><strong>testifican-</strong></span> 
     </span>
     <span class='ocr_line' id='line_1_8' title="bbox 263 833 1289 886; baseline -0.014 -4"><span class='ocrx_word' id='word_1_36' title='bbox 263 849 339 882; x_wconf 84' lang='lat' dir='ltr'><strong>tem</strong></span> <span class='ocrx_word' id='word_1_37' title='bbox 370 854 555 883; x_wconf 84' lang='lat' dir='ltr'><strong>noscere:</strong></span> <span class='ocrx_word' id='word_1_38' title='bbox 593 843 879 885; x_wconf 80' lang='lat' dir='ltr'><strong>convertantur,</strong></span> <span class='ocrx_word' id='word_1_39' title='bbox 922 837 1034 886; x_wconf 85' lang='lat' dir='ltr'>quasi</span> <span class='ocrx_word' id='word_1_40' title='bbox 1067 833 1289 877; x_wconf 83' lang='lat' dir='ltr'><strong>reformati,</strong></span> 
     </span>
     <span class='ocr_line' id='line_1_9' title="bbox 263 899 1287 953; baseline -0.014 -10"><span class='ocrx_word' id='word_1_41' title='bbox 263 917 434 953; x_wconf 89' lang='lat' dir='ltr'><strong>quorum</strong></span> <span class='ocrx_word' id='word_1_42' title='bbox 460 907 515 941; x_wconf 87' lang='lat' dir='ltr'><strong>est</strong></span> <span class='ocrx_word' id='word_1_43' title='bbox 536 903 587 940; x_wconf 88' lang='lat' dir='ltr'><strong>ad</strong></span> <span class='ocrx_word' id='word_1_44' title='bbox 608 903 738 950; x_wconf 88' lang='lat' dir='ltr'><strong>ipsum</strong></span> <span class='ocrx_word' id='word_1_45' title='bbox 759 903 959 938; x_wconf 83' lang='lat' dir='ltr'><strong>auctorem</strong></span> <span class='ocrx_word' id='word_1_46' title='bbox 979 909 1018 935; x_wconf 89' lang='lat' dir='ltr'><strong>se</strong></span> <span class='ocrx_word' id='word_1_47' title='bbox 1040 899 1287 938; x_wconf 81' lang='lat' dir='ltr'><strong>convertere3</strong></span> 
     </span>
     <span class='ocr_line' id='line_1_10' title="bbox 261 956 1288 1014; baseline -0.015 -9"><span class='ocrx_word' id='word_1_48' title='bbox 261 969 376 1013; x_wconf 72' lang='lat' dir='ltr'><strong>Mihi,</strong></span> <span class='ocrx_word' id='word_1_49' title='bbox 406 970 595 1014; x_wconf 84' lang='lat' dir='ltr'><strong>tanquam</strong></span> <span class='ocrx_word' id='word_1_50' title='bbox 627 963 879 1009; x_wconf 80' lang='lat' dir='ltr'><strong>conformati,</strong></span> <span class='ocrx_word' id='word_1_51' title='bbox 909 970 1082 1009; x_wconf 86' lang='lat' dir='ltr'><strong>quorum</strong></span> <span class='ocrx_word' id='word_1_52' title='bbox 1109 960 1164 993; x_wconf 86' lang='lat' dir='ltr'><strong>est</strong></span> <span class='ocrx_word' id='word_1_53' title='bbox 1189 956 1288 1001; x_wconf 78' lang='lat' dir='ltr'><strong>ejus-</strong></span> 
     </span>
     <span class='ocr_line' id='line_1_11' title="bbox 262 1027 756 1067; baseline -0.006 -1"><span class='ocrx_word' id='word_1_54' title='bbox 262 1028 353 1067; x_wconf 86' lang='lat' dir='ltr'><strong>dem</strong></span> <span class='ocrx_word' id='word_1_55' title='bbox 374 1028 530 1066; x_wconf 82' lang='lat' dir='ltr'><strong>famulis</strong></span> <span class='ocrx_word' id='word_1_56' title='bbox 550 1027 756 1064; x_wconf 75' lang='lat' dir='ltr'><strong>cohaerere.</strong></span> 
     </span>
    </p>
   </div>
   <div class='ocr_carea' id='block_1_4' title="bbox 616 1170 930 1200">
    <p class='ocr_par' dir='ltr' id='par_1_4' title="bbox 616 1170 930 1200">
     <span class='ocr_line' id='line_1_12' title="bbox 616 1170 930 1200; baseline -0.019 0"><span class='ocrx_word' id='word_1_57' title='bbox 616 1171 832 1200; x_wconf 77' lang='lat' dir='ltr'>VERSICULUS</span> <span class='ocrx_word' id='word_1_58' title='bbox 856 1170 930 1197; x_wconf 63' lang='lat' dir='ltr'><strong>xx&#39;l.</strong></span> 
     </span>
    </p>
   </div>
   <div class='ocr_carea' id='block_1_5' title="bbox 257 1266 1291 2190">
    <p class='ocr_par' dir='ltr' id='par_1_5' title="bbox 257 1266 1291 2190">
     <span class='ocr_line' id='line_1_13' title="bbox 308 1266 1289 1315; baseline -0.013 0"><span class='ocrx_word' id='word_1_59' title='bbox 308 1280 365 1315; x_wconf 85' lang='lat'><strong>80.</strong></span> <span class='ocrx_word' id='word_1_60' title='bbox 388 1279 468 1313; x_wconf 66' lang='lat' dir='ltr'><strong>Fiat</strong></span> <span class='ocrx_word' id='word_1_61' title='bbox 496 1287 553 1312; x_wconf 83' lang='lat' dir='ltr'><strong>cor</strong></span> <span class='ocrx_word' id='word_1_62' title='bbox 579 1285 691 1311; x_wconf 83' lang='lat' dir='ltr'><strong>meum</strong></span> <span class='ocrx_word' id='word_1_63' title='bbox 714 1273 1003 1315; x_wconf 80' lang='lat' dir='ltr'><strong>immaculatum,</strong></span> <span class='ocrx_word' id='word_1_64' title='bbox 1025 1270 1095 1305; x_wconf 88' lang='lat' dir='ltr'><strong>etc.</strong></span> <span class='ocrx_word' id='word_1_65' title='bbox 1118 1266 1289 1304; x_wconf 82' lang='lat' dir='ltr'>Charitas</span> 
     </span>
     <span class='ocr_line' id='line_1_14' title="bbox 262 1329 1287 1389; baseline -0.013 -12"><span class='ocrx_word' id='word_1_66' title='bbox 262 1350 429 1389; x_wconf 89' lang='lat' dir='ltr'><strong>operans</strong></span> <span class='ocrx_word' id='word_1_67' title='bbox 457 1336 685 1381; x_wconf 79' lang='lat' dir='ltr'><strong>antecessit,</strong></span> <span class='ocrx_word' id='word_1_68' title='bbox 715 1346 802 1382; x_wconf 84' lang='lat' dir='ltr'><strong>quae</strong></span> <span class='ocrx_word' id='word_1_69' title='bbox 828 1332 1032 1370; x_wconf 82' lang='lat' dir='ltr'><strong>dicebatur</strong></span> <span class='ocrx_word' id='word_1_70' title='bbox 1065 1329 1287 1375; x_wconf 72' lang='lat' dir='ltr'><strong>aeclifican53</strong></span> 
     </span>
     <span class='ocr_line' id='line_1_15' title="bbox 261 1392 1291 1449; baseline -0.013 -10"><span class='ocrx_word' id='word_1_71' title='bbox 261 1403 545 1449; x_wconf 90' lang='lat' dir='ltr'><strong>consequenter</strong></span> <span class='ocrx_word' id='word_1_72' title='bbox 564 1398 731 1436; x_wconf 82' lang='lat' dir='ltr'><strong>charitas</strong></span> <span class='ocrx_word' id='word_1_73' title='bbox 751 1395 1000 1433; x_wconf 82' lang='lat' dir='ltr'><strong>sabbatizans</strong></span> <span class='ocrx_word' id='word_1_74' title='bbox 1018 1392 1180 1437; x_wconf 85' lang='lat' dir='ltr'><strong>accedit,</strong></span> <span class='ocrx_word' id='word_1_75' title='bbox 1203 1401 1291 1438; x_wconf 78' lang='lat' dir='ltr'><strong>quae</strong></span> 
     </span>
     <span class='ocr_line' id='line_1_16' title="bbox 261 1454 1289 1501; baseline -0.013 0"><span class='ocrx_word' id='word_1_76' title='bbox 261 1464 401 1501; x_wconf 89' lang='lat' dir='ltr'><strong>dicitur</strong></span> <span class='ocrx_word' id='word_1_77' title='bbox 421 1461 679 1499; x_wconf 86' lang='lat' dir='ltr'><strong>sanctificans.</strong></span> <span class='ocrx_word' id='word_1_78' title='bbox 709 1461 783 1495; x_wconf 80' lang='lat' dir='ltr'><strong>Nec</strong></span> <span class='ocrx_word' id='word_1_79' title='bbox 804 1456 1037 1494; x_wconf 82' lang='lat' dir='ltr'><strong>inconcinne</strong></span> <span class='ocrx_word' id='word_1_80' title='bbox 1063 1454 1289 1491; x_wconf 87' lang='lat' dir='ltr'><strong>nominatur</strong></span> 
     </span>
     <span class='ocr_line' id='line_1_17' title="bbox 258 1514 1290 1570; baseline -0.014 -7"><span class='ocrx_word' id='word_1_81' title='bbox 258 1526 334 1563; x_wconf 89' lang='lat' dir='ltr'><strong>hoe</strong></span> <span class='ocrx_word' id='word_1_82' title='bbox 359 1525 545 1569; x_wconf 85' lang='lat' dir='ltr'><strong>nomine,</strong></span> <span class='ocrx_word' id='word_1_83' title='bbox 573 1521 763 1570; x_wconf 90' lang='lat' dir='ltr'><strong>quoniam</strong></span> <span class='ocrx_word' id='word_1_84' title='bbox 793 1519 943 1564; x_wconf 83' lang='lat' dir='ltr'><strong>anima,</strong></span> <span class='ocrx_word' id='word_1_85' title='bbox 974 1527 1095 1565; x_wconf 86' lang='lat' dir='ltr'><strong>quam</strong></span> <span class='ocrx_word' id='word_1_86' title='bbox 1124 1514 1290 1552; x_wconf 88' lang='lat' dir='ltr'><strong>charitas</strong></span> 
     </span>
     <span class='ocr_line' id='line_1_18' title="bbox 260 1579 1289 1632; baseline -0.011 -9"><span class='ocrx_word' id='word_1_87' title='bbox 260 1588 346 1624; x_wconf 90' lang='lat' dir='ltr'><strong>talis</strong></span> <span class='ocrx_word' id='word_1_88' title='bbox 364 1587 458 1632; x_wconf 89' lang='lat' dir='ltr'><strong>urit,</strong></span> <span class='ocrx_word' id='word_1_89' title='bbox 480 1595 634 1632; x_wconf 88' lang='lat' dir='ltr'><strong>semper</strong></span> <span class='ocrx_word' id='word_1_90' title='bbox 654 1582 886 1620; x_wconf 88' lang='lat' dir='ltr'><strong>sanctificari</strong></span> <span class='ocrx_word' id='word_1_91' title='bbox 912 1579 1051 1625; x_wconf 89' lang='lat' dir='ltr'><strong>esurit,</strong></span> <span class='ocrx_word' id='word_1_92' title='bbox 1083 1587 1289 1624; x_wconf 87' lang='lat' dir='ltr'><strong>nunquam</strong></span> 
     </span>
     <span class='ocr_line' id='line_1_19' title="bbox 260 1639 1288 1694; baseline -0.012 -8"><span class='ocrx_word' id='word_1_93' title='bbox 260 1649 335 1685; x_wconf 86' lang='lat' dir='ltr'><strong>sibi</strong></span> <span class='ocrx_word' id='word_1_94' title='bbox 353 1651 498 1694; x_wconf 86' lang='lat' dir='ltr'><strong>sancta,</strong></span> <span class='ocrx_word' id='word_1_95' title='bbox 520 1648 600 1683; x_wconf 75' lang='lat' dir='ltr'><strong>sive</strong></span> <span class='ocrx_word' id='word_1_96' title='bbox 621 1645 820 1682; x_wconf 87' lang='lat' dir='ltr'><strong>sanctifica</strong></span> <span class='ocrx_word' id='word_1_97' title='bbox 838 1643 1013 1687; x_wconf 71' lang='lat' dir='ltr'><strong>videtur,</strong></span> <span class='ocrx_word' id='word_1_98' title='bbox 1035 1641 1115 1677; x_wconf 92' lang='lat' dir='ltr'><strong>imo</strong></span> <span class='ocrx_word' id='word_1_99' title='bbox 1137 1650 1208 1676; x_wconf 89' lang='lat' dir='ltr'><strong>sua</strong></span> <span class='ocrx_word' id='word_1_100' title='bbox 1228 1639 1288 1675; x_wconf 89' lang='lat' dir='ltr'><strong>in—</strong></span> 
     </span>
     <span class='ocr_line' id='line_1_20' title="bbox 260 1702 1289 1754; baseline -0.012 -6"><span class='ocrx_word' id='word_1_101' title='bbox 260 1711 404 1748; x_wconf 87' lang='lat' dir='ltr'><strong>teriora</strong></span> <span class='ocrx_word' id='word_1_102' title='bbox 423 1711 589 1754; x_wconf 80' lang='lat' dir='ltr'><strong>intuenS,</strong></span> <span class='ocrx_word' id='word_1_103' title='bbox 610 1719 700 1744; x_wconf 84' lang='lat' dir='ltr'><strong>suas</strong></span> <span class='ocrx_word' id='word_1_104' title='bbox 716 1707 878 1743; x_wconf 84' lang='lat' dir='ltr'><strong>virtutes</strong></span> <span class='ocrx_word' id='word_1_105' title='bbox 898 1707 1068 1748; x_wconf 87' lang='lat' dir='ltr'><strong>veretur,</strong></span> <span class='ocrx_word' id='word_1_106' title='bbox 1089 1702 1181 1738; x_wconf 85' lang='lat' dir='ltr'><strong>inde</strong></span> <span class='ocrx_word' id='word_1_107' title='bbox 1200 1711 1289 1737; x_wconf 85' lang='lat' dir='ltr'><strong>con-</strong></span> 
     </span>
     <span class='ocr_line' id='line_1_21' title="bbox 260 1765 1289 1815; baseline -0.012 -5"><span class='ocrx_word' id='word_1_108' title='bbox 260 1773 371 1809; x_wconf 88' lang='lat' dir='ltr'><strong>fundi</strong></span> <span class='ocrx_word' id='word_1_109' title='bbox 409 1775 587 1808; x_wconf 84' lang='lat' dir='ltr'><strong>metuens</strong></span> <span class='ocrx_word' id='word_1_110' title='bbox 602 1799 612 1815; x_wconf 94' lang='lat'><strong>,</strong></span> <span class='ocrx_word' id='word_1_111' title='bbox 645 1769 751 1806; x_wconf 90' lang='lat' dir='ltr'><strong>unde</strong></span> <span class='ocrx_word' id='word_1_112' title='bbox 782 1767 938 1804; x_wconf 90' lang='lat' dir='ltr'><strong>laudari</strong></span> <span class='ocrx_word' id='word_1_113' title='bbox 974 1767 1156 1807; x_wconf 82' lang='lat' dir='ltr'><strong>meretur.</strong></span> <span class='ocrx_word' id='word_1_114' title='bbox 1197 1765 1289 1799; x_wconf 84' lang='lat' dir='ltr'><strong>Ecce</strong></span> 
     </span>
     <span class='ocr_line' id='line_1_22' title="bbox 261 1828 1289 1882; baseline -0.012 -10"><span class='ocrx_word' id='word_1_115' title='bbox 261 1837 430 1882; x_wconf 88' lang='lat' dir='ltr'><strong>quatuor</strong></span> <span class='ocrx_word' id='word_1_116' title='bbox 449 1832 645 1870; x_wconf 85' lang='lat' dir='ltr'><strong>charitatis</strong></span> <span class='ocrx_word' id='word_1_117' title='bbox 665 1829 944 1868; x_wconf 87' lang='lat' dir='ltr'><strong>sanctificantis</strong></span> <span class='ocrx_word' id='word_1_118' title='bbox 976 1828 1160 1870; x_wconf 77' lang='lat' dir='ltr'><strong>effeetus,</strong></span> <span class='ocrx_word' id='word_1_119' title='bbox 1190 1836 1289 1872; x_wconf 84' lang='lat' dir='ltr'><strong>quos</strong></span> 
     </span>
     <span class='ocr_line' id='line_1_23' title="bbox 259 1888 1288 1942; baseline -0.011 -9"><span class='ocrx_word' id='word_1_120' title='bbox 259 1897 375 1942; x_wconf 89' lang='lat' dir='ltr'><strong>hujus</strong></span> <span class='ocrx_word' id='word_1_121' title='bbox 408 1906 542 1932; x_wconf 80' lang='lat' dir='ltr'><strong>versus</strong></span> <span class='ocrx_word' id='word_1_122' title='bbox 575 1894 673 1930; x_wconf 79' lang='lat' dir='ltr'><strong>serie</strong></span> <span class='ocrx_word' id='word_1_123' title='bbox 707 1890 1005 1939; x_wconf 88' lang='lat' dir='ltr'><strong>comprehendit</strong></span> <span class='ocrx_word' id='word_1_124' title='bbox 1044 1888 1288 1933; x_wconf 79' lang='lat' dir='ltr'><strong>psalmogra—</strong></span> 
     </span>
     <span class='ocr_line' id='line_1_24' title="bbox 259 1950 1289 2006; baseline -0.011 -11"><span class='ocrx_word' id='word_1_125' title='bbox 259 1959 372 2006; x_wconf 87' lang='lat' dir='ltr'><strong>phus.</strong></span> <span class='ocrx_word' id='word_1_126' title='bbox 394 1957 538 2002; x_wconf 79' lang='lat' dir='ltr'><strong>Quaeris</strong></span> <span class='ocrx_word' id='word_1_127' title='bbox 553 1985 564 2002; x_wconf 91' lang='lat'><strong>,</strong></span> <span class='ocrx_word' id='word_1_128' title='bbox 588 1966 667 2003; x_wconf 88' lang='lat' dir='ltr'><strong>quo</strong></span> <span class='ocrx_word' id='word_1_129' title='bbox 688 1954 814 1991; x_wconf 91' lang='lat' dir='ltr'><strong>modo</strong></span> <span class='ocrx_word' id='word_1_130' title='bbox 831 1954 848 1988; x_wconf 63' lang='grc' dir='ltr'><strong>’ἲ</strong></span> <span class='ocrx_word' id='word_1_131' title='bbox 869 1950 1117 2000; x_wconf 89' lang='lat' dir='ltr'><strong>Speculando</strong></span> <span class='ocrx_word' id='word_1_132' title='bbox 1131 1979 1141 1996; x_wconf 92' lang='lat'>‚</span> <span class='ocrx_word' id='word_1_133' title='bbox 1172 1960 1289 1985; x_wconf 72' lang='lat' dir='ltr'><strong>mmu-</strong></span> 
     </span>
     <span class='ocr_line' id='line_1_25' title="bbox 258 2012 1289 2064; baseline -0.01 -7"><span class='ocrx_word' id='word_1_134' title='bbox 258 2020 405 2064; x_wconf 85' lang='lat' dir='ltr'><strong>lando,</strong></span> <span class='ocrx_word' id='word_1_135' title='bbox 439 2018 641 2063; x_wconf 84' lang='lat' dir='ltr'><strong>verendo,</strong></span> <span class='ocrx_word' id='word_1_136' title='bbox 675 2019 793 2064; x_wconf 89' lang='lat' dir='ltr'><strong>atque</strong></span> <span class='ocrx_word' id='word_1_137' title='bbox 826 2013 1030 2051; x_wconf 87' lang='lat' dir='ltr'><strong>merendo.</strong></span> <span class='ocrx_word' id='word_1_138' title='bbox 1062 2012 1289 2060; x_wconf 77' lang='lat' dir='ltr'><strong>speculatur</strong></span> 
     </span>
     <span class='ocr_line' id='line_1_26' title="bbox 258 2074 1287 2125; baseline -0.011 -6"><span class='ocrx_word' id='word_1_139' title='bbox 258 2082 363 2119; x_wconf 89' lang='lat' dir='ltr'><strong>enim</strong></span> <span class='ocrx_word' id='word_1_140' title='bbox 387 2081 666 2118; x_wconf 83' lang='lat' dir='ltr'><strong>conscientiam</strong></span> <span class='ocrx_word' id='word_1_141' title='bbox 679 2091 690 2125; x_wconf 92' lang='lat'>;</span> <span class='ocrx_word' id='word_1_142' title='bbox 711 2077 918 2115; x_wconf 64' lang='lat' dir='ltr'><strong>aemulatur</strong></span> <span class='ocrx_word' id='word_1_143' title='bbox 937 2074 1196 2118; x_wconf 81' lang='lat' dir='ltr'><strong>munditiam3</strong></span> <span class='ocrx_word' id='word_1_144' title='bbox 1218 2084 1287 2109; x_wconf 79' lang='lat' dir='ltr'><strong>ve-</strong></span> 
     </span>
     <span class='ocr_line' id='line_1_27' title="bbox 257 2137 1185 2190; baseline -0.01 -9"><span class='ocrx_word' id='word_1_145' title='bbox 257 2148 363 2181; x_wconf 85' lang='lat' dir='ltr'><strong>retur</strong></span> <span class='ocrx_word' id='word_1_146' title='bbox 378 2142 587 2190; x_wconf 88' lang='lat' dir='ltr'><strong>justitiam,</strong></span> <span class='ocrx_word' id='word_1_147' title='bbox 608 2152 657 2178; x_wconf 88' lang='lat' dir='ltr'><strong>ne</strong></span> <span class='ocrx_word' id='word_1_148' title='bbox 677 2142 872 2177; x_wconf 85' lang='lat' dir='ltr'><strong>mereatur</strong></span> <span class='ocrx_word' id='word_1_149' title='bbox 891 2137 1185 2175; x_wconf 78' lang='lat' dir='ltr'><strong>verecundiam.</strong></span> 
     </span>
    </p>
   </div>
   <div class='ocr_carea' id='block_1_6' title="bbox 595 2245 955 2290">
    <p class='ocr_par' dir='ltr' id='par_1_6' title="bbox 595 2245 955 2290">
     <span class='ocr_line' id='line_1_28' title="bbox 595 2245 955 2290; baseline -0.014 -8"><span class='ocrx_word' id='word_1_150' title='bbox 595 2246 777 2282; x_wconf 82' lang='lat' dir='ltr'><strong>Articulus</strong></span> <span class='ocrx_word' id='word_1_151' title='bbox 799 2245 955 2290; x_wconf 79' lang='lat' dir='ltr'><strong>primus.</strong></span> 
     </span>
    </p>
   </div>
   <div class='ocr_carea' id='block_1_7' title="bbox 260 2321 1289 3488">
    <p class='ocr_par' dir='ltr' id='par_1_7' title="bbox 260 2321 1289 3488">
     <span class='ocr_line' id='line_1_29' title="bbox 306 2321 1285 2376; baseline -0.014 -6"><span class='ocrx_word' id='word_1_152' title='bbox 306 2330 573 2376; x_wconf 84' lang='lat' dir='ltr'><strong>Conscientia,</strong></span> <span class='ocrx_word' id='word_1_153' title='bbox 608 2338 729 2376; x_wconf 84' lang='lat' dir='ltr'><strong>quam</strong></span> <span class='ocrx_word' id='word_1_154' title='bbox 765 2325 1011 2374; x_wconf 82' lang='lat' dir='ltr'><strong>speculatur,</strong></span> <span class='ocrx_word' id='word_1_155' title='bbox 1052 2321 1285 2365; x_wconf 74' lang='lat' dir='ltr'><strong>innotescit,</strong></span> 
     </span>
     <span class='ocr_line' id='line_1_30' title="bbox 261 2383 1287 2435; baseline -0.015 -3"><span class='ocrx_word' id='word_1_156' title='bbox 261 2406 350 2432; x_wconf 93' lang='lat' dir='ltr'><strong>cum</strong></span> <span class='ocrx_word' id='word_1_157' title='bbox 371 2394 461 2430; x_wconf 90' lang='lat' dir='ltr'><strong>dicit</strong></span> <span class='ocrx_word' id='word_1_158' title='bbox 478 2405 486 2428; x_wconf 89' lang='lat'>:</span> <span class='ocrx_word' id='word_1_159' title='bbox 509 2392 575 2428; x_wconf 79' lang='lat' dir='ltr'><strong>Cor</strong></span> <span class='ocrx_word' id='word_1_160' title='bbox 595 2401 727 2435; x_wconf 79' lang='lat' dir='ltr'><strong>meum,</strong></span> <span class='ocrx_word' id='word_1_161' title='bbox 749 2388 791 2424; x_wconf 91' lang='lat' dir='ltr'><strong>id</strong></span> <span class='ocrx_word' id='word_1_162' title='bbox 809 2390 884 2432; x_wconf 90' lang='lat' dir='ltr'><strong>est,</strong></span> <span class='ocrx_word' id='word_1_163' title='bbox 901 2385 1030 2422; x_wconf 85' lang='lat' dir='ltr'><strong>cordis</strong></span> <span class='ocrx_word' id='word_1_164' title='bbox 1046 2383 1287 2431; x_wconf 84' lang='lat' dir='ltr'><strong>praetorium,</strong></span> 
     </span>
     <span class='ocr_line' id='line_1_31' title="bbox 260 2444 1289 2493; baseline -0.014 0"><span class='ocrx_word' id='word_1_165' title='bbox 260 2467 328 2493; x_wconf 88' lang='lat' dir='ltr'><strong>seu</strong></span> <span class='ocrx_word' id='word_1_166' title='bbox 349 2454 594 2493; x_wconf 63' lang='lat' dir='ltr'><strong>conscientias</strong></span> <span class='ocrx_word' id='word_1_167' title='bbox 615 2450 903 2489; x_wconf 88' lang='lat' dir='ltr'><strong>consistorium.</strong></span> <span class='ocrx_word' id='word_1_168' title='bbox 924 2450 967 2485; x_wconf 91' lang='lat' dir='ltr'><strong>Et</strong></span> <span class='ocrx_word' id='word_1_169' title='bbox 984 2449 1096 2491; x_wconf 89' lang='lat' dir='ltr'><strong>nota,</strong></span> <span class='ocrx_word' id='word_1_170' title='bbox 1118 2444 1228 2493; x_wconf 87' lang='lat' dir='ltr'><strong>quod</strong></span> <span class='ocrx_word' id='word_1_171' title='bbox 1248 2444 1289 2479; x_wconf 87' lang='lat' dir='ltr'><strong>in</strong></span> 
     </span>
     <span class='ocr_line' id='line_1_32' title="bbox 261 2506 1289 2563; baseline -0.013 -8"><span class='ocrx_word' id='word_1_172' title='bbox 261 2519 379 2555; x_wconf 89' lang='lat' dir='ltr'><strong>corde</strong></span> <span class='ocrx_word' id='word_1_173' title='bbox 394 2546 406 2563; x_wconf 92' lang='lat'><strong>,</strong></span> <span class='ocrx_word' id='word_1_174' title='bbox 419 2517 483 2553; x_wconf 90' lang='lat' dir='ltr'><strong>vel</strong></span> <span class='ocrx_word' id='word_1_175' title='bbox 498 2513 754 2558; x_wconf 87' lang='lat' dir='ltr'><strong>conscientia,</strong></span> <span class='ocrx_word' id='word_1_176' title='bbox 765 2510 985 2558; x_wconf 76' lang='lat' dir='ltr'><strong>specialiter</strong></span> <span class='ocrx_word' id='word_1_177' title='bbox 1000 2506 1289 2545; x_wconf 88' lang='lat' dir='ltr'><strong>consideranda</strong></span> 
     </span>
     <span class='ocr_line' id='line_1_33' title="bbox 266 2575 1288 2624; baseline -0.013 -7"><span class='ocrx_word' id='word_1_178' title='bbox 266 2584 355 2617; x_wconf 81' lang='lat' dir='ltr'><strong>sunt</strong></span> <span class='ocrx_word' id='word_1_179' title='bbox 375 2580 460 2624; x_wconf 90' lang='lat' dir='ltr'><strong>tria,</strong></span> <span class='ocrx_word' id='word_1_180' title='bbox 475 2578 619 2614; x_wconf 72' lang='lat' dir='ltr'><strong>scilicet</strong></span> <span class='ocrx_word' id='word_1_181' title='bbox 635 2578 767 2612; x_wconf 90' lang='lat' dir='ltr'><strong>utrum</strong></span> <span class='ocrx_word' id='word_1_182' title='bbox 780 2583 963 2618; x_wconf 85' lang='lat' dir='ltr'><strong>moerens,</strong></span> <span class='ocrx_word' id='word_1_183' title='bbox 977 2575 1109 2608; x_wconf 90' lang='lat' dir='ltr'><strong>utrum</strong></span> <span class='ocrx_word' id='word_1_184' title='bbox 1124 2579 1288 2618; x_wconf 88' lang='lat' dir='ltr'><strong>pavens,</strong></span> 
     </span>
     <span class='ocr_line' id='line_1_34' title="bbox 261 2631 1288 2688; baseline -0.013 -8"><span class='ocrx_word' id='word_1_185' title='bbox 261 2646 393 2679; x_wconf 89' lang='lat' dir='ltr'><strong>utrum</strong></span> <span class='ocrx_word' id='word_1_186' title='bbox 417 2641 593 2688; x_wconf 83' lang='lat' dir='ltr'><strong>gaudens</strong></span> <span class='ocrx_word' id='word_1_187' title='bbox 616 2651 624 2675; x_wconf 89' lang='lat'>:</span> <span class='ocrx_word' id='word_1_188' title='bbox 646 2639 723 2675; x_wconf 90' lang='lat' dir='ltr'><strong>hoc</strong></span> <span class='ocrx_word' id='word_1_189' title='bbox 744 2640 818 2683; x_wconf 87' lang='lat' dir='ltr'><strong>cst,</strong></span> <span class='ocrx_word' id='word_1_190' title='bbox 850 2646 901 2672; x_wconf 90' lang='lat' dir='ltr'><strong>an</strong></span> <span class='ocrx_word' id='word_1_191' title='bbox 930 2636 1092 2672; x_wconf 80' lang='lat' dir='ltr'><strong>moereat</strong></span> <span class='ocrx_word' id='word_1_192' title='bbox 1118 2633 1166 2669; x_wconf 88' lang='lat' dir='ltr'><strong>de</strong></span> <span class='ocrx_word' id='word_1_193' title='bbox 1195 2631 1288 2669; x_wconf 84' lang='lat' dir='ltr'><strong>mali</strong></span> 
     </span>
     <span class='ocr_line' id='line_1_35' title="bbox 261 2694 1285 2749; baseline -0.012 -7"><span class='ocrx_word' id='word_1_194' title='bbox 261 2703 556 2749; x_wconf 78' lang='lat' dir='ltr'><strong>commissione3</strong></span> <span class='ocrx_word' id='word_1_195' title='bbox 591 2712 641 2738; x_wconf 90' lang='lat' dir='ltr'><strong>an</strong></span> <span class='ocrx_word' id='word_1_196' title='bbox 675 2701 817 2748; x_wconf 83' lang='lat' dir='ltr'><strong>paveat</strong></span> <span class='ocrx_word' id='word_1_197' title='bbox 843 2698 892 2734; x_wconf 87' lang='lat' dir='ltr'><strong>de</strong></span> <span class='ocrx_word' id='word_1_198' title='bbox 917 2696 1014 2734; x_wconf 88' lang='lat' dir='ltr'><strong>boni</strong></span> <span class='ocrx_word' id='word_1_199' title='bbox 1053 2694 1266 2732; x_wconf 89' lang='lat' dir='ltr'><strong>omissione</strong></span> <span class='ocrx_word' id='word_1_200' title='bbox 1274 2706 1285 2740; x_wconf 83' lang='lat'>3</span> 
     </span>
     <span class='ocr_line' id='line_1_36' title="bbox 262 2757 1288 2812; baseline -0.012 -9"><span class='ocrx_word' id='word_1_201' title='bbox 262 2777 312 2803; x_wconf 89' lang='lat' dir='ltr'><strong>an</strong></span> <span class='ocrx_word' id='word_1_202' title='bbox 332 2766 500 2812; x_wconf 83' lang='lat' dir='ltr'><strong>gaudeat</strong></span> <span class='ocrx_word' id='word_1_203' title='bbox 520 2763 568 2800; x_wconf 90' lang='lat' dir='ltr'><strong>de</strong></span> <span class='ocrx_word' id='word_1_204' title='bbox 590 2762 683 2799; x_wconf 84' lang='lat' dir='ltr'><strong>mali</strong></span> <span class='ocrx_word' id='word_1_205' title='bbox 704 2759 933 2797; x_wconf 78' lang='lat' dir='ltr'><strong>remissione</strong></span> <span class='ocrx_word' id='word_1_206' title='bbox 946 2787 958 2804; x_wconf 86' lang='lat'><strong>,</strong></span> <span class='ocrx_word' id='word_1_207' title='bbox 974 2769 1019 2794; x_wconf 88' lang='lat' dir='ltr'><strong>ac</strong></span> <span class='ocrx_word' id='word_1_208' title='bbox 1039 2757 1135 2794; x_wconf 89' lang='lat' dir='ltr'><strong>boni</strong></span> <span class='ocrx_word' id='word_1_209' title='bbox 1155 2766 1288 2804; x_wconf 89' lang='lat' dir='ltr'><strong>repro-</strong></span> 
     </span>
     <span class='ocr_line' id='line_1_37' title="bbox 261 2819 1288 2864; baseline -0.01 0"><span class='ocrx_word' id='word_1_210' title='bbox 261 2827 460 2864; x_wconf 86' lang='lat' dir='ltr'><strong>missione.</strong></span> <span class='ocrx_word' id='word_1_211' title='bbox 485 2828 534 2861; x_wconf 90' lang='lat' dir='ltr'><strong>De</strong></span> <span class='ocrx_word' id='word_1_212' title='bbox 556 2824 675 2861; x_wconf 89' lang='lat' dir='ltr'><strong>corde</strong></span> <span class='ocrx_word' id='word_1_213' title='bbox 696 2825 883 2860; x_wconf 83' lang='lat' dir='ltr'><strong>moerente</strong></span> <span class='ocrx_word' id='word_1_214' title='bbox 912 2819 1093 2857; x_wconf 89' lang='lat' dir='ltr'><strong>scribitur</strong></span> <span class='ocrx_word' id='word_1_215' title='bbox 1113 2819 1122 2839; x_wconf 79' lang='lat'><em>¹</em></span> <span class='ocrx_word' id='word_1_216' title='bbox 1144 2830 1152 2854; x_wconf 73' lang='grc' dir='ltr'>ε</span> <span class='ocrx_word' id='word_1_217' title='bbox 1179 2830 1196 2852; x_wconf 76' lang='grc' dir='ltr'>α</span> <span class='ocrx_word' id='word_1_218' title='bbox 1217 2820 1288 2854; x_wconf 91' lang='lat' dir='ltr'><strong>Do-</strong></span> 
     </span>
     <span class='ocr_line' id='line_1_38' title="bbox 261 2884 1289 2933; baseline -0.012 -7"><span class='ocrx_word' id='word_1_219' title='bbox 261 2890 322 2926; x_wconf 88' lang='lat' dir='ltr'><strong>lor</strong></span> <span class='ocrx_word' id='word_1_220' title='bbox 339 2899 449 2925; x_wconf 88' lang='lat' dir='ltr'><strong>meus</strong></span> <span class='ocrx_word' id='word_1_221' title='bbox 469 2897 586 2933; x_wconf 88' lang='lat' dir='ltr'><strong>super</strong></span> <span class='ocrx_word' id='word_1_222' title='bbox 607 2885 801 2930; x_wconf 90' lang='lat' dir='ltr'><strong>dolorem,</strong></span> <span class='ocrx_word' id='word_1_223' title='bbox 821 2884 863 2919; x_wconf 92' lang='lat' dir='ltr'><strong>in</strong></span> <span class='ocrx_word' id='word_1_224' title='bbox 877 2893 940 2919; x_wconf 89' lang='lat' dir='ltr'><strong>me</strong></span> <span class='ocrx_word' id='word_1_225' title='bbox 963 2891 1030 2918; x_wconf 86' lang='lat' dir='ltr'><strong>eor</strong></span> <span class='ocrx_word' id='word_1_226' title='bbox 1046 2891 1180 2917; x_wconf 88' lang='lat' dir='ltr'><strong>meum</strong></span> <span class='ocrx_word' id='word_1_227' title='bbox 1195 2890 1289 2916; x_wconf 83' lang='lat' dir='ltr'><strong>mne-</strong></span> 
     </span>
     <span class='ocr_line' id='line_1_39' title="bbox 261 2944 1289 2994; baseline -0.01 -7"><span class='ocrx_word' id='word_1_228' title='bbox 261 2961 375 2994; x_wconf 86' lang='lat' dir='ltr'><strong>rens;</strong></span> <span class='ocrx_word' id='word_1_229' title='bbox 395 2963 412 2983; x_wconf 88' lang='lat'>»</span> <span class='ocrx_word' id='word_1_230' title='bbox 437 2949 520 2985; x_wconf 68' lang='lat' dir='ltr'><strong>et&#39;:</strong></span> <span class='ocrx_word' id='word_1_231' title='bbox 541 2946 676 2984; x_wconf 81' lang='lat' dir='ltr'><strong>«Multi</strong></span> <span class='ocrx_word' id='word_1_232' title='bbox 698 2945 864 2992; x_wconf 82' lang='lat' dir='ltr'><strong>gemitus</strong></span> <span class='ocrx_word' id='word_1_233' title='bbox 884 2944 960 2980; x_wconf 89' lang='lat' dir='ltr'><strong>mei</strong></span> <span class='ocrx_word' id='word_1_234' title='bbox 974 2971 986 2988; x_wconf 91' lang='lat'><strong>,</strong></span> <span class='ocrx_word' id='word_1_235' title='bbox 1008 2946 1044 2979; x_wconf 88' lang='lat' dir='ltr'><strong>et</strong></span> <span class='ocrx_word' id='word_1_236' title='bbox 1070 2953 1136 2979; x_wconf 91' lang='lat' dir='ltr'><strong>cor</strong></span> <span class='ocrx_word' id='word_1_237' title='bbox 1155 2952 1289 2978; x_wconf 87' lang='lat' dir='ltr'><strong>meum</strong></span> 
     </span>
     <span class='ocr_line' id='line_1_40' title="bbox 260 3004 1286 3057; baseline -0.01 -8"><span class='ocrx_word' id='word_1_238' title='bbox 260 3022 427 3049; x_wconf 83' lang='lat' dir='ltr'><strong>moerens</strong></span> <span class='ocrx_word' id='word_1_239' title='bbox 447 3025 484 3047; x_wconf 85' lang='lat'><strong>:»</strong></span> <span class='ocrx_word' id='word_1_240' title='bbox 509 3008 621 3057; x_wconf 87' lang='lat' dir='ltr'><strong>quasi</strong></span> <span class='ocrx_word' id='word_1_241' title='bbox 635 3007 738 3043; x_wconf 87' lang='lat' dir='ltr'><strong>dicat</strong></span> <span class='ocrx_word' id='word_1_242' title='bbox 762 3018 770 3042; x_wconf 74' lang='grc' dir='ltr'>ε</span> <span class='ocrx_word' id='word_1_243' title='bbox 792 3005 920 3051; x_wconf 84' lang='lat' dir='ltr'><strong>Dolet,</strong></span> <span class='ocrx_word' id='word_1_244' title='bbox 941 3004 1060 3051; x_wconf 84' lang='lat' dir='ltr'><strong>gemit</strong></span> <span class='ocrx_word' id='word_1_245' title='bbox 1079 3005 1200 3040; x_wconf 89' lang='lat' dir='ltr'><strong>homo</strong></span> <span class='ocrx_word' id='word_1_246' title='bbox 1223 3014 1286 3039; x_wconf 78' lang='lat' dir='ltr'><strong>ex-</strong></span> 
     </span>
     <span class='ocr_line' id='line_1_41' title="bbox 261 3066 1288 3119; baseline -0.011 -7"><span class='ocrx_word' id='word_1_247' title='bbox 261 3074 394 3119; x_wconf 88' lang='lat' dir='ltr'><strong>terior,</strong></span> <span class='ocrx_word' id='word_1_248' title='bbox 425 3073 563 3109; x_wconf 87' lang='lat' dir='ltr'><strong>moeret</strong></span> <span class='ocrx_word' id='word_1_249' title='bbox 594 3070 714 3106; x_wconf 88' lang='lat' dir='ltr'><strong>homo</strong></span> <span class='ocrx_word' id='word_1_250' title='bbox 748 3068 929 3113; x_wconf 90' lang='lat' dir='ltr'><strong>interior,</strong></span> <span class='ocrx_word' id='word_1_251' title='bbox 965 3069 1126 3114; x_wconf 87' lang='lat' dir='ltr'><strong>propter</strong></span> <span class='ocrx_word' id='word_1_252' title='bbox 1165 3066 1288 3113; x_wconf 83' lang='lat' dir='ltr'><strong>culpae</strong></span> 
     </span>
     <span class='ocr_line' id='line_1_42' title="bbox 263 3128 1288 3182; baseline -0.011 -9"><span class='ocrx_word' id='word_1_253' title='bbox 263 3135 506 3182; x_wconf 84' lang='lat' dir='ltr'><strong>contagium,</strong></span> <span class='ocrx_word' id='word_1_254' title='bbox 523 3143 603 3181; x_wconf 87' lang='lat' dir='ltr'><strong>quo</strong></span> <span class='ocrx_word' id='word_1_255' title='bbox 625 3130 870 3168; x_wconf 89' lang='lat' dir='ltr'><strong>contaminor</strong></span> <span class='ocrx_word' id='word_1_256' title='bbox 878 3142 889 3175; x_wconf 83' lang='lat'>3</span> <span class='ocrx_word' id='word_1_257' title='bbox 911 3131 1072 3175; x_wconf 85' lang='lat' dir='ltr'><strong>propter</strong></span> <span class='ocrx_word' id='word_1_258' title='bbox 1092 3128 1288 3164; x_wconf 86' lang='lat' dir='ltr'><strong>conscien-</strong></span> 
     </span>
     <span class='ocr_line' id='line_1_43' title="bbox 263 3189 1288 3241; baseline -0.011 -6"><span class='ocrx_word' id='word_1_259' title='bbox 263 3199 322 3236; x_wconf 78' lang='lat' dir='ltr'><strong>tiae</strong></span> <span class='ocrx_word' id='word_1_260' title='bbox 353 3196 589 3241; x_wconf 84' lang='lat' dir='ltr'><strong>cauterium,</strong></span> <span class='ocrx_word' id='word_1_261' title='bbox 623 3203 702 3241; x_wconf 78' lang='lat' dir='ltr'><strong>quo</strong></span> <span class='ocrx_word' id='word_1_262' title='bbox 736 3191 958 3237; x_wconf 86' lang='lat' dir='ltr'><strong>consignor.</strong></span> <span class='ocrx_word' id='word_1_263' title='bbox 982 3192 1032 3226; x_wconf 92' lang='lat' dir='ltr'><strong>De</strong></span> <span class='ocrx_word' id='word_1_264' title='bbox 1069 3189 1188 3226; x_wconf 90' lang='lat' dir='ltr'><strong>corde</strong></span> <span class='ocrx_word' id='word_1_265' title='bbox 1219 3199 1288 3236; x_wconf 81' lang='lat' dir='ltr'><strong>pa-</strong></span> 
     </span>
     <span class='ocr_line' id='line_1_44' title="bbox 262 3251 1286 3305; baseline -0.008 -9"><span class='ocrx_word' id='word_1_266' title='bbox 262 3263 374 3296; x_wconf 86' lang='lat' dir='ltr'><strong>vente</strong></span> <span class='ocrx_word' id='word_1_267' title='bbox 392 3258 535 3305; x_wconf 85' lang='lat' dir='ltr'><strong>legitur</strong></span> <span class='ocrx_word' id='word_1_268' title='bbox 555 3258 568 3280; x_wconf 79' lang='lat'>³</span> <span class='ocrx_word' id='word_1_269' title='bbox 592 3268 600 3291; x_wconf 90' lang='lat'>:</span> <span class='ocrx_word' id='word_1_270' title='bbox 623 3269 641 3289; x_wconf 87' lang='lat'>«</span> <span class='ocrx_word' id='word_1_271' title='bbox 661 3255 749 3291; x_wconf 88' lang='lat' dir='ltr'><strong>Erat</strong></span> <span class='ocrx_word' id='word_1_272' title='bbox 767 3264 835 3290; x_wconf 91' lang='lat' dir='ltr'><strong>cor</strong></span> <span class='ocrx_word' id='word_1_273' title='bbox 855 3252 961 3299; x_wconf 87' lang='lat' dir='ltr'><strong>ejuS,</strong></span> <span class='ocrx_word' id='word_1_274' title='bbox 981 3265 998 3286; x_wconf 89' lang='lat'>»</span> <span class='ocrx_word' id='word_1_275' title='bbox 1023 3251 1167 3288; x_wconf 87' lang='lat' dir='ltr'><strong>scilicet</strong></span> <span class='ocrx_word' id='word_1_276' title='bbox 1186 3252 1286 3298; x_wconf 88' lang='lat' dir='ltr'><strong>Heli,</strong></span> 
     </span>
     <span class='ocr_line' id='line_1_45' title="bbox 266 3313 1288 3369; baseline -0.006 -14"><span class='ocrx_word' id='word_1_277' title='bbox 266 3331 447 3369; x_wconf 76' lang='lat' dir='ltr'><strong>«pavens</strong></span> <span class='ocrx_word' id='word_1_278' title='bbox 474 3329 548 3367; x_wconf 90' lang='lat' dir='ltr'><strong>pro</strong></span> <span class='ocrx_word' id='word_1_279' title='bbox 579 3327 669 3354; x_wconf 88' lang='lat' dir='ltr'><strong>arca</strong></span> <span class='ocrx_word' id='word_1_280' title='bbox 702 3314 902 3353; x_wconf 86' lang='lat' dir='ltr'><strong>Domini.»</strong></span> <span class='ocrx_word' id='word_1_281' title='bbox 925 3317 1023 3350; x_wconf 88' lang='lat' dir='ltr'><strong>Arca</strong></span> <span class='ocrx_word' id='word_1_282' title='bbox 1053 3313 1211 3349; x_wconf 80' lang='lat' dir='ltr'><strong>foederis</strong></span> <span class='ocrx_word' id='word_1_283' title='bbox 1232 3316 1288 3349; x_wconf 87' lang='lat' dir='ltr'><strong>est</strong></span> 
     </span>
     <span class='ocr_line' id='line_1_46' title="bbox 262 3375 1286 3429; baseline -0.01 -9"><span class='ocrx_word' id='word_1_284' title='bbox 262 3382 386 3429; x_wconf 86' lang='lat' dir='ltr'><strong>gratia</strong></span> <span class='ocrx_word' id='word_1_285' title='bbox 416 3379 626 3418; x_wconf 78' lang='lat' dir='ltr'><strong>Salvatoris</strong></span> <span class='ocrx_word' id='word_1_286' title='bbox 642 3407 653 3424; x_wconf 90' lang='lat'><strong>,</strong></span> <span class='ocrx_word' id='word_1_287' title='bbox 683 3389 771 3426; x_wconf 85' lang='lat' dir='ltr'><strong>quae</strong></span> <span class='ocrx_word' id='word_1_288' title='bbox 797 3378 972 3413; x_wconf 87' lang='lat' dir='ltr'><strong>servatur</strong></span> <span class='ocrx_word' id='word_1_289' title='bbox 995 3386 1065 3423; x_wconf 89' lang='lat' dir='ltr'><strong>per</strong></span> <span class='ocrx_word' id='word_1_290' title='bbox 1097 3375 1286 3412; x_wconf 88' lang='lat' dir='ltr'><strong>obedien—</strong></span> 
     </span>
     <span class='ocr_line' id='line_1_47' title="bbox 261 3438 1287 3488; baseline -0.009 -7"><span class='ocrx_word' id='word_1_291' title='bbox 261 3445 370 3488; x_wconf 85' lang='lat' dir='ltr'><strong>tiam,</strong></span> <span class='ocrx_word' id='word_1_292' title='bbox 390 3444 580 3480; x_wconf 84' lang='lat' dir='ltr'><strong>allevatur</strong></span> <span class='ocrx_word' id='word_1_293' title='bbox 598 3451 669 3488; x_wconf 92' lang='lat' dir='ltr'><strong>per</strong></span> <span class='ocrx_word' id='word_1_294' title='bbox 687 3438 1013 3483; x_wconf 86' lang='lat' dir='ltr'><strong>inobedientiam,</strong></span> <span class='ocrx_word' id='word_1_295' title='bbox 1035 3440 1287 3484; x_wconf 89' lang='lat' dir='ltr'><strong>recuperatur</strong></span> 
     </span>
    </p>
   </div>
   <div class='ocr_carea' id='block_1_8' title="bbox 263 3520 1285 3612">
    <p class='ocr_par' dir='ltr' id='par_1_8' title="bbox 263 3520 1285 3612">
     <span class='ocr_line' id='line_1_48' title="bbox 306 3520 1285 3564; baseline -0.009 -6"><span class='ocrx_word' id='word_1_296' title='bbox 306 3530 312 3546; x_wconf 85' lang='lat'><strong>¹</strong></span> <span class='ocrx_word' id='word_1_297' title='bbox 331 3527 465 3563; x_wconf 69' lang='lat' dir='ltr'><strong>,let-em,</strong></span> <span class='ocrx_word' id='word_1_298' title='bbox 486 3525 629 3564; x_wconf 69' lang='lat' dir='ltr'><strong>v11z,18.</strong></span> <span class='ocrx_word' id='word_1_299' title='bbox 649 3541 690 3546; x_wconf 96' lang='grc'><strong>-</strong></span> <span class='ocrx_word' id='word_1_300' title='bbox 711 3524 722 3541; x_wconf 77' lang='lat'><strong>²</strong></span> <span class='ocrx_word' id='word_1_301' title='bbox 745 3521 873 3560; x_wconf 62' lang='lat' dir='ltr'><strong>Thren„</strong></span> <span class='ocrx_word' id='word_1_302' title='bbox 898 3529 922 3560; x_wconf 85' lang='lat'><strong>1,</strong></span> <span class='ocrx_word' id='word_1_303' title='bbox 939 3522 990 3552; x_wconf 80' lang='lat'><strong>22.</strong></span> <span class='ocrx_word' id='word_1_304' title='bbox 1007 3538 1043 3543; x_wconf 94' lang='lat'>—</span> <span class='ocrx_word' id='word_1_305' title='bbox 1064 3520 1104 3550; x_wconf 87' lang='lat'><strong>³1</strong></span> <span class='ocrx_word' id='word_1_306' title='bbox 1127 3520 1216 3560; x_wconf 65' lang='grc' dir='ltr'><strong>Κεφ,</strong></span> <span class='ocrx_word' id='word_1_307' title='bbox 1240 3527 1285 3559; x_wconf 73' lang='grc' dir='ltr'><strong>ιν,</strong></span> 
     </span>
     <span class='ocr_line' id='line_1_49' title="bbox 263 3567 1283 3612; baseline -0.01 -5"><span class='ocrx_word' id='word_1_308' title='bbox 263 3578 313 3607; x_wconf 88' lang='grc'><strong>13.</strong></span> <span class='ocrx_word' id='word_1_309' title='bbox 336 3591 371 3597; x_wconf 88' lang='grc'>-</span> <span class='ocrx_word' id='word_1_310' title='bbox 396 3574 410 3595; x_wconf 73' lang='lat'><strong>¹*</strong></span> <span class='ocrx_word' id='word_1_311' title='bbox 432 3574 545 3612; x_wconf 81' lang='lat' dir='ltr'><strong>Prov.,</strong></span> <span class='ocrx_word' id='word_1_312' title='bbox 571 3579 625 3610; x_wconf 74' lang='lat' dir='ltr'><strong>xv,</strong></span> <span class='ocrx_word' id='word_1_313' title='bbox 654 3572 704 3603; x_wconf 76' lang='grc'><strong>13,</strong></span> <span class='ocrx_word' id='word_1_314' title='bbox 728 3587 767 3592; x_wconf 89' lang='grc'>-</span> <span class='ocrx_word' id='word_1_315' title='bbox 793 3569 803 3587; x_wconf 62' lang='lat'><strong>&#39;²</strong></span> <span class='ocrx_word' id='word_1_316' title='bbox 823 3568 958 3608; x_wconf 70' lang='lat' dir='ltr'><strong>Ephes„</strong></span> <span class='ocrx_word' id='word_1_317' title='bbox 986 3575 1016 3606; x_wconf 90' lang='lat'><strong>1,</strong></span> <span class='ocrx_word' id='word_1_318' title='bbox 1042 3570 1072 3598; x_wconf 76' lang='lat'><strong>4.</strong></span> <span class='ocrx_word' id='word_1_319' title='bbox 1103 3584 1136 3588; x_wconf 93' lang='lat'>-</span> <span class='ocrx_word' id='word_1_320' title='bbox 1166 3569 1177 3585; x_wconf 61' lang='grc' dir='ltr'>ὕ</span> <span class='ocrx_word' id='word_1_321' title='bbox 1196 3567 1283 3598; x_wconf 76' lang='lat' dir='ltr'><strong>Psal.</strong></span> 
     </span>
    </p>
   </div>
   <div class='ocr_carea' id='block_1_9' title="bbox 965 307 1703 356">
    <p class='ocr_par' dir='ltr' id='par_1_9' title="bbox 965 307 1703 356">
     <span class='ocr_line' id='line_1_50' title="bbox 965 307 1703 356; baseline -0.011 0"><span class='ocrx_word' id='word_1_322' title='bbox 965 315 1029 356; x_wconf 85' lang='lat' dir='ltr'><strong>EX</strong></span> <span class='ocrx_word' id='word_1_323' title='bbox 1039 310 1239 355; x_wconf 74' lang='lat' dir='ltr'><strong>PostTto</strong></span> <span class='ocrx_word' id='word_1_324' title='bbox 1272 309 1321 350; x_wconf 88' lang='grc' dir='ltr'><strong>ΙΝ</strong></span> <span class='ocrx_word' id='word_1_325' title='bbox 1355 307 1703 350; x_wconf 70' lang='lat' dir='ltr'><strong>PSALTERIUM.</strong></span> 
     </span>
    </p>
   </div>
   <div class='ocr_carea' id='block_1_10' title="bbox 1368 393 2395 692">
    <p class='ocr_par' dir='ltr' id='par_1_10' title="bbox 1368 393 2395 692">
     <span class='ocr_line' id='line_1_51' title="bbox 1368 393 2387 446; baseline 0 -11"><span class='ocrx_word' id='word_1_326' title='bbox 1368 409 1438 446; x_wconf 89' lang='lat' dir='ltr'><strong>per</strong></span> <span class='ocrx_word' id='word_1_327' title='bbox 1456 397 1737 446; x_wconf 68' lang='lat' dir='ltr'><strong>poenitentiam.</strong></span> <span class='ocrx_word' id='word_1_328' title='bbox 1755 397 1805 432; x_wconf 87' lang='lat' dir='ltr'><strong>De</strong></span> <span class='ocrx_word' id='word_1_329' title='bbox 1827 393 1946 431; x_wconf 85' lang='lat' dir='ltr'><strong>corde</strong></span> <span class='ocrx_word' id='word_1_330' title='bbox 1963 394 2158 441; x_wconf 87' lang='lat' dir='ltr'><strong>gaudente</strong></span> <span class='ocrx_word' id='word_1_331' title='bbox 2177 396 2342 435; x_wconf 86' lang='lat' dir='ltr'><strong>traditur</strong></span> <span class='ocrx_word' id='word_1_332' title='bbox 2354 400 2387 435; x_wconf 71' lang='lat'><strong>¹⁴:</strong></span> 
     </span>
     <span class='ocr_line' id='line_1_52' title="bbox 1372 455 2394 506; baseline 0.003 -13"><span class='ocrx_word' id='word_1_333' title='bbox 1372 472 1389 493; x_wconf 87' lang='lat'>«</span> <span class='ocrx_word' id='word_1_334' title='bbox 1409 461 1482 497; x_wconf 94' lang='lat' dir='ltr'><strong>Cor</strong></span> <span class='ocrx_word' id='word_1_335' title='bbox 1507 459 1683 506; x_wconf 83' lang='lat' dir='ltr'><strong>gaudens</strong></span> <span class='ocrx_word' id='word_1_336' title='bbox 1713 456 1903 494; x_wconf 79' lang='lat' dir='ltr'><strong>exhilarat</strong></span> <span class='ocrx_word' id='word_1_337' title='bbox 1933 455 2088 493; x_wconf 86' lang='lat' dir='ltr'><strong>faciem.</strong></span> <span class='ocrx_word' id='word_1_338' title='bbox 2107 470 2124 492; x_wconf 85' lang='lat'>»</span> <span class='ocrx_word' id='word_1_339' title='bbox 2156 457 2273 495; x_wconf 89' lang='lat' dir='ltr'><strong>Plane</strong></span> <span class='ocrx_word' id='word_1_340' title='bbox 2299 470 2394 505; x_wconf 84' lang='lat' dir='ltr'><strong>gau-</strong></span> 
     </span>
     <span class='ocr_line' id='line_1_53' title="bbox 1369 518 2393 566; baseline 0 -9"><span class='ocrx_word' id='word_1_341' title='bbox 1369 521 1480 558; x_wconf 91' lang='lat' dir='ltr'><strong>dium</strong></span> <span class='ocrx_word' id='word_1_342' title='bbox 1501 519 1745 557; x_wconf 74' lang='lat' dir='ltr'><strong>conscientiae</strong></span> <span class='ocrx_word' id='word_1_343' title='bbox 1764 529 1881 566; x_wconf 87' lang='lat' dir='ltr'><strong>super</strong></span> <span class='ocrx_word' id='word_1_344' title='bbox 1906 518 2211 566; x_wconf 86' lang='lat' dir='ltr'><strong>repromissione</strong></span> <span class='ocrx_word' id='word_1_345' title='bbox 2238 519 2393 557; x_wconf 90' lang='lat' dir='ltr'><strong>heredi-</strong></span> 
     </span>
     <span class='ocr_line' id='line_1_54' title="bbox 1368 579 2395 628; baseline -0.001 -9"><span class='ocrx_word' id='word_1_346' title='bbox 1368 583 1454 619; x_wconf 78' lang='lat' dir='ltr'><strong>tatis</strong></span> <span class='ocrx_word' id='word_1_347' title='bbox 1481 586 1656 627; x_wconf 62' lang='lat' dir='ltr'><strong>aeternae,</strong></span> <span class='ocrx_word' id='word_1_348' title='bbox 1684 591 1765 618; x_wconf 90' lang='lat' dir='ltr'><strong>non</strong></span> <span class='ocrx_word' id='word_1_349' title='bbox 1790 583 1916 628; x_wconf 83' lang='lat' dir='ltr'><strong>potest</strong></span> <span class='ocrx_word' id='word_1_350' title='bbox 1941 580 1994 616; x_wconf 90' lang='lat' dir='ltr'><strong>sic</strong></span> <span class='ocrx_word' id='word_1_351' title='bbox 2022 579 2140 616; x_wconf 85' lang='lat' dir='ltr'><strong>latere</strong></span> <span class='ocrx_word' id='word_1_352' title='bbox 2168 580 2329 619; x_wconf 89' lang='lat' dir='ltr'><strong>interius</strong></span> <span class='ocrx_word' id='word_1_353' title='bbox 2354 581 2395 618; x_wconf 90' lang='lat' dir='ltr'><strong>in</strong></span> 
     </span>
     <span class='ocr_line' id='line_1_55' title="bbox 1368 642 2234 692; baseline -0.002 -10"><span class='ocrx_word' id='word_1_354' title='bbox 1368 645 1507 682; x_wconf 76' lang='lat' dir='ltr'><strong>affeetu</strong></span> <span class='ocrx_word' id='word_1_355' title='bbox 1520 673 1530 691; x_wconf 93' lang='lat'><strong>,</strong></span> <span class='ocrx_word' id='word_1_356' title='bbox 1554 644 1650 692; x_wconf 87' lang='lat' dir='ltr'><strong>quin</strong></span> <span class='ocrx_word' id='word_1_357' title='bbox 1669 645 1800 690; x_wconf 90' lang='lat' dir='ltr'><strong>pateat</strong></span> <span class='ocrx_word' id='word_1_358' title='bbox 1819 642 1986 679; x_wconf 71' lang='lat' dir='ltr'><strong>exterius</strong></span> <span class='ocrx_word' id='word_1_359' title='bbox 2004 642 2044 678; x_wconf 90' lang='lat' dir='ltr'><strong>in</strong></span> <span class='ocrx_word' id='word_1_360' title='bbox 2064 644 2234 690; x_wconf 86' lang='lat' dir='ltr'><strong>aspectu.</strong></span> 
     </span>
    </p>
   </div>
   <div class='ocr_carea' id='block_1_11' title="bbox 1682 747 2079 784">
    <p class='ocr_par' dir='ltr' id='par_1_11' title="bbox 1682 747 2079 784">
     <span class='ocr_line' id='line_1_56' title="bbox 1682 747 2079 784; baseline 0 -2"><span class='ocrx_word' id='word_1_361' title='bbox 1682 747 1870 783; x_wconf 55' lang='lat' dir='ltr'><strong>Arta-ulus</strong></span> <span class='ocrx_word' id='word_1_362' title='bbox 1895 748 2079 784; x_wconf 73' lang='lat' dir='ltr'><strong>secundus.</strong></span> 
     </span>
    </p>
   </div>
   <div class='ocr_carea' id='block_1_12' title="bbox 1362 829 2397 2180">
    <p class='ocr_par' dir='ltr' id='par_1_12' title="bbox 1362 829 2397 2180">
     <span class='ocr_line' id='line_1_57' title="bbox 1413 829 2395 877; baseline 0.001 -11"><span class='ocrx_word' id='word_1_363' title='bbox 1413 829 1599 867; x_wconf 89' lang='lat' dir='ltr'><strong>Munditia</strong></span> <span class='ocrx_word' id='word_1_364' title='bbox 1617 857 1628 875; x_wconf 91' lang='lat'><strong>,</strong></span> <span class='ocrx_word' id='word_1_365' title='bbox 1663 840 1784 877; x_wconf 86' lang='lat' dir='ltr'><strong>quam</strong></span> <span class='ocrx_word' id='word_1_366' title='bbox 1810 829 2037 876; x_wconf 85' lang='lat' dir='ltr'><strong>aemulatur,</strong></span> <span class='ocrx_word' id='word_1_367' title='bbox 2067 829 2272 876; x_wconf 89' lang='lat' dir='ltr'><strong>elucescit,</strong></span> <span class='ocrx_word' id='word_1_368' title='bbox 2306 841 2395 867; x_wconf 90' lang='lat' dir='ltr'><strong>cum</strong></span> 
     </span>
     <span class='ocr_line' id='line_1_58' title="bbox 1366 891 2391 938; baseline 0.002 -11"><span class='ocrx_word' id='word_1_369' title='bbox 1366 891 1499 928; x_wconf 86' lang='lat' dir='ltr'><strong>subdit</strong></span> <span class='ocrx_word' id='word_1_370' title='bbox 1524 903 1531 927; x_wconf 75' lang='grc' dir='ltr'>ε</span> <span class='ocrx_word' id='word_1_371' title='bbox 1565 892 1648 927; x_wconf 71' lang='grc' dir='ltr'><strong>Ὲίαε</strong></span> <span class='ocrx_word' id='word_1_372' title='bbox 1673 892 1968 937; x_wconf 57' lang='lat' dir='ltr'><strong>inmaculatum,</strong></span> <span class='ocrx_word' id='word_1_373' title='bbox 2000 891 2042 927; x_wconf 87' lang='lat' dir='ltr'><strong>id</strong></span> <span class='ocrx_word' id='word_1_374' title='bbox 2073 894 2150 938; x_wconf 85' lang='lat' dir='ltr'><strong>est,</strong></span> <span class='ocrx_word' id='word_1_375' title='bbox 2182 891 2391 929; x_wconf 86' lang='lat' dir='ltr'><strong>sanctifica-</strong></span> 
     </span>
     <span class='ocr_line' id='line_1_59' title="bbox 1366 953 2393 1000; baseline 0.002 -11"><span class='ocrx_word' id='word_1_376' title='bbox 1366 956 1472 999; x_wconf 89' lang='lat' dir='ltr'><strong>tum,</strong></span> <span class='ocrx_word' id='word_1_377' title='bbox 1495 953 1558 989; x_wconf 83' lang='lat' dir='ltr'><strong>vel</strong></span> <span class='ocrx_word' id='word_1_378' title='bbox 1581 956 1772 990; x_wconf 88' lang='lat' dir='ltr'><strong>sanetum.</strong></span> <span class='ocrx_word' id='word_1_379' title='bbox 1803 956 1897 989; x_wconf 83' lang='lat' dir='ltr'><strong>Ecce</strong></span> <span class='ocrx_word' id='word_1_380' title='bbox 1931 953 2143 990; x_wconf 85' lang='lat' dir='ltr'><strong>laudabilis</strong></span> <span class='ocrx_word' id='word_1_381' title='bbox 2168 953 2393 1000; x_wconf 78' lang='lat' dir='ltr'><strong>aemulati03</strong></span> 
     </span>
     <span class='ocr_line' id='line_1_60' title="bbox 1366 1014 2395 1063; baseline 0.003 -12"><span class='ocrx_word' id='word_1_382' title='bbox 1366 1026 1455 1052; x_wconf 92' lang='lat' dir='ltr'><strong>ecce</strong></span> <span class='ocrx_word' id='word_1_383' title='bbox 1473 1014 1702 1061; x_wconf 79' lang='lat' dir='ltr'><strong>favorabilis</strong></span> <span class='ocrx_word' id='word_1_384' title='bbox 1713 1015 2127 1063; x_wconf 87' lang='lat' dir='ltr'><strong>postulatio,videlicet</strong></span> <span class='ocrx_word' id='word_1_385' title='bbox 2141 1016 2271 1054; x_wconf 88' lang='lat' dir='ltr'><strong>cordis</strong></span> <span class='ocrx_word' id='word_1_386' title='bbox 2283 1027 2395 1054; x_wconf 89' lang='lat' dir='ltr'><strong>mun·</strong></span> 
     </span>
     <span class='ocr_line' id='line_1_61' title="bbox 1367 1077 2394 1126; baseline 0.003 -13"><span class='ocrx_word' id='word_1_387' title='bbox 1367 1077 1564 1120; x_wconf 84' lang='lat' dir='ltr'><strong>dificatio,</strong></span> <span class='ocrx_word' id='word_1_388' title='bbox 1586 1077 1666 1114; x_wconf 75' lang='lat' dir='ltr'><strong>sive</strong></span> <span class='ocrx_word' id='word_1_389' title='bbox 1687 1077 1955 1114; x_wconf 87' lang='lat' dir='ltr'><strong>sanctificatio.</strong></span> <span class='ocrx_word' id='word_1_390' title='bbox 1978 1080 2019 1114; x_wconf 86' lang='lat' dir='ltr'><strong>Et</strong></span> <span class='ocrx_word' id='word_1_391' title='bbox 2050 1080 2165 1125; x_wconf 89' lang='lat' dir='ltr'><strong>nota,</strong></span> <span class='ocrx_word' id='word_1_392' title='bbox 2200 1079 2310 1126; x_wconf 88' lang='lat' dir='ltr'><strong>quod</strong></span> <span class='ocrx_word' id='word_1_393' title='bbox 2341 1078 2394 1116; x_wconf 92' lang='lat' dir='ltr'><strong>sic</strong></span> 
     </span>
     <span class='ocr_line' id='line_1_62' title="bbox 1367 1140 2395 1188; baseline 0.002 -12"><span class='ocrx_word' id='word_1_394' title='bbox 1367 1140 1558 1178; x_wconf 87' lang='lat' dir='ltr'><strong>debemus</strong></span> <span class='ocrx_word' id='word_1_395' title='bbox 1589 1141 1765 1178; x_wconf 81' lang='lat' dir='ltr'><strong>aemulari</strong></span> <span class='ocrx_word' id='word_1_396' title='bbox 1787 1170 1799 1187; x_wconf 86' lang='lat'><strong>,</strong></span> <span class='ocrx_word' id='word_1_397' title='bbox 1834 1141 1944 1188; x_wconf 87' lang='lat' dir='ltr'><strong>quod</strong></span> <span class='ocrx_word' id='word_1_398' title='bbox 1977 1141 2098 1178; x_wconf 89' lang='lat' dir='ltr'><strong>simus</strong></span> <span class='ocrx_word' id='word_1_399' title='bbox 2130 1141 2395 1187; x_wconf 88' lang='lat' dir='ltr'><strong>immaculati,</strong></span> 
     </span>
     <span class='ocr_line' id='line_1_63' title="bbox 1364 1202 2394 1251; baseline 0 -13"><span class='ocrx_word' id='word_1_400' title='bbox 1364 1205 1555 1250; x_wconf 84' lang='lat' dir='ltr'><strong>tanquam</strong></span> <span class='ocrx_word' id='word_1_401' title='bbox 1576 1202 1761 1239; x_wconf 88' lang='lat' dir='ltr'><strong>divinitus</strong></span> <span class='ocrx_word' id='word_1_402' title='bbox 1790 1202 1922 1248; x_wconf 90' lang='lat' dir='ltr'><strong>electi,</strong></span> <span class='ocrx_word' id='word_1_403' title='bbox 1953 1203 2138 1240; x_wconf 89' lang='lat' dir='ltr'><strong>divinitus</strong></span> <span class='ocrx_word' id='word_1_404' title='bbox 2162 1202 2394 1251; x_wconf 83' lang='lat' dir='ltr'><strong>approbati,</strong></span> 
     </span>
     <span class='ocr_line' id='line_1_64' title="bbox 1365 1264 2393 1312; baseline -0.001 -11"><span class='ocrx_word' id='word_1_405' title='bbox 1365 1264 1406 1300; x_wconf 89' lang='lat' dir='ltr'><strong>iu</strong></span> <span class='ocrx_word' id='word_1_406' title='bbox 1426 1265 1696 1312; x_wconf 82' lang='lat' dir='ltr'><strong>expectatione</strong></span> <span class='ocrx_word' id='word_1_407' title='bbox 1717 1264 1976 1312; x_wconf 85' lang='lat' dir='ltr'><strong>possessionis</strong></span> <span class='ocrx_word' id='word_1_408' title='bbox 1993 1264 2166 1312; x_wconf 79' lang='lat' dir='ltr'><strong>pacificae</strong></span> <span class='ocrx_word' id='word_1_409' title='bbox 2184 1264 2393 1302; x_wconf 86' lang='lat' dir='ltr'><strong>constituti.</strong></span> 
     </span>
     <span class='ocr_line' id='line_1_65' title="bbox 1365 1326 2395 1374; baseline 0.002 -12"><span class='ocrx_word' id='word_1_410' title='bbox 1365 1326 1508 1363; x_wconf 85' lang='lat' dir='ltr'><strong>Electio</strong></span> <span class='ocrx_word' id='word_1_411' title='bbox 1535 1326 1703 1373; x_wconf 87' lang='lat' dir='ltr'><strong>pertinet</strong></span> <span class='ocrx_word' id='word_1_412' title='bbox 1731 1326 1782 1363; x_wconf 84' lang='lat' dir='ltr'><strong>ad</strong></span> <span class='ocrx_word' id='word_1_413' title='bbox 1807 1326 2190 1374; x_wconf 69' lang='lat' dir='ltr'><strong>praedestinationem</strong></span> <span class='ocrx_word' id='word_1_414' title='bbox 2206 1339 2217 1373; x_wconf 83' lang='lat'><em>3</em></span> <span class='ocrx_word' id='word_1_415' title='bbox 2248 1337 2395 1374; x_wconf 87' lang='lat' dir='ltr'><strong>appro-</strong></span> 
     </span>
     <span class='ocr_line' id='line_1_66' title="bbox 1364 1388 2397 1435; baseline 0 -10"><span class='ocrx_word' id='word_1_416' title='bbox 1364 1388 1472 1425; x_wconf 87' lang='lat' dir='ltr'><strong>batio</strong></span> <span class='ocrx_word' id='word_1_417' title='bbox 1493 1388 1545 1425; x_wconf 82' lang='lat' dir='ltr'><strong>ad</strong></span> <span class='ocrx_word' id='word_1_418' title='bbox 1561 1388 1881 1435; x_wconf 74' lang='lat' dir='ltr'><strong>Justifieationem</strong></span> <span class='ocrx_word' id='word_1_419' title='bbox 1897 1401 1907 1434; x_wconf 91' lang='lat'>;</span> <span class='ocrx_word' id='word_1_420' title='bbox 1922 1388 2115 1435; x_wconf 87' lang='lat' dir='ltr'><strong>possessio</strong></span> <span class='ocrx_word' id='word_1_421' title='bbox 2135 1388 2186 1426; x_wconf 86' lang='lat' dir='ltr'><strong>ad</strong></span> <span class='ocrx_word' id='word_1_422' title='bbox 2205 1388 2397 1435; x_wconf 84' lang='lat' dir='ltr'><strong>glorifiea-</strong></span> 
     </span>
     <span class='ocr_line' id='line_1_67' title="bbox 1366 1449 2396 1498; baseline 0.001 -13"><span class='ocrx_word' id='word_1_423' title='bbox 1366 1450 1529 1487; x_wconf 83' lang='lat' dir='ltr'><strong>tionem.</strong></span> <span class='ocrx_word' id='word_1_424' title='bbox 1551 1452 1601 1487; x_wconf 94' lang='lat' dir='ltr'><strong>De</strong></span> <span class='ocrx_word' id='word_1_425' title='bbox 1620 1451 1748 1498; x_wconf 87' lang='lat' dir='ltr'><strong>primo</strong></span> <span class='ocrx_word' id='word_1_426' title='bbox 1767 1451 1779 1471; x_wconf 67' lang='lat'><strong>⁵⁵</strong></span> <span class='ocrx_word' id='word_1_427' title='bbox 1801 1462 1810 1486; x_wconf 73' lang='grc' dir='ltr'>ε</span> <span class='ocrx_word' id='word_1_428' title='bbox 1836 1464 1854 1485; x_wconf 85' lang='lat'>«</span> <span class='ocrx_word' id='word_1_429' title='bbox 1874 1449 1996 1496; x_wconf 84' lang='lat' dir='ltr'><strong>Elegit</strong></span> <span class='ocrx_word' id='word_1_430' title='bbox 2014 1460 2087 1487; x_wconf 88' lang='lat' dir='ltr'><strong>nos</strong></span> <span class='ocrx_word' id='word_1_431' title='bbox 2105 1450 2146 1486; x_wconf 89' lang='lat' dir='ltr'><strong>in</strong></span> <span class='ocrx_word' id='word_1_432' title='bbox 2165 1450 2251 1498; x_wconf 94' lang='lat' dir='ltr'><strong>ipso</strong></span> <span class='ocrx_word' id='word_1_433' title='bbox 2265 1478 2277 1496; x_wconf 90' lang='lat'><strong>,</strong></span> <span class='ocrx_word' id='word_1_434' title='bbox 2307 1451 2396 1487; x_wconf 89' lang='lat' dir='ltr'><strong>ante</strong></span> 
     </span>
     <span class='ocr_line' id='line_1_68' title="bbox 1365 1511 2397 1558; baseline 0.001 -9"><span class='ocrx_word' id='word_1_435' title='bbox 1365 1513 1505 1549; x_wconf 91' lang='lat' dir='ltr'><strong>mundi</strong></span> <span class='ocrx_word' id='word_1_436' title='bbox 1544 1512 1859 1549; x_wconf 90' lang='lat' dir='ltr'><strong>constitutionem</strong></span> <span class='ocrx_word' id='word_1_437' title='bbox 1882 1540 1894 1558; x_wconf 88' lang='lat'><strong>,</strong></span> <span class='ocrx_word' id='word_1_438' title='bbox 1934 1515 1977 1548; x_wconf 88' lang='lat' dir='ltr'><strong>ut</strong></span> <span class='ocrx_word' id='word_1_439' title='bbox 2007 1523 2182 1549; x_wconf 88' lang='lat' dir='ltr'><strong>essemus</strong></span> <span class='ocrx_word' id='word_1_440' title='bbox 2207 1511 2329 1549; x_wconf 88' lang='lat' dir='ltr'><strong>sancti</strong></span> <span class='ocrx_word' id='word_1_441' title='bbox 2361 1514 2397 1550; x_wconf 85' lang='lat' dir='ltr'><strong>et</strong></span> 
     </span>
     <span class='ocr_line' id='line_1_69' title="bbox 1365 1573 2395 1612; baseline -0.001 -1"><span class='ocrx_word' id='word_1_442' title='bbox 1365 1575 1605 1612; x_wconf 86' lang='lat' dir='ltr'><strong>immaculati</strong></span> <span class='ocrx_word' id='word_1_443' title='bbox 1623 1587 1631 1611; x_wconf 91' lang='lat'>:</span> <span class='ocrx_word' id='word_1_444' title='bbox 1653 1588 1670 1609; x_wconf 65' lang='lat'><strong>&gt;³</strong></span> <span class='ocrx_word' id='word_1_445' title='bbox 1697 1585 1786 1611; x_wconf 90' lang='lat' dir='ltr'><strong>ecce</strong></span> <span class='ocrx_word' id='word_1_446' title='bbox 1806 1574 2151 1611; x_wconf 81' lang='lat' dir='ltr'><strong>immaculatorum</strong></span> <span class='ocrx_word' id='word_1_447' title='bbox 2171 1573 2321 1612; x_wconf 87' lang='lat' dir='ltr'><strong>electio.</strong></span> <span class='ocrx_word' id='word_1_448' title='bbox 2344 1575 2395 1610; x_wconf 88' lang='lat' dir='ltr'><strong>De</strong></span> 
     </span>
     <span class='ocr_line' id='line_1_70' title="bbox 1365 1636 2394 1674; baseline 0.001 -1"><span class='ocrx_word' id='word_1_449' title='bbox 1365 1637 1539 1674; x_wconf 86' lang='lat' dir='ltr'><strong>secundo</strong></span> <span class='ocrx_word' id='word_1_450' title='bbox 1562 1637 1712 1674; x_wconf 88' lang='lat' dir='ltr'><strong>canitur</strong></span> <span class='ocrx_word' id='word_1_451' title='bbox 1726 1638 1738 1659; x_wconf 76' lang='lat'><strong>⁶</strong></span> <span class='ocrx_word' id='word_1_452' title='bbox 1759 1648 1766 1673; x_wconf 94' lang='lat'><strong>:</strong></span> <span class='ocrx_word' id='word_1_453' title='bbox 1788 1637 1931 1674; x_wconf 80' lang='lat' dir='ltr'><strong>«Novit</strong></span> <span class='ocrx_word' id='word_1_454' title='bbox 1950 1636 2136 1673; x_wconf 86' lang='lat' dir='ltr'><strong>Dominus</strong></span> <span class='ocrx_word' id='word_1_455' title='bbox 2155 1636 2238 1673; x_wconf 90' lang='lat' dir='ltr'><strong>dies</strong></span> <span class='ocrx_word' id='word_1_456' title='bbox 2257 1637 2394 1674; x_wconf 84' lang='lat' dir='ltr'><strong>imma-</strong></span> 
     </span>
     <span class='ocr_line' id='line_1_71' title="bbox 1365 1699 2393 1744; baseline 0.002 -9"><span class='ocrx_word' id='word_1_457' title='bbox 1365 1699 1597 1736; x_wconf 87' lang='lat' dir='ltr'><strong>culatorum.</strong></span> <span class='ocrx_word' id='word_1_458' title='bbox 1620 1714 1636 1733; x_wconf 87' lang='lat'>»</span> <span class='ocrx_word' id='word_1_459' title='bbox 1662 1701 1746 1744; x_wconf 84' lang='lat' dir='ltr'><strong>Quo</strong></span> <span class='ocrx_word' id='word_1_460' title='bbox 1767 1700 1889 1737; x_wconf 87' lang='lat' dir='ltr'><strong>modo</strong></span> <span class='ocrx_word' id='word_1_461' title='bbox 1909 1701 2042 1736; x_wconf 84' lang='lat' dir='ltr'><strong>novit!</strong></span> <span class='ocrx_word' id='word_1_462' title='bbox 2069 1702 2154 1737; x_wconf 91' lang='lat' dir='ltr'><strong>Non</strong></span> <span class='ocrx_word' id='word_1_463' title='bbox 2174 1700 2305 1737; x_wconf 90' lang='lat' dir='ltr'><strong>solum</strong></span> <span class='ocrx_word' id='word_1_464' title='bbox 2322 1710 2393 1738; x_wconf 91' lang='lat' dir='ltr'><strong>no-</strong></span> 
     </span>
     <span class='ocr_line' id='line_1_72' title="bbox 1365 1761 2393 1809; baseline 0.002 -12"><span class='ocrx_word' id='word_1_465' title='bbox 1365 1761 1450 1798; x_wconf 84' lang='lat' dir='ltr'><strong>titia</strong></span> <span class='ocrx_word' id='word_1_466' title='bbox 1487 1761 1674 1809; x_wconf 71' lang='lat' dir='ltr'><strong>simplicis</strong></span> <span class='ocrx_word' id='word_1_467' title='bbox 1706 1761 1895 1808; x_wconf 79' lang='lat' dir='ltr'><strong>visionis,</strong></span> <span class='ocrx_word' id='word_1_468' title='bbox 1927 1773 2006 1809; x_wconf 84' lang='lat' dir='ltr'><strong>qua</strong></span> <span class='ocrx_word' id='word_1_469' title='bbox 2031 1762 2142 1799; x_wconf 90' lang='lat' dir='ltr'><strong>novit</strong></span> <span class='ocrx_word' id='word_1_470' title='bbox 2161 1762 2364 1799; x_wconf 87' lang='lat' dir='ltr'><strong>universos</strong></span> <span class='ocrx_word' id='word_1_471' title='bbox 2381 1790 2393 1808; x_wconf 94' lang='lat'><strong>,</strong></span> 
     </span>
     <span class='ocr_line' id='line_1_73' title="bbox 1365 1823 2396 1871; baseline 0.002 -12"><span class='ocrx_word' id='word_1_472' title='bbox 1365 1825 1445 1860; x_wconf 85' lang='lat' dir='ltr'><strong>tam</strong></span> <span class='ocrx_word' id='word_1_473' title='bbox 1468 1825 1594 1870; x_wconf 86' lang='lat' dir='ltr'><strong>justos</strong></span> <span class='ocrx_word' id='word_1_474' title='bbox 1607 1851 1618 1869; x_wconf 93' lang='lat'><strong>,</strong></span> <span class='ocrx_word' id='word_1_475' title='bbox 1641 1835 1762 1871; x_wconf 87' lang='lat' dir='ltr'><strong>quam</strong></span> <span class='ocrx_word' id='word_1_476' title='bbox 1782 1824 1946 1870; x_wconf 88' lang='lat' dir='ltr'><strong>injustos</strong></span> <span class='ocrx_word' id='word_1_477' title='bbox 1961 1851 1973 1869; x_wconf 91' lang='lat'><strong>,</strong></span> <span class='ocrx_word' id='word_1_478' title='bbox 1998 1823 2066 1860; x_wconf 87' lang='lat' dir='ltr'><strong>sed</strong></span> <span class='ocrx_word' id='word_1_479' title='bbox 2088 1823 2225 1861; x_wconf 89' lang='lat' dir='ltr'><strong>notitia</strong></span> <span class='ocrx_word' id='word_1_480' title='bbox 2253 1834 2396 1871; x_wconf 89' lang='lat' dir='ltr'><strong>appro-</strong></span> 
     </span>
     <span class='ocr_line' id='line_1_74' title="bbox 1364 1885 2395 1932; baseline 0.002 -11"><span class='ocrx_word' id='word_1_481' title='bbox 1364 1885 1552 1931; x_wconf 85' lang='lat' dir='ltr'><strong>bationis,</strong></span> <span class='ocrx_word' id='word_1_482' title='bbox 1573 1896 1653 1932; x_wconf 87' lang='lat' dir='ltr'><strong>qua</strong></span> <span class='ocrx_word' id='word_1_483' title='bbox 1672 1886 1782 1921; x_wconf 88' lang='lat' dir='ltr'><strong>novit</strong></span> <span class='ocrx_word' id='word_1_484' title='bbox 1801 1887 1953 1922; x_wconf 86' lang='lat' dir='ltr'><strong>tantum</strong></span> <span class='ocrx_word' id='word_1_485' title='bbox 1970 1885 2095 1931; x_wconf 85' lang='lat' dir='ltr'><strong>justos</strong></span> <span class='ocrx_word' id='word_1_486' title='bbox 2117 1897 2126 1921; x_wconf 86' lang='lat'><strong>:</strong></span> <span class='ocrx_word' id='word_1_487' title='bbox 2149 1895 2236 1922; x_wconf 88' lang='lat' dir='ltr'><strong>ecce</strong></span> <span class='ocrx_word' id='word_1_488' title='bbox 2255 1885 2395 1923; x_wconf 85' lang='lat' dir='ltr'><strong>imma-</strong></span> 
     </span>
     <span class='ocr_line' id='line_1_75' title="bbox 1365 1946 2393 1995; baseline 0.001 -12"><span class='ocrx_word' id='word_1_489' title='bbox 1365 1947 1586 1984; x_wconf 83' lang='lat' dir='ltr'><strong>culatorum</strong></span> <span class='ocrx_word' id='word_1_490' title='bbox 1608 1947 1858 1995; x_wconf 87' lang='lat' dir='ltr'><strong>approbatio.</strong></span> <span class='ocrx_word' id='word_1_491' title='bbox 1883 1949 1932 1983; x_wconf 89' lang='lat' dir='ltr'><strong>De</strong></span> <span class='ocrx_word' id='word_1_492' title='bbox 1954 1946 2109 1983; x_wconf 78' lang='lat' dir='ltr'><strong>tertio7:</strong></span> <span class='ocrx_word' id='word_1_493' title='bbox 2131 1947 2393 1993; x_wconf 81' lang='lat' dir='ltr'><strong>«charissimi,</strong></span> 
     </span>
     <span class='ocr_line' id='line_1_76' title="bbox 1362 2008 2394 2057; baseline 0.002 -13"><span class='ocrx_word' id='word_1_494' title='bbox 1362 2008 1444 2045; x_wconf 78' lang='lat' dir='ltr'><strong>haec</strong></span> <span class='ocrx_word' id='word_1_495' title='bbox 1465 2012 1736 2057; x_wconf 62' lang='lat' dir='ltr'><strong>expectantffi,</strong></span> <span class='ocrx_word' id='word_1_496' title='bbox 1759 2009 1920 2056; x_wconf 80' lang='lat' dir='ltr'><strong>satagite</strong></span> <span class='ocrx_word' id='word_1_497' title='bbox 1952 2008 2194 2046; x_wconf 89' lang='lat' dir='ltr'><strong>immaculati</strong></span> <span class='ocrx_word' id='word_1_498' title='bbox 2214 2012 2251 2046; x_wconf 90' lang='lat' dir='ltr'><strong>et</strong></span> <span class='ocrx_word' id='word_1_499' title='bbox 2268 2009 2394 2047; x_wconf 87' lang='lat' dir='ltr'><strong>invio-</strong></span> 
     </span>
     <span class='ocr_line' id='line_1_77' title="bbox 1363 2070 2394 2119; baseline -0.001 -10"><span class='ocrx_word' id='word_1_500' title='bbox 1363 2070 1431 2109; x_wconf 84' lang='lat' dir='ltr'><strong>lati</strong></span> <span class='ocrx_word' id='word_1_501' title='bbox 1451 2071 1485 2109; x_wconf 91' lang='lat' dir='ltr'><strong>ei</strong></span> <span class='ocrx_word' id='word_1_502' title='bbox 1505 2071 1672 2108; x_wconf 88' lang='lat' dir='ltr'><strong>inveniri</strong></span> <span class='ocrx_word' id='word_1_503' title='bbox 1693 2072 1733 2107; x_wconf 92' lang='lat' dir='ltr'><strong>in</strong></span> <span class='ocrx_word' id='word_1_504' title='bbox 1753 2082 1851 2119; x_wconf 84' lang='lat' dir='ltr'><strong>pace</strong></span> <span class='ocrx_word' id='word_1_505' title='bbox 1872 2083 1881 2107; x_wconf 92' lang='lat'>:</span> <span class='ocrx_word' id='word_1_506' title='bbox 1904 2084 1921 2107; x_wconf 84' lang='grc'><strong><em>»</em></strong></span> <span class='ocrx_word' id='word_1_507' title='bbox 1944 2081 2032 2108; x_wconf 87' lang='lat' dir='ltr'><strong>ecce</strong></span> <span class='ocrx_word' id='word_1_508' title='bbox 2051 2071 2394 2110; x_wconf 85' lang='lat' dir='ltr'><strong>immaculatorum</strong></span> 
     </span>
     <span class='ocr_line' id='line_1_78' title="bbox 1363 2134 1592 2180; baseline 0.009 -12"><span class='ocrx_word' id='word_1_509' title='bbox 1363 2134 1592 2180; x_wconf 81' lang='lat' dir='ltr'><strong>expectatio.</strong></span> 
     </span>
    </p>
   </div>
   <div class='ocr_carea' id='block_1_13' title="bbox 1703 2226 2053 2262">
    <p class='ocr_par' dir='ltr' id='par_1_13' title="bbox 1703 2226 2053 2262">
     <span class='ocr_line' id='line_1_79' title="bbox 1703 2226 2053 2262; baseline 0.006 -2"><span class='ocrx_word' id='word_1_510' title='bbox 1703 2226 1888 2261; x_wconf 75' lang='lat' dir='ltr'><strong>Articulus</strong></span> <span class='ocrx_word' id='word_1_511' title='bbox 1914 2228 2053 2262; x_wconf 75' lang='lat' dir='ltr'><strong>tertius.</strong></span> 
     </span>
    </p>
   </div>
   <div class='ocr_carea' id='block_1_14' title="bbox 1357 2319 2396 3482">
    <p class='ocr_par' dir='ltr' id='par_1_14' title="bbox 1357 2319 2396 3482">
     <span class='ocr_line' id='line_1_80' title="bbox 1410 2319 2390 2366; baseline 0.002 -12"><span class='ocrx_word' id='word_1_512' title='bbox 1410 2321 1426 2355; x_wconf 84' lang='lat' dir='ltr'>J</span> <span class='ocrx_word' id='word_1_513' title='bbox 1433 2319 1572 2363; x_wconf 81' lang='lat' dir='ltr'><strong>ustitia,</strong></span> <span class='ocrx_word' id='word_1_514' title='bbox 1594 2329 1714 2365; x_wconf 86' lang='lat' dir='ltr'><strong>quam</strong></span> <span class='ocrx_word' id='word_1_515' title='bbox 1734 2323 1903 2365; x_wconf 89' lang='lat' dir='ltr'><strong>veretur,</strong></span> <span class='ocrx_word' id='word_1_516' title='bbox 1929 2319 2126 2366; x_wconf 88' lang='lat' dir='ltr'><strong>clarescit,</strong></span> <span class='ocrx_word' id='word_1_517' title='bbox 2147 2330 2238 2357; x_wconf 92' lang='lat' dir='ltr'><strong>cum</strong></span> <span class='ocrx_word' id='word_1_518' title='bbox 2257 2320 2390 2358; x_wconf 86' lang='lat' dir='ltr'><strong>addit:</strong></span> 
     </span>
     <span class='ocr_line' id='line_1_81' title="bbox 1362 2381 2393 2427; baseline 0.002 -11"><span class='ocrx_word' id='word_1_519' title='bbox 1362 2383 1405 2417; x_wconf 81' lang='lat' dir='ltr'><strong>In</strong></span> <span class='ocrx_word' id='word_1_520' title='bbox 1423 2381 1745 2426; x_wconf 69' lang='lat' dir='ltr'><strong>justificationibus</strong></span> <span class='ocrx_word' id='word_1_521' title='bbox 1768 2383 1852 2417; x_wconf 69' lang='lat' dir='ltr'><strong>tuis.</strong></span> <span class='ocrx_word' id='word_1_522' title='bbox 1874 2381 2172 2418; x_wconf 68' lang='lat' dir='ltr'><strong>iustificationes</strong></span> <span class='ocrx_word' id='word_1_523' title='bbox 2201 2381 2307 2427; x_wconf 86' lang='lat' dir='ltr'><strong>istae,</strong></span> <span class='ocrx_word' id='word_1_524' title='bbox 2335 2392 2393 2418; x_wconf 88' lang='lat' dir='ltr'><strong>se-</strong></span> 
     </span>
     <span class='ocr_line' id='line_1_82' title="bbox 1363 2442 2392 2489; baseline 0 -11"><span class='ocrx_word' id='word_1_525' title='bbox 1363 2442 1538 2479; x_wconf 87' lang='lat' dir='ltr'><strong>cundum</strong></span> <span class='ocrx_word' id='word_1_526' title='bbox 1575 2444 1806 2489; x_wconf 80' lang='lat' dir='ltr'><strong>praesentem</strong></span> <span class='ocrx_word' id='word_1_527' title='bbox 1850 2442 2105 2480; x_wconf 86' lang='lat' dir='ltr'><strong>intentionem</strong></span> <span class='ocrx_word' id='word_1_528' title='bbox 2150 2442 2360 2480; x_wconf 84' lang='lat' dir='ltr'><strong>Psalmistae</strong></span> <span class='ocrx_word' id='word_1_529' title='bbox 2380 2469 2392 2488; x_wconf 90' lang='lat'><strong>,</strong></span> 
     </span>
     <span class='ocr_line' id='line_1_83' title="bbox 1362 2503 2396 2552; baseline -0.002 -11"><span class='ocrx_word' id='word_1_530' title='bbox 1362 2507 1449 2541; x_wconf 91' lang='lat' dir='ltr'><strong>sunt</strong></span> <span class='ocrx_word' id='word_1_531' title='bbox 1469 2503 1767 2552; x_wconf 80' lang='lat' dir='ltr'><strong>praedicationes</strong></span> <span class='ocrx_word' id='word_1_532' title='bbox 1783 2504 1954 2550; x_wconf 74' lang='lat' dir='ltr'><strong>Justitiae,</strong></span> <span class='ocrx_word' id='word_1_533' title='bbox 1973 2504 2251 2541; x_wconf 82' lang='lat' dir='ltr'><strong>aedificationes</strong></span> <span class='ocrx_word' id='word_1_534' title='bbox 2269 2503 2396 2541; x_wconf 88' lang='lat' dir='ltr'><strong>Eccle-</strong></span> 
     </span>
     <span class='ocr_line' id='line_1_84' title="bbox 1362 2564 2395 2613; baseline -0.001 -11"><span class='ocrx_word' id='word_1_535' title='bbox 1362 2566 1441 2602; x_wconf 71' lang='lat' dir='ltr'><strong>siae.</strong></span> <span class='ocrx_word' id='word_1_536' title='bbox 1458 2567 1636 2604; x_wconf 86' lang='lat' dir='ltr'><strong>Attamen</strong></span> <span class='ocrx_word' id='word_1_537' title='bbox 1654 2576 1943 2613; x_wconf 82' lang='lat' dir='ltr'><strong>nonnunquam</strong></span> <span class='ocrx_word' id='word_1_538' title='bbox 1959 2567 2019 2603; x_wconf 82' lang='lat' dir='ltr'><strong>vir</strong></span> <span class='ocrx_word' id='word_1_539' title='bbox 2034 2567 2160 2613; x_wconf 87' lang='lat' dir='ltr'><strong>justus</strong></span> <span class='ocrx_word' id='word_1_540' title='bbox 2171 2564 2395 2613; x_wconf 84' lang='lat' dir='ltr'><strong>ingrediens</strong></span> 
     </span>
     <span class='ocr_line' id='line_1_85' title="bbox 1363 2626 2394 2674; baseline -0.001 -10"><span class='ocrx_word' id='word_1_541' title='bbox 1363 2627 1656 2673; x_wconf 84' lang='lat' dir='ltr'><strong>conscientiam,</strong></span> <span class='ocrx_word' id='word_1_542' title='bbox 1677 2627 1882 2664; x_wconf 88' lang='lat' dir='ltr'><strong>inveniens</strong></span> <span class='ocrx_word' id='word_1_543' title='bbox 1899 2628 2104 2674; x_wconf 88' lang='lat' dir='ltr'><strong>justitiam,</strong></span> <span class='ocrx_word' id='word_1_544' title='bbox 2125 2637 2205 2664; x_wconf 92' lang='lat' dir='ltr'><strong>non</strong></span> <span class='ocrx_word' id='word_1_545' title='bbox 2223 2626 2394 2664; x_wconf 88' lang='lat' dir='ltr'><strong>absurde</strong></span> 
     </span>
     <span class='ocr_line' id='line_1_86' title="bbox 1361 2688 2395 2738; baseline -0.002 -12"><span class='ocrx_word' id='word_1_546' title='bbox 1361 2690 1488 2738; x_wconf 83' lang='lat' dir='ltr'><strong>ipsam</strong></span> <span class='ocrx_word' id='word_1_547' title='bbox 1520 2693 1689 2736; x_wconf 86' lang='lat' dir='ltr'><strong>veretur,</strong></span> <span class='ocrx_word' id='word_1_548' title='bbox 1718 2690 1814 2726; x_wconf 87' lang='lat' dir='ltr'><strong>dum</strong></span> <span class='ocrx_word' id='word_1_549' title='bbox 1839 2689 1949 2727; x_wconf 86' lang='lat' dir='ltr'><strong>illam</strong></span> <span class='ocrx_word' id='word_1_550' title='bbox 1978 2692 2134 2726; x_wconf 77' lang='lat' dir='ltr'><strong>exutam</strong></span> <span class='ocrx_word' id='word_1_551' title='bbox 2158 2688 2299 2726; x_wconf 87' lang='lat' dir='ltr'><strong>debitis</strong></span> <span class='ocrx_word' id='word_1_552' title='bbox 2324 2689 2395 2725; x_wconf 87' lang='lat' dir='ltr'><strong>cir-</strong></span> 
     </span>
     <span class='ocr_line' id='line_1_87' title="bbox 1363 2749 2395 2798; baseline -0.003 -10"><span class='ocrx_word' id='word_1_553' title='bbox 1363 2751 1622 2798; x_wconf 86' lang='lat' dir='ltr'><strong>cumstantiis,</strong></span> <span class='ocrx_word' id='word_1_554' title='bbox 1643 2751 1822 2788; x_wconf 85' lang='lat' dir='ltr'><strong>indutam</strong></span> <span class='ocrx_word' id='word_1_555' title='bbox 1842 2751 2111 2798; x_wconf 81' lang='lat' dir='ltr'><strong>negligentiis,</strong></span> <span class='ocrx_word' id='word_1_556' title='bbox 2134 2753 2171 2787; x_wconf 86' lang='lat' dir='ltr'><strong>et</strong></span> <span class='ocrx_word' id='word_1_557' title='bbox 2200 2749 2317 2787; x_wconf 86' lang='lat' dir='ltr'><strong>variis</strong></span> <span class='ocrx_word' id='word_1_558' title='bbox 2336 2749 2395 2786; x_wconf 89' lang='lat' dir='ltr'><strong>in-</strong></span> 
     </span>
     <span class='ocr_line' id='line_1_88' title="bbox 1361 2810 2395 2859; baseline -0.004 -8"><span class='ocrx_word' id='word_1_559' title='bbox 1361 2814 1538 2851; x_wconf 84' lang='lat' dir='ltr'><strong>volutam</strong></span> <span class='ocrx_word' id='word_1_560' title='bbox 1568 2813 1892 2859; x_wconf 88' lang='lat' dir='ltr'><strong>concupiscentiis</strong></span> <span class='ocrx_word' id='word_1_561' title='bbox 1918 2813 2102 2858; x_wconf 88' lang='lat' dir='ltr'><strong>intuetur,</strong></span> <span class='ocrx_word' id='word_1_562' title='bbox 2133 2812 2187 2848; x_wconf 88' lang='lat' dir='ltr'><strong>ita</strong></span> <span class='ocrx_word' id='word_1_563' title='bbox 2205 2813 2248 2848; x_wconf 88' lang='lat' dir='ltr'><strong>ut</strong></span> <span class='ocrx_word' id='word_1_564' title='bbox 2273 2810 2395 2859; x_wconf 87' lang='lat' dir='ltr'><strong>possit</strong></span> 
     </span>
     <span class='ocr_line' id='line_1_89' title="bbox 1363 2873 2393 2922; baseline -0.003 -11"><span class='ocrx_word' id='word_1_565' title='bbox 1363 2886 1453 2911; x_wconf 88' lang='lat' dir='ltr'><strong>cum</strong></span> <span class='ocrx_word' id='word_1_566' title='bbox 1474 2875 1570 2914; x_wconf 87' lang='lat' dir='ltr'><strong>lsaia</strong></span> <span class='ocrx_word' id='word_1_567' title='bbox 1593 2875 1721 2911; x_wconf 86' lang='lat' dir='ltr'><strong>dicere</strong></span> <span class='ocrx_word' id='word_1_568' title='bbox 1741 2876 1754 2897; x_wconf 70' lang='lat'>⁸</span> <span class='ocrx_word' id='word_1_569' title='bbox 1773 2886 1782 2911; x_wconf 75' lang='grc' dir='ltr'><strong><em>ε</em></strong></span> <span class='ocrx_word' id='word_1_570' title='bbox 1802 2888 1819 2909; x_wconf 85' lang='lat'>«</span> <span class='ocrx_word' id='word_1_571' title='bbox 1838 2875 1954 2919; x_wconf 79' lang='lat' dir='ltr'><strong>Quasi</strong></span> <span class='ocrx_word' id='word_1_572' title='bbox 1973 2884 2127 2922; x_wconf 87' lang='lat' dir='ltr'><strong>pannus</strong></span> <span class='ocrx_word' id='word_1_573' title='bbox 2146 2873 2393 2910; x_wconf 80' lang='lat' dir='ltr'><strong>menstruatae</strong></span> 
     </span>
     <span class='ocr_line' id='line_1_90' title="bbox 1361 2933 2393 2984; baseline -0.004 -10"><span class='ocrx_word' id='word_1_574' title='bbox 1361 2938 1553 2974; x_wconf 69' lang='lat' dir='ltr'><strong>universas</strong></span> <span class='ocrx_word' id='word_1_575' title='bbox 1569 2937 1723 2984; x_wconf 82' lang='lat' dir='ltr'><strong>justitiae</strong></span> <span class='ocrx_word' id='word_1_576' title='bbox 1739 2939 1891 2974; x_wconf 80' lang='lat' dir='ltr'><strong>nostrae.</strong></span> <span class='ocrx_word' id='word_1_577' title='bbox 1905 2950 1923 2972; x_wconf 89' lang='lat'>»</span> <span class='ocrx_word' id='word_1_578' title='bbox 1947 2936 2012 2973; x_wconf 90' lang='lat' dir='ltr'><strong>Hic</strong></span> <span class='ocrx_word' id='word_1_579' title='bbox 2028 2935 2261 2980; x_wconf 88' lang='lat' dir='ltr'><strong>notandum,</strong></span> <span class='ocrx_word' id='word_1_580' title='bbox 2282 2933 2393 2982; x_wconf 80' lang='lat' dir='ltr'><strong>quod</strong></span> 
     </span>
     <span class='ocr_line' id='line_1_91' title="bbox 1357 2996 2392 3046; baseline -0.004 -10"><span class='ocrx_word' id='word_1_581' title='bbox 1357 2999 1583 3046; x_wconf 74' lang='lat' dir='ltr'><strong>justificatio</strong></span> <span class='ocrx_word' id='word_1_582' title='bbox 1601 2999 1722 3036; x_wconf 87' lang='lat' dir='ltr'><strong>habet</strong></span> <span class='ocrx_word' id='word_1_583' title='bbox 1735 3009 1895 3035; x_wconf 88' lang='lat' dir='ltr'><strong>causam</strong></span> <span class='ocrx_word' id='word_1_584' title='bbox 1908 2998 2134 3035; x_wconf 90' lang='lat' dir='ltr'><strong>interiorem</strong></span> <span class='ocrx_word' id='word_1_585' title='bbox 2152 2998 2215 3045; x_wconf 86' lang='lat' dir='ltr'><strong>(a),</strong></span> <span class='ocrx_word' id='word_1_586' title='bbox 2225 2996 2392 3033; x_wconf 81' lang='lat' dir='ltr'><strong>exterio-</strong></span> 
     </span>
     <span class='ocr_line' id='line_1_92' title="bbox 1361 3059 2394 3108; baseline -0.004 -10"><span class='ocrx_word' id='word_1_587' title='bbox 1361 3073 1445 3098; x_wconf 88' lang='lat' dir='ltr'><strong>rem</strong></span> <span class='ocrx_word' id='word_1_588' title='bbox 1458 3090 1469 3107; x_wconf 97' lang='lat'><strong>,</strong></span> <span class='ocrx_word' id='word_1_589' title='bbox 1485 3064 1522 3098; x_wconf 93' lang='lat' dir='ltr'><strong>et</strong></span> <span class='ocrx_word' id='word_1_590' title='bbox 1537 3061 1774 3098; x_wconf 79' lang='lat' dir='ltr'><strong>inferiorem.</strong></span> <span class='ocrx_word' id='word_1_591' title='bbox 1797 3060 1958 3099; x_wconf 85' lang='lat' dir='ltr'><strong>Interior</strong></span> <span class='ocrx_word' id='word_1_592' title='bbox 1978 3063 2014 3098; x_wconf 90' lang='lat' dir='ltr'><strong>et</strong></span> <span class='ocrx_word' id='word_1_593' title='bbox 2033 3059 2212 3108; x_wconf 87' lang='lat' dir='ltr'><strong>superior</strong></span> <span class='ocrx_word' id='word_1_594' title='bbox 2232 3060 2288 3096; x_wconf 89' lang='lat' dir='ltr'><strong>est</strong></span> <span class='ocrx_word' id='word_1_595' title='bbox 2307 3068 2394 3105; x_wconf 86' lang='lat' dir='ltr'><strong>gra-</strong></span> 
     </span>
     <span class='ocr_line' id='line_1_93' title="bbox 1361 3121 2392 3171; baseline -0.003 -11"><span class='ocrx_word' id='word_1_596' title='bbox 1361 3124 1413 3162; x_wconf 81' lang='lat' dir='ltr'><strong>tia</strong></span> <span class='ocrx_word' id='word_1_597' title='bbox 1429 3125 1580 3171; x_wconf 78' lang='lat' dir='ltr'><strong>divina,-</strong></span> <span class='ocrx_word' id='word_1_598' title='bbox 1604 3123 1785 3170; x_wconf 77' lang='lat' dir='ltr'><strong>exterior,</strong></span> <span class='ocrx_word' id='word_1_599' title='bbox 1805 3124 1980 3160; x_wconf 88' lang='lat' dir='ltr'><strong>humana</strong></span> <span class='ocrx_word' id='word_1_600' title='bbox 2000 3122 2198 3168; x_wconf 83' lang='lat' dir='ltr'><strong>doctrina3</strong></span> <span class='ocrx_word' id='word_1_601' title='bbox 2218 3121 2392 3166; x_wconf 83' lang='lat' dir='ltr'><strong>inferior,</strong></span> 
     </span>
     <span class='ocr_line' id='line_1_94' title="bbox 1362 3184 2392 3234; baseline -0.004 -10"><span class='ocrx_word' id='word_1_602' title='bbox 1362 3187 1538 3234; x_wconf 82' lang='lat' dir='ltr'><strong>corporis</strong></span> <span class='ocrx_word' id='word_1_603' title='bbox 1566 3187 1785 3234; x_wconf 86' lang='lat' dir='ltr'><strong>disciplina.</strong></span> <span class='ocrx_word' id='word_1_604' title='bbox 1820 3186 1879 3223; x_wconf 82' lang='lat' dir='ltr'><strong>Ad</strong></span> <span class='ocrx_word' id='word_1_605' title='bbox 1897 3186 2068 3234; x_wconf 87' lang='lat' dir='ltr'><strong>primam</strong></span> <span class='ocrx_word' id='word_1_606' title='bbox 2087 3186 2232 3233; x_wconf 84' lang='lat' dir='ltr'><strong>spectat</strong></span> <span class='ocrx_word' id='word_1_607' title='bbox 2251 3184 2392 3221; x_wconf 76' lang='lat' dir='ltr'><strong>animae</strong></span> 
     </span>
     <span class='ocr_line' id='line_1_95' title="bbox 1361 3244 2387 3296; baseline -0.006 -10"><span class='ocrx_word' id='word_1_608' title='bbox 1361 3250 1580 3296; x_wconf 76' lang='lat' dir='ltr'><strong>suscitatio,</strong></span> <span class='ocrx_word' id='word_1_609' title='bbox 1599 3249 1651 3286; x_wconf 88' lang='lat' dir='ltr'><strong>ad</strong></span> <span class='ocrx_word' id='word_1_610' title='bbox 1664 3249 1881 3285; x_wconf 91' lang='lat' dir='ltr'><strong>secundam</strong></span> <span class='ocrx_word' id='word_1_611' title='bbox 1893 3276 1906 3295; x_wconf 89' lang='lat'><strong>,</strong></span> <span class='ocrx_word' id='word_1_612' title='bbox 1924 3247 2127 3293; x_wconf 72' lang='lat' dir='ltr'><strong>excitatio,</strong></span> <span class='ocrx_word' id='word_1_613' title='bbox 2150 3246 2202 3283; x_wconf 89' lang='lat' dir='ltr'><strong>ad</strong></span> <span class='ocrx_word' id='word_1_614' title='bbox 2215 3244 2387 3290; x_wconf 72' lang='lat' dir='ltr'><strong>tertiam,</strong></span> 
     </span>
     <span class='ocr_line' id='line_1_96' title="bbox 1362 3306 2390 3356; baseline -0.007 -8"><span class='ocrx_word' id='word_1_615' title='bbox 1362 3311 1599 3348; x_wconf 72' lang='lat' dir='ltr'><strong>exercitatio.</strong></span> <span class='ocrx_word' id='word_1_616' title='bbox 1617 3311 1821 3348; x_wconf 88' lang='lat' dir='ltr'><strong>Suscitatio</strong></span> <span class='ocrx_word' id='word_1_617' title='bbox 1836 3309 2017 3356; x_wconf 85' lang='lat' dir='ltr'><strong>congruit</strong></span> <span class='ocrx_word' id='word_1_618' title='bbox 2030 3306 2309 3355; x_wconf 82' lang='lat' dir='ltr'><strong>omnipotenti3</strong></span> <span class='ocrx_word' id='word_1_619' title='bbox 2325 3315 2390 3342; x_wconf 83' lang='lat' dir='ltr'><strong>ex-</strong></span> 
     </span>
     <span class='ocr_line' id='line_1_97' title="bbox 1361 3367 2388 3420; baseline -0.007 -10"><span class='ocrx_word' id='word_1_620' title='bbox 1361 3373 1514 3420; x_wconf 85' lang='lat' dir='ltr'><strong>citatio,</strong></span> <span class='ocrx_word' id='word_1_621' title='bbox 1553 3373 1803 3420; x_wconf 72' lang='lat' dir='ltr'><strong>corripienti,</strong></span> <span class='ocrx_word' id='word_1_622' title='bbox 1840 3371 2062 3408; x_wconf 80' lang='lat' dir='ltr'><strong>exercitatio</strong></span> <span class='ocrx_word' id='word_1_623' title='bbox 2088 3367 2302 3417; x_wconf 88' lang='lat' dir='ltr'><strong>poenitenti.</strong></span> <span class='ocrx_word' id='word_1_624' title='bbox 2337 3368 2388 3404; x_wconf 87' lang='lat' dir='ltr'><strong>De</strong></span> 
     </span>
     <span class='ocr_line' id='line_1_98' title="bbox 1359 3429 2386 3482; baseline -0.005 -12"><span class='ocrx_word' id='word_1_625' title='bbox 1359 3435 1488 3482; x_wconf 87' lang='lat' dir='ltr'><strong>prima</strong></span> <span class='ocrx_word' id='word_1_626' title='bbox 1522 3434 1799 3482; x_wconf 81' lang='lat' dir='ltr'><strong>justificatione</strong></span> <span class='ocrx_word' id='word_1_627' title='bbox 1843 3433 2037 3470; x_wconf 87' lang='lat' dir='ltr'><strong>habemus</strong></span> <span class='ocrx_word' id='word_1_628' title='bbox 2079 3430 2305 3478; x_wconf 86' lang='lat' dir='ltr'><strong>exemplum</strong></span> <span class='ocrx_word' id='word_1_629' title='bbox 2331 3429 2344 3451; x_wconf 79' lang='lat'><strong>⁹</strong></span> <span class='ocrx_word' id='word_1_630' title='bbox 2377 3440 2386 3465; x_wconf 93' lang='lat'>:</span> 
     </span>
    </p>
   </div>
   <div class='ocr_carea' id='block_1_15' title="bbox 1361 3514 2385 3606">
    <p class='ocr_par' dir='ltr' id='par_1_15' title="bbox 1361 3514 2385 3606">
     <span class='ocr_line' id='line_1_99' title="bbox 1361 3514 2385 3559; baseline -0.006 -8"><span class='ocrx_word' id='word_1_631' title='bbox 1361 3527 1481 3559; x_wconf 72' lang='lat' dir='ltr'><strong>xxxvi,</strong></span> <span class='ocrx_word' id='word_1_632' title='bbox 1503 3520 1553 3551; x_wconf 90' lang='grc'><strong>18.</strong></span> <span class='ocrx_word' id='word_1_633' title='bbox 1574 3536 1614 3542; x_wconf 83' lang='grc'>-</span> <span class='ocrx_word' id='word_1_634' title='bbox 1638 3519 1647 3538; x_wconf 86' lang='lat'>⁷</span> <span class='ocrx_word' id='word_1_635' title='bbox 1669 3518 1696 3549; x_wconf 79' lang='lat'><strong>11</strong></span> <span class='ocrx_word' id='word_1_636' title='bbox 1717 3518 1825 3556; x_wconf 59' lang='lat' dir='ltr'><strong>Pena,</strong></span> <span class='ocrx_word' id='word_1_637' title='bbox 1850 3523 1903 3556; x_wconf 87' lang='lat'><strong>111,</strong></span> <span class='ocrx_word' id='word_1_638' title='bbox 1926 3517 1976 3547; x_wconf 76' lang='lat'><strong>14.</strong></span> <span class='ocrx_word' id='word_1_639' title='bbox 1993 3531 2033 3538; x_wconf 93' lang='lat'>—</span> <span class='ocrx_word' id='word_1_640' title='bbox 2056 3514 2067 3532; x_wconf 80' lang='lat'><strong>⁸</strong></span> <span class='ocrx_word' id='word_1_641' title='bbox 2083 3514 2160 3554; x_wconf 81' lang='lat' dir='ltr'><strong>Isa.‚</strong></span> <span class='ocrx_word' id='word_1_642' title='bbox 2183 3521 2277 3555; x_wconf 76' lang='lat' dir='ltr'><strong>Lxlv,</strong></span> <span class='ocrx_word' id='word_1_643' title='bbox 2297 3514 2328 3546; x_wconf 88' lang='lat'><strong>6.</strong></span> <span class='ocrx_word' id='word_1_644' title='bbox 2350 3529 2385 3537; x_wconf 89' lang='lat'><strong>—-</strong></span> 
     </span>
     <span class='ocr_line' id='line_1_100' title="bbox 1362 3562 2219 3606; baseline -0.004 -8"><span class='ocrx_word' id='word_1_645' title='bbox 1362 3567 1371 3585; x_wconf 73' lang='lat'>³</span> <span class='ocrx_word' id='word_1_646' title='bbox 1390 3567 1481 3598; x_wconf 63' lang='lat' dir='ltr'><strong>Psal.</strong></span> <span class='ocrx_word' id='word_1_647' title='bbox 1502 3567 1582 3606; x_wconf 88' lang='lat' dir='ltr'><strong>hoc,</strong></span> <span class='ocrx_word' id='word_1_648' title='bbox 1602 3567 1652 3598; x_wconf 85' lang='lat'><strong>93.</strong></span> <span class='ocrx_word' id='word_1_649' title='bbox 1677 3582 1712 3587; x_wconf 90' lang='lat'>—</span> <span class='ocrx_word' id='word_1_650' title='bbox 1734 3565 1778 3603; x_wconf 89' lang='grc' dir='ltr'><strong>(α)</strong></span> <span class='ocrx_word' id='word_1_651' title='bbox 1801 3562 1919 3603; x_wconf 74' lang='grc' dir='ltr'>δαρρί.</span> <span class='ocrx_word' id='word_1_652' title='bbox 1946 3564 1979 3593; x_wconf 90' lang='lat' dir='ltr'><strong>et</strong></span> <span class='ocrx_word' id='word_1_653' title='bbox 1997 3562 2219 3602; x_wconf 82' lang='lat' dir='ltr'><strong>superiorein.</strong></span> 
     </span>
    </p>
   </div>
   <div class='ocr_carea' id='block_1_16' title="bbox 2413 1711 2555 1904">
    <p class='ocr_par' dir='ltr' id='par_1_16' title="bbox 2413 1711 2555 1904">
     <span class='ocr_line' id='line_1_101' title="bbox 2446 1711 2554 1739; baseline -0.009 0"><span class='ocrx_word' id='word_1_654' title='bbox 2446 1711 2554 1739; x_wconf 59' lang='lat' dir='ltr'><strong>Notitia</strong></span> 
     </span>
     <span class='ocr_line' id='line_1_102' title="bbox 2414 1753 2554 1788; baseline 0 -8"><span class='ocrx_word' id='word_1_655' title='bbox 2414 1753 2554 1788; x_wconf 81' lang='lat' dir='ltr'><strong>simplicis</strong></span> 
     </span>
     <span class='ocr_line' id='line_1_103' title="bbox 2413 1794 2554 1829; baseline -0.014 -7"><span class='ocrx_word' id='word_1_656' title='bbox 2413 1794 2535 1822; x_wconf 82' lang='lat' dir='ltr'><strong>visionis</strong></span> <span class='ocrx_word' id='word_1_657' title='bbox 2546 1814 2554 1829; x_wconf 89' lang='lat'><strong>,</strong></span> 
     </span>
     <span class='ocr_line' id='line_1_104' title="bbox 2415 1837 2555 1870; baseline -0.007 -7"><span class='ocrx_word' id='word_1_658' title='bbox 2415 1837 2443 1863; x_wconf 82' lang='lat' dir='ltr'><strong>et</strong></span> <span class='ocrx_word' id='word_1_659' title='bbox 2452 1843 2555 1870; x_wconf 77' lang='lat' dir='ltr'><strong>appro-</strong></span> 
     </span>
     <span class='ocr_line' id='line_1_105' title="bbox 2414 1875 2554 1904; baseline 0.007 -1"><span class='ocrx_word' id='word_1_660' title='bbox 2414 1875 2554 1904; x_wconf 73' lang='lat' dir='ltr'><strong>nationis,</strong></span> 
     </span>
    </p>
   </div>
   <div class='ocr_carea' id='block_1_17' title="bbox 2412 2947 2553 3017">
    <p class='ocr_par' dir='ltr' id='par_1_17' title="bbox 2412 2947 2553 3017">
     <span class='ocr_line' id='line_1_106' title="bbox 2441 2947 2553 2975; baseline -0.018 0"><span class='ocrx_word' id='word_1_661' title='bbox 2441 2949 2456 2975; x_wconf 84' lang='lat' dir='ltr'><strong>J</strong></span> <span class='ocrx_word' id='word_1_662' title='bbox 2461 2947 2553 2975; x_wconf 81' lang='lat' dir='ltr'><strong>ustifi-</strong></span> 
     </span>
     <span class='ocr_line' id='line_1_107' title="bbox 2412 2986 2499 3017; baseline -0.011 -3"><span class='ocrx_word' id='word_1_663' title='bbox 2412 2986 2499 3017; x_wconf 73' lang='lat' dir='ltr'><strong>catio.</strong></span> 
     </span>
    </p>
   </div>
  </div>
 </body>
</html>
