2633 3878
141 415 277 451 Caiphas.

303 262 378 300 526

301 347 405 392 cipes
424 344 694 389 sacerdotum,
716 346 753 380 et
771 343 944 380 seniores
960 343 1099 390 populi
1121 343 1159 377 in
1179 341 1321 378 atrium

300 405 486 453 principis
503 405 772 450 sacerdotum,
791 405 859 452 qui
880 404 1084 441 dicebatur
1104 402 1280 449 caiphas.
1300 415 1316 434 ι)

301 469 370 502 Per
406 465 612 513 Caipham,
646 465 713 512 qui
752 477 890 502 vomens
928 476 985 501 ore
1022 465 1295 510 interpretatur
1309 491 1319 507 ,

300 526 479 563 diabolus
498 526 699 571 figuratur.
718 527 785 573 qui
801 527 851 562 ab
872 526 981 562 initio
999 525 1206 560 vanitatem
1224 524 1322 559 hau—

299 589 363 632 sit,
388 592 423 625 et
443 588 644 624 veritatem
665 589 864 631 evomuit,
885 587 978 634 quia
1008 588 1142 621 veritas
1170 596 1238 620 non
1271 588 1322 620 est

300 653 337 685 in
358 661 413 691 eo,
436 652 477 685 ut
506 649 685 685 scribitur
709 653 733 684 ¹.
758 649 874 694 liujus
903 647 1043 684 atrium
1070 648 1126 682 est
1159 645 1322 682 ecclesia

299 709 611 756 malignantium,
624 721 710 757 quae
731 712 786 746 est
805 719 947 755 eorpus
968 707 1071 743 illius
1090 706 1320 754 mysticum:

300 782 386 807 ecce
407 771 602 818 principes
621 771 660 806 in
682 781 824 817 corpus
843 769 1088 805 diabolicum
1107 777 1320 813 congrega-

300 836 372 869 tos.
400 836 448 869 De
475 833 583 869 tertio
603 835 616 855 ²
640 846 648 868 ;
674 848 690 865 u
711 831 883 868 Universi
914 830 1110 878 principes
1141 828 1323 865 sacerdo-

300 898 380 929 tum
401 897 435 929 et
454 894 625 940 populus
643 893 885 940 praevaricati
917 895 1006 928 sunt
1027 903 1034 927 :
1059 905 1075 923 n
1101 901 1188 926 ecce
1217 889 1321 936 prin—

299 955 403 1001 cipes
423 954 630 991 diabolicis
649 955 799 991 aetibus
818 954 1046 1001 applicatos.

620 1059 800 1093 Articulus
821 1056 1005 1092 secundus.

346 1138 403 1175 Ad
441 1138 657 1174 secundum
693 1138 857 1181 attinet,
892 1135 1002 1184 quod
1034 1135 1318 1181 subsequenter

299 1199 507 1236 sublucet:
528 1200 709 1235 Persecuti
737 1202 819 1234 sunt
851 1208 926 1241 me,
956 1196 1063 1232 velut
1095 1194 1221 1231 insani
1249 1204 1318 1230 sse-

299 1260 445 1296 vientes
476 1260 516 1295 in
544 1270 618 1295 me.
651 1259 686 1296 Si
716 1258 876 1306 quaeris,
899 1257 1066 1304 qualiter
1096 1255 1321 1303 persecuti?

300 1322 413 1358 Plane
432 1321 628 1368 tripliciter
651 1320 769 1367 :quia
800 1318 1036 1362 mentaliter,
1055 1317 1150 1364 quia
1179 1317 1323 1353 vocali-

301 1387 368 1429 ter,
390 1383 483 1430 quia
501 1382 734 1418 manualiter
756 1393 763 1417 :
786 1380 931 1416 scilieet
946 1379 1156 1416 inimicitiis
1172 1381 1322 1414 menta-

299 1445 421 1487 libus,
441 1443 646 1480 calumniis
666 1441 890 1486 vocalibus,
913 1444 949 1477 et
967 1440 1134 1486 flagellis
1154 1450 1320 1476 manua—

299 1505 414 1541 libuS.
457 1507 506 1540 De
542 1505 670 1550 primo
707 1514 777 1550 per
814 1503 1057 1539 Psalmistam
1092 1501 1233 1537 dicitur
1265 1502 1278 1524 ³
1311 1513 1319 1536 :

302 1580 320 1600 α
339 1565 550 1603 Consortati
570 1567 679 1609 sunt,
695 1565 761 1611 qui
780 1563 971 1611 persecuti
992 1566 1080 1599 sunt
1098 1573 1160 1598 me
1176 1562 1323 1598 inimici

299 1628 376 1664 mei
408 1628 578 1673 injuste:
606 1640 624 1661 »
654 1636 741 1662 ecce
772 1625 989 1672 persecutio
1022 1624 1319 1660 inimicantium.

300 1691 349 1725 De
370 1688 542 1725 secundo
563 1698 631 1735 per
659 1687 891 1733 prophetam
911 1685 1089 1733 psallitur
1108 1686 1122 1707 ¹·
1151 1697 1159 1721 ε
1191 1698 1209 1719 «
1234 1686 1323 1722 Om-

299 1751 364 1787 nia
383 1750 568 1786 mandata
594 1752 661 1785 tua
684 1749 847 1793 veritas,
869 1747 993 1794 iniqui
1021 1747 1213 1794 persecuti
1234 1748 1325 1782 sunt

299 1822 361 1847 me
386 1824 394 1847 :
416 1824 432 1844 n
457 1821 544 1847 ecce
577 1809 792 1858 persecutio
821 1808 1157 1845 calumniantium.
1181 1809 1231 1843 De
1252 1810 1325 1843 ter-

300 1873 353 1909 tio
372 1883 442 1919 per
468 1871 652 1908 eumdem
679 1870 860 1907 scribitur
878 1870 890 1891 ⁵
911 1882 919 1905 :
947 1882 964 1903 «
984 1868 1175 1913 Quoniam
1203 1879 1323 1915 quem

300 1937 339 1969 tu
363 1933 597 1980 percussisti,
618 1932 808 1979 persecuti
827 1934 929 1976 sunt,
948 1934 985 1967 et
1005 1941 1120 1977 super
1140 1929 1322 1966 dolorem

298 1994 507 2031 vulnerum
536 2004 716 2029 meorum
744 1992 981 2030 addiderunt
1002 2003 1010 2027 :
1033 2005 1050 2026 »
1075 2002 1163 2028 ecce
1192 2001 1324 2038 perse-

300 2057 402 2093 cutio
421 2055 719 2102 flagellantium.

639 2159 819 2194 Articulus
843 2159 985 2193 tertius.

348 2241 404 2278 Ad
426 2241 578 2277 tertium
599 2239 755 2287 aspicit,
776 2237 887 2285 quod
916 2239 1202 2283 consequenter
1228 2236 1325 2281 adji-

301 2304 350 2339 cit
372 2315 380 2338 :
405 2304 545 2345 Gratis,
571 2300 683 2348 quasi
710 2299 813 2336 dicat
832 2310 840 2334 :
861 2300 945 2334 Non
965 2298 1062 2334 meis
1081 2297 1325 2343 exigentibus

301 2363 552 2408 meritis,sed
583 2362 661 2398 suis
696 2359 1002 2408 impingentibus
1034 2358 1174 2395 animis
1206 2358 1326 2394 infru-

301 2426 389 2461 nitis
411 2438 418 2461 :
442 2425 482 2460 in
503 2434 581 2471 quo
599 2422 773 2459 clarescit
803 2421 1025 2457 innocentia
1052 2419 1244 2467 patientis.
1283 2420 1327 2454 Et

302 2493 406 2534 nota,
429 2487 536 2535 quod
552 2487 775 2523 innocentes
792 2485 840 2531 (a)
855 2483 1086 2521 nocentibus
1100 2482 1218 2529 gratis
1235 2491 1324 2527 gra-

300 2551 384 2587 vari
403 2549 600 2597 tripliciter
617 2547 837 2584 invenimus
860 2558 867 2581 :
890 2544 1073 2582 videlieet
1091 2544 1324 2590 impugnan-

302 2612 369 2657 do,
389 2609 647 2658 captivando,
665 2607 919 2655 illaqueando
937 2619 944 2642 :
964 2616 1035 2653 per
1051 2596 1323 2650 contumelias,

301 2685 370 2721 per
390 2672 572 2715 insidias,
592 2681 662 2718 per
682 2680 896 2717 pressuras
919 2670 969 2704 De
995 2667 1124 2714 primo
1145 2666 1325 2702 scribitur

302 2747 325 2771 a
344 2733 648 2780 psalmographo
668 2733 681 2754 ⁶
704 2744 711 2767 :
738 2744 755 2765 «
787 2732 883 2767 Cum
913 2729 1108 2776 loquebar
1136 2728 1229 2774 illis,
1252 2727 1325 2762 im-

302 2795 530 2843 pugnabant
548 2805 610 2830 me
644 2793 762 2840 gratis
784 2805 791 2828 :
815 2805 832 2825 »
856 2791 919 2827 hic
939 2790 1057 2837 gratis
1085 2789 1322 2836 impugnan-

303 2862 364 2894 tur
395 2855 651 2894 contumeliis.
687 2857 737 2891 De
769 2853 942 2890 secundo
976 2852 1116 2888 dicitur
1135 2853 1148 2873 ⁷
1175 2863 1183 2887 :
1206 2853 1326 2887 Vena-

304 2920 408 2955 tione
440 2920 625 2964 ceperunt
649 2926 733 2961 me,
763 2914 874 2962 quasi
904 2924 1038 2958 avem,
1070 2912 1217 2948 inimici
1248 2912 1326 2947 mei

304 2979 421 3026 gratis
451 2991 458 3014 :
494 2994 510 3012 n
546 2978 609 3013 hic
645 2977 762 3023 gratis
799 2976 1042 3022 captivantur
1073 2973 1236 3010 insidiis,
1276 2975 1327 3009 De

304 3041 415 3078 tertio
443 3039 593 3077 canitur
612 3039 662 3084 ,δε
693 3051 710 3071 α
739 3037 931 3081 Quoniam
963 3036 1080 3082 gratis
1113 3033 1328 3071 absconde-

303 3106 393 3139 runt
409 3101 505 3137 mihi
519 3099 716 3136 interitum
733 3097 864 3145 laquei
884 3097 943 3132 sui
959 3109 967 3133 :
986 3110 1003 3131 »
1022 3096 1085 3132 hic
1102 3095 1219 3143 gratis
1238 3095 1327 3132 illa-

305 3166 498 3210 queantur
518 3159 705 3207 angustiis
725 3162 761 3196 et
777 3156 980 3205 pressuris.

627 3263 815 3301 Articulus
842 3264 1006 3308 quartus.

353 3352 410 3389 Ad
430 3352 613 3398 quartum
644 3349 808 3395 spectat,
843 3345 953 3393 quod
980 3346 1095 3381 restat
1123 3345 1186 3379 :A
1215 3343 1330 3379 verbis

308 3417 379 3451 tuis
417 3412 631 3457 formidavit
661 3420 718 3446 cor
755 3419 883 3444 meum.
919 3408 1002 3451 Quo
1025 3406 1176 3443 modo?
1214 3405 1328 3441 «Non

998 253 1272 296 EXPOSlTlO
1303 253 1353 294 IN
1385 252 1730 294 PSALTERIUM.

1396 340 1599 376 reddendo
1621 340 1770 376 malum
1786 350 1858 387 pro
1878 341 2004 386 malo,
2030 342 2099 378 sed
2118 343 2313 381 vincendo
2332 355 2416 382 ma-

1395 402 1477 438 lum
1498 402 1536 438 in
1558 402 1685 448 bono,
1705 415 1721 436 »
1754 401 1850 438 sicut
1880 401 2102 449 praecipitur
2124 413 2147 440 a
2166 405 2328 442 Domino
2350 417 2416 444 ore

1396 462 1612 510 apostolico
1631 462 1656 497 ⁹.
1690 465 1733 499 Et
1759 465 1869 508 nota,
1897 463 2004 510 quod
2033 463 2266 501 formidatur
2293 467 2418 503 Domi-

1395 534 1468 559 nus
1489 523 1698 560 formidine
1719 524 1906 570 tripartita
1927 536 1936 560 :
1958 525 2103 561 scilicet
2121 525 2330 563 formidine
2343 539 2418 564 ser-

1396 585 1476 630 vili,
1490 584 1643 627 initiali,
1658 584 1821 630 filiali(b)
1836 596 1844 621 :
1861 585 1988 631 prima
2001 586 2416 634 respicitsupplicium‚

1394 657 1474 682 non
1512 646 1738 692 praemium,
1771 646 1944 682 secunda
1971 647 2229 694 supplicium,
2259 651 2295 685 et
2318 659 2418 696 prae-

1395 707 1542 753 miu1n3
1575 706 1685 743 tertia
1717 707 1942 753 praemium,
1973 718 2055 744 non
2087 709 2336 756 supplicium.
2367 712 2418 746 De

1395 768 1523 814 primo
1549 768 1575 789 ¹⁰
1596 779 1604 803 :
1631 782 1648 801 «
1671 768 1879 804 Dominum
1906 768 2177 806 formidabunt
2205 771 2419 807 adversarii

1396 829 1479 874 ejus
1501 841 1509 864 :
1529 842 1546 862 η
1567 839 1655 865 ecce
1675 829 1845 865 formido
1874 830 2046 876 servilis,
2076 841 2154 878 qua
2185 831 2419 868 formidatur

1396 890 1583 927 immissio
1605 891 1799 938 supplicii,
1819 902 1900 928 non
1917 892 2073 929 amissio
2105 893 2268 940 praemii.
2292 895 2342 930 De
2362 904 2418 930 se-

1396 952 1527 988 cundo
1547 952 1725 989 scribitur
1748 955 1768 971 ¹¹
1791 965 1799 989 :
1827 967 1844 988 «
1864 957 1892 990 A
1912 964 2008 990 voce
2028 955 2187 991 tonitrui
2207 955 2260 991 tui
2280 954 2417 992 formi-

1397 1013 1549 1049 dabunt
1570 1025 1611 1049 :n
1637 1025 1725 1050 ecce
1745 1014 1912 1051 formido
1931 1015 2087 1052 initialis
2113 1016 2320 1062 montium,
2337 1015 2418 1052 sive

1395 1075 1593 1111 bonarum
1624 1075 1833 1121 mentium,
1863 1087 1942 1123 qua
1973 1076 2206 1113 formidatur
2234 1079 2314 1114 tam
2347 1076 2420 1113 im-

1395 1136 1530 1172 missio
1552 1137 1745 1183 supplicii,
1769 1148 1889 1183 quain
1909 1137 2066 1174 amissio
2087 1137 2250 1185 praemii.
2273 1140 2322 1174 De
2342 1141 2418 1175 ter-

1395 1198 1449 1234 tio
1472 1198 1497 1219 ¹²
1521 1209 1531 1232 τ
1556 1211 1573 1232 α
1590 1198 1874 1234 Formidabunt
1893 1198 1963 1235 filii
1984 1199 2115 1243 maris,
2136 1202 2173 1236 et
2191 1199 2418 1246 avolabunt,

1396 1259 1510 1306 quasi
1531 1269 1637 1304 aves,
1654 1269 1701 1295 ex
1721 1262 1887 1306 AEgypto
1911 1272 1918 1296 :
1935 1272 1951 1294 »ι
1976 1271 2064 1296 ecce
2084 1260 2254 1296 formido
2274 1260 2418 1306 filialis,

1397 1330 1477 1366 qua
1511 1319 1745 1356 formidatur
1778 1331 1859 1357 non
1898 1321 2086 1358 immissio
2119 1321 2317 1369 supplicii,
2352 1321 2420 1357 sed

1398 1391 1556 1418 amiss1o
1576 1382 1738 1428 praemii.

1828 1482 1998 1524 Epilogus.

1445 1569 1675 1604 Ostensurus
1716 1577 1810 1614 ergo
1850 1567 2179 1615 psalmographus
2209 1567 2423 1615 potentiam

1401 1629 1624 1665 saevientem
1657 1639 1774 1675 super
1810 1629 2072 1665 innocentiam
2102 1631 2322 1665 reverenter
2353 1620 2423 1665 Do-

1399 1691 1507 1726 mino
1540 1690 1796 1736 servientem,
1818 1690 1870 1726 ait
1896 1701 1905 1726 2
1929 1693 2133 1738 Principes,
2163 1690 2232 1727 ubi
2268 1692 2423 1727 notatur

1398 1752 1580 1798 potentiae
1611 1751 1787 1798 gladius3
1824 1753 2001 1788 Persecuti
2035 1755 2119 1788 sunt
2147 1762 2222 1796 me,
2248 1751 2318 1787 ubi
2351 1762 2422 1787 sae—

1399 1810 1589 1847 vientium
1609 1821 1769 1857 manus;
1797 1811 1930 1855 Gratis,
1954 1810 1995 1847 id
2015 1813 2083 1856 est,
2103 1810 2185 1847 sine
2203 1809 2424 1858 praeceden-

1399 1872 1503 1908 tibus
1523 1872 1682 1916 meritis,
1699 1872 1768 1908 ubi
1787 1871 2019 1908 innocentiae
2047 1871 2168 1908 virtus
2179 1884 2190 1918 3
2212 1873 2258 1907 Et
2272 1882 2294 1907 α
2309 1871 2425 1907 verbis

1402 1936 1473 1969 tuis
1506 1934 1721 1977 formidavit
1751 1944 1808 1970 cor
1835 1944 1969 1979 meum,
2002 1933 2071 1970 ubi
2100 1932 2270 1970 timorati
2296 1931 2425 1969 cordis

1400 1994 1573 2031 affectus

1757 2092 1978 2120 VERStCULUs
2007 2094 2046 2119 11.

1451 2180 1530 2214 162.
1542 2179 1702 2214 Laetabor
1715 2188 1773 2223 eqo
1792 2188 1897 2224 super
1911 2178 2051 2223 eloquia
2063 2180 2141 2221 tua,
2155 2179 2225 2213 etc.
2243 2176 2426 2215 Sicutim-

1401 2239 1552 2286 pietatis
1572 2239 1642 2275 filii
1661 2249 1740 2276 non
1766 2241 1931 2285 parcunt
1952 2238 2184 2273 innocentiae
2210 2238 2422 2284 personali,

1402 2301 1455 2337 ita
1468 2311 1539 2336 nec
1551 2300 1749 2347 sapientiae
1760 2299 1930 2335 salutari.
1943 2298 2041 2335 Illud
2055 2298 2279 2345 praecedens
2291 2309 2426 2335 versus

1402 2362 1536 2398 docuit
1547 2375 1556 2407 3
1589 2361 1691 2397 istud
1727 2371 1909 2408 praesens.
1947 2361 2153 2407 Propterea
2182 2359 2424 2406 psalmogra-

1401 2423 1516 2469 phus,
1536 2425 1726 2469 tanquam
1752 2421 1979 2458 molestatus
1991 2424 2028 2457 et
2044 2420 2231 2468 spoliatus
2244 2420 2424 2466 exterius,

1401 2485 1472 2521 sed
1493 2483 1732 2520 confortatus
1759 2484 1937 2530 interius,
1968 2484 2017 2520 de
2038 2483 2183 2520 talibus
2213 2483 2339 2520 taliter
2371 2486 2427 2520 est

1401 2545 1554 2582 locutus
1576 2558 1584 2581 z
1606 2547 1767 2582 Laetabor
1782 2573 1795 2590 ,
1816 2549 1908 2591 etc„
1940 2546 2052 2593 quasi
2085 2545 2189 2581 dicat
2213 2545 2350 2591 lingua
2367 2544 2426 2581 lo-

1403 2607 1560 2654 quendo
1596 2607 1722 2644 libera
1756 2618 1765 2643 :
1800 2606 1991 2645 Molestari
2024 2608 2061 2643 et
2094 2606 2256 2654 spoliari
2285 2605 2425 2652 tolero,

1402 2670 1496 2717 quia
1517 2668 1714 2705 dulcorari
1734 2671 1770 2705 et
1789 2668 1966 2705 decorari
1984 2678 2054 2715 per
2073 2667 2303 2715 sapientiam
2317 2670 2426 2704 tuam

1401 2741 1530 2778 spero.
1575 2730 1682 2766 Unde
1721 2732 1890 2777 quatuor
1937 2728 2285 2766 animadvertimus
2325 2727 2428 2765 circa

1405 2792 1683 2828 continentiam
1709 2791 1826 2838 hujus
1854 2802 2007 2837 versus,
2040 2790 2185 2826 scilicet
2212 2789 2428 2837 potentiam

1405 2853 1646 2897 aflectivam,
1667 2855 1703 2889 et
1722 2852 1934 2898 agnitivam
1944 2879 1956 2897 ,
1977 2854 2013 2889 et
2041 2849 2272 2898 sapientiam
2291 2849 2428 2887 dulco-

1404 2914 1592 2958 rativam,
1621 2916 1658 2950 et
1678 2913 1944 2950 decorativam
1966 2925 1974 2949 :
1997 2912 2090 2960 quia
2119 2911 2254 2952 laetitia
2284 2911 2431 2959 spectat

1404 2976 1456 3012 ad
1476 2975 1694 3023 potentiam
1721 2974 1963 3020 affectivam3
1986 2973 2164 3021 eloquia,
2193 2973 2246 3010 ad
2273 2972 2430 3021 sapien-

1405 3037 1500 3074 tiam
1540 3036 1824 3074 dulcorativam
1832 3049 1843 3083 3
1890 3035 2082 3081 inventio,
2126 3035 2178 3072 ad
2216 3034 2432 3083 potentiam

1404 3098 1622 3146 agnitivam
1637 3111 1648 3145 ;
1670 3098 1810 3145 spolia,
1833 3097 1885 3134 ad
1903 3097 2134 3144 sapientiam
2152 3095 2431 3133 decorativam.

1449 3177 1589 3215 ¹J0an.,
1619 3183 1701 3216 vm,
1727 3177 1777 3206 44.
1803 3191 1844 3198 —
1872 3175 1886 3196 ἱ
1914 3174 1940 3205 ll
1970 3173 2131 3214 paralip„
2159 3180 2286 3211 xxxv1‚
2313 3174 2363 3205 14.
2391 3188 2432 3196 --

1405 3224 1419 3245 ³
1440 3222 1533 3254 Psal.
1557 3229 1677 3262 vaiu,
1696 3223 1727 3254 5.
1744 3239 1784 3245 —
1803 3220 1924 3252 1»Ρεαᾼ
1944 3220 2021 3261 hoc,
2043 3222 2094 3254 86.
2110 3236 2152 3244 —-
2170 3221 2181 3239 ⁵
2198 3219 2290 3251 Psal.
2311 3224 2432 3257 vam,

1407 3271 1459 3301 27.
1479 3286 1521 3293 —
1544 3269 1557 3290 θ
1577 3268 1665 3300 Psal.
1689 3276 1782 3308 cxix,
1802 3270 1832 3300 7.
1853 3285 1894 3291 —
1912 3267 1922 3286 ⁷
1947 3267 2076 3307 Tltren„
2097 3274 2156 3307 111,
2177 3268 2227 3298 52.
2247 3282 2288 3288 —-
2310 3265 2322 3284 ⁶
2341 3262 2432 3296 Psal.

1407 3323 1529 3355 xxxw,
1553 3317 1585 3347 7.
1604 3333 1644 3339 —
1667 3316 1678 3334 ⁹
1702 3315 1805 3354 Rom„
1826 3322 1897 3354 xu,
1920 3315 1971 3354 17,
1997 3315 2049 3345 21.
2071 3330 2112 3338 -
2137 3313 2164 3335 ¹0
2183 3313 2194 3344 1
2215 3312 2305 3352 1189..
2322 3317 2361 3350 11,
2384 3311 2434 3342 10.

1406 3379 1446 3384 —
1473 3364 1493 3381 ¹¹
1520 3361 1608 3393 Psal.
1631 3370 1708 3402 eiu,
1728 3363 1757 3394 7.
1776 3378 1818 3386 —-
1838 3363 1866 3384 ¹²
1884 3361 1967 3399 Ose„
1989 3368 2036 3401 xl,
2059 3362 2108 3392 10.
2127 3375 2168 3382 -
2199 3358 2241 3398 (α)
2266 3356 2381 3398 Suppl.
2402 3365 2432 3387 a.

1406 3426 1445 3434 -
1466 3409 1509 3450 (b)
1533 3409 1594 3442 Al.
1612 3409 1714 3441 finali.
