2633 3878
555 446 1464 524 ILLUMINATIONES
1545 447 2072 523 ECCLESIAE

964 635 1036 687 IN
1088 628 1660 686 ΗΕΧΑΕΜΕΒΟΝ1

1134 990 1493 1039 ARGUMENTUM

1050 1099 1130 1147 (Eoe
1165 1099 1322 1137 editione
1360 1098 1576 1146 Vaticana.)

316 1208 519 1253 Genesim
547 1213 722 1252 sanctus
741 1208 1054 1253 Bonaventura
1083 1222 1301 1267 exponere
1330 1221 1584 1266 aggressus,
1606 1211 1736 1267 caput
1762 1207 1884 1252 illius
1910 1209 2135 1268 primum,
2158 1224 2246 1269 quo
2271 1224 2383 1269 opus

250 1301 324 1330 sex
346 1286 519 1331 dierum
540 1302 565 1330 a
583 1286 701 1331 Mose
721 1292 952 1343 narratur,
977 1300 1162 1346 eamque
1195 1285 1250 1329 ob
1279 1301 1371 1329 rem
1394 1285 1700 1330 I-Iexaemeron
1729 1301 1868 1344 graece
1893 1286 2168 1346 appellatur,
2195 1286 2382 1330 scholas-

248 1364 331 1408 tico
363 1364 536 1409 dicendi
565 1380 724 1423 genere
756 1363 946 1424 explicat
979 1363 1121 1408 tribus
1160 1369 1201 1407 et
1229 1363 1390 1421 viginti
1425 1363 1726 1420 sermonibus,
1751 1379 1861 1423 quos
1891 1364 2130 1408 luminaria
2149 1364 2350 1409 Ecclesiae
2369 1400 2380 1421 ,

248 1441 674 1499 illuminationesve,
697 1458 773 1486 seu
813 1441 1002 1486 visiones
1040 1442 1241 1501 quinque
1274 1441 1480 1501 appellat.
1517 1441 1571 1485 Et
1604 1456 1706 1486 vero
1742 1441 1806 1500 is,
1836 1446 1885 1486 ut
1918 1441 1971 1486 ad
2002 1447 2090 1485 tam
2122 1443 2376 1501 praeclaram

247 1520 563 1579 expositionem
585 1520 755 1564 aditum
775 1519 860 1563 sibi
882 1519 1102 1563 illustrem
1123 1518 1307 1575 faceret,
1329 1519 1485 1578 primis
1507 1518 1647 1562 tribus
1668 1518 1962 1575 sermonibus,
1986 1534 2179 1579 quorum
2198 1519 2375 1564 initium

244 1597 348 1642 facit
367 1597 420 1642 ab
443 1598 497 1642 iis
516 1597 659 1641 verbis
686 1614 694 1641 :
724 1598 807 1640 «In
827 1596 970 1640 medio
990 1595 1190 1640 Ecclesiae
1210 1596 1382 1655 aperuit
1406 1611 1453 1640 os
1472 1595 1589 1655 ejus,
1616 1614 1638 1639 »
1661 1597 1744 1641 tria
1766 1596 1889 1640 docet
1906 1633 1917 1654 ,
1942 1596 2136 1657 primum
2157 1597 2228 1642 cui
2248 1598 2381 1643 collo-

245 1675 445 1734 quenda,
465 1674 790 1734 promendaque
810 1674 897 1718 sint
918 1674 1150 1734 mysteria:
1174 1674 1332 1718 deinde
1365 1690 1389 1718 a
1410 1690 1498 1734 quo
1514 1710 1525 1731 ,
1549 1680 1760 1735 tanquam
1782 1691 1806 1719 a
1827 1675 1987 1732 medio,
2012 1675 2185 1720 dicendi
2205 1676 2383 1721 initium

246 1753 364 1797 sumi
396 1757 593 1812 oporteat
618 1769 627 1796 :
653 1758 746 1796 tum
781 1767 911 1808 vero,
935 1752 1012 1796 ubi
1043 1751 1146 1795 finis
1172 1752 1346 1796 dicendi
1378 1752 1433 1796 sit
1465 1753 1768 1798 terminandus
1799 1770 1808 1797 :
1837 1753 2017 1798 demum
2046 1759 2141 1813 post
2171 1755 2309 1799 multa
2332 1754 2385 1799 de

249 1829 365 1874 dono
394 1830 617 1890 sapientiae
643 1835 686 1874 et
712 1829 961 1874 intellectus
993 1845 1095 1874 cum
1127 1829 1411 1887 disseruerit,
1445 1832 1664 1891 praecipue
1695 1832 1877 1892 reliquis
1910 1833 2186 1877 sermonibus
2223 1832 2383 1892 viginti

247 1908 425 1968 exponit
444 1908 521 1952 illa
532 1908 664 1952 Mosis
684 1907 818 1952 verba
837 1924 845 1951 :
865 1907 1013 1953 «Vidit
1033 1908 1149 1952 Deus
1169 1908 1287 1968 quod
1307 1908 1475 1953 bonum
1496 1915 1621 1955 esset.
1639 1927 1660 1952 ))
1684 1910 1790 1962 Quae
1809 1911 2064 1967 saneverba,
2084 1912 2189 1971 quia
2203 1917 2377 1957 tantum

246 1985 446 2045 quinque
483 1992 586 2030 sunt
609 2019 620 2041 ‚
655 1985 726 2031 vel
762 1986 907 2044 potius
940 1986 1152 2045 quoniam
1185 1985 1372 2043 singulis
1403 1986 1588 2044 diebus,
1623 1994 1801 2048 excepto
1832 1990 1902 2033 die
1935 1989 2126 2034 secundo
2153 2025 2164 2046 ‚
2199 1991 2382 2051 repetita

245 2062 458 2122 leguntur
483 2080 492 2107 :
513 2063 612 2108 ideo
631 2063 1007 2117 illuminationeS,
1031 2079 1107 2108 seu
1137 2062 1328 2108 visiones
1360 2064 1557 2124 quinque
1590 2080 1669 2125 pro
1700 2066 1866 2111 ratione
1893 2067 2066 2111 dierum
2090 2068 2144 2111 ab
2164 2083 2214 2112 eo
2235 2068 2379 2112 nomi-

243 2147 424 2185 nantur.
447 2141 717 2202 Loquuntur
737 2141 767 2185 ii
787 2141 966 2201 quidem
987 2156 1213 2186 sermones
1237 2142 1290 2186 de
1318 2142 1515 2187 veritatis
1535 2143 1783 2201 cognitione
1799 2179 1810 2200 ,
1836 2144 1888 2188 de
1908 2145 2148 2189 virtutibus
2164 2181 2174 2201 ,
2206 2161 2385 2192 earum-

243 2234 329 2280 que
350 2219 530 2278 officiis,
554 2219 607 2264 de
627 2234 756 2264 sacrae
784 2218 1023 2279 Scripturae
1053 2219 1368 2278 intelligentia,
1394 2220 1488 2279 ejus
1507 2221 1724 2280 mysteriis
1741 2257 1752 2278 ,
1776 2237 1824 2267 ac
1843 2222 2059 2267 fructibus
2078 2224 2345 2269 salutaribus
2363 2260 2375 2281 ,

243 2296 296 2342 de
315 2297 521 2343 Ecclesiae
541 2302 653 2342 statu
676 2332 687 2354 ,
712 2302 753 2341 et
774 2296 872 2340 aliis
903 2297 1088 2341 summis
1107 2332 1119 2354 ,
1144 2297 1481 2358 coelestibusque
1501 2299 1647 2344 rebus,
1673 2299 1788 2344 Sunt
1815 2305 1963 2344 autem
1983 2302 2262 2361 tropologicis
2282 2318 2379 2347 sen-

192 2424 197 2427 *
242 2375 363 2420 sibus
382 2376 523 2421 crebri
543 2411 554 2433 ,
577 2376 769 2436 mysticae
784 2411 795 2432 ,
818 2375 1173 2435 scholasticaeque
1193 2375 1442 2435 Theologiae
1461 2377 1630 2421 arcanis
1649 2377 1820 2436 referti,
1844 2379 1987 2423 omnis
2005 2378 2211 2425 doctrinae
2231 2381 2378 2439 splen-

242 2453 346 2498 dore
372 2454 594 2511 illustres,
630 2459 672 2498 et
701 2453 893 2514 quodam
920 2454 1238 2499 sententiarum
1276 2455 1402 2515 quasi
1427 2455 1581 2500 ardore
1613 2457 1806 2513 accensi,
1835 2473 1974 2516 usque
2009 2457 2116 2502 adeo
2146 2463 2195 2502 ut
2223 2473 2378 2504 eorum

242 2537 463 2576 auctorem
496 2531 622 2576 facile
655 2546 945 2589 agnoscamus
977 2531 1267 2592 Seraphicum
1293 2532 1523 2578 Doctorem
1543 2533 1902 2580 Bonaventuram
1923 2535 2247 2581 sanctissimum
2265 2571 2276 2593 ,
2300 2536 2378 2596 qui

243 2607 437 2653 docendo
457 2615 630 2666 movet,
651 2615 782 2669 atque
802 2608 1052 2655 inflammat
1071 2609 1520 2668 animos‘legentium.

531 2781 723 2827 SERMO
755 2781 972 2826 PRIMUS

237 2877 310 2921 Quo
342 2876 560 2922 ostenditur,
591 2878 622 2913 et
653 2878 711 2912 cui
739 2875 948 2922 loquendum
982 2876 1051 2917 επ,
1083 2877 1116 2911 et
1150 2885 1173 2910 α
1204 2885 1270 2921 quo

282 2938 428 2972 initium
459 2935 605 2972 dicendi
635 2936 872 2981 sumendum,
904 2945 1029 2981 nempe
1065 2945 1088 2970 a
1122 2936 1270 2971 Cnmsro

285 2996 456 3042 Domino,
490 2996 584 3042 quod
612 2995 766 3032 medium
801 2996 1013 3041 septiforme
1045 3004 1118 3031 esse
1150 2994 1270 3031 decla-

282 3059 398 3092 ratur.

287 3144 301 3165 ²
314 3143 366 3185 In
376 3142 515 3186 medio
535 3143 734 3186 Ecclesioe
755 3143 927 3195 aperuit
944 3152 990 3185 os
1010 3141 1118 3195 ejus,
1131 3145 1169 3186 et
1190 3143 1268 3185 im-

1346 2784 1503 2837 quibus
1539 2783 1662 2826 debet
1704 2785 1860 2839 loqui,
1899 2787 2002 2840 quja
2042 2787 2252 2831 Ecclesiae.
2289 2789 2383 2831 Non

1345 2856 1458 2896 enim
1490 2858 1504 2881 ³
1534 2856 1722 2898 dandum
1754 2861 1816 2898 est
1845 2862 2040 2901 sanctum
2068 2861 2269 2914 canibus,
2304 2874 2382 2903 nec

1345 2928 1593 2980 margaritae
1613 2929 1866 2982 spargendae
1895 2934 1994 2972 sunt
2012 2931 2122 2973 inter
2145 2933 2192 2985 (b)
2214 2945 2378 2987 porcos,

1345 2997 1559 3050 Secundo,
1582 3000 1656 3041 ubi
1677 3000 1800 3041 dehet
1818 3001 2026 3055 incipere,
2048 3004 2148 3056 quia
2167 3016 2190 3045 a
2219 3004 2376 3055 medio,

1344 3070 1458 3123 quod
1483 3073 1546 3112 est
1577 3070 1769 3113 Christus
1792 3087 1801 3114 ;
1827 3073 1942 3126 quod
1967 3074 2153 3115 medium
2179 3075 2214 3116 si
2237 3076 2380 3128 negli-

1344 3145 1488 3194 gatur,
1507 3143 1615 3183 nihil
1635 3144 1835 3186 habetur.
1857 3144 2012 3197 Tertio,
2035 3146 2109 3187 ubi
2129 3147 2375 3199 terminare,

229 3215 361 3269 plevit
391 3226 486 3258 eum
519 3215 724 3258 Dominus
755 3214 918 3268 spiritu
948 3215 1196 3267 sapientiae,
1231 3218 1270 3258 et

233 3288 492 3337 intellectus,
513 3289 592 3328 etc.
616 3287 663 3327 In
681 3287 824 3328 verbis
843 3285 935 3326 istis
951 3286 1070 3327 docet
1090 3285 1268 3339 Sapiens

232 3359 483 3413 prudentem
491 3360 540 3412 (a)
550 3390 559 3408 ,
569 3357 726 3412 quibus
735 3358 856 3399 dehet
864 3369 1103 3399 sermonem
1114 3358 1264 3411 depro-

233 3445 367 3485 mere,
387 3432 500 3474 unde
519 3432 727 3485 incipere,
744 3431 819 3472 ubi
837 3430 1084 3472 terminare.
1104 3428 1263 3481 Primo,

279 3543 284 3560 ¹
306 3542 361 3582 Cf.
379 3540 465 3574 Edit.
483 3539 674 3581 Arganthi,
691 3549 747 3571 an.
770 3540 862 3581 1495,
883 3539 969 3580 part.
990 3540 1022 3579 Ι;
1042 3537 1121 3571 edit.
1143 3538 1264 3579 vatic„

233 3599 287 3622 an.
308 3591 405 3630 1588,
419 3591 502 3621 tom.
517 3589 544 3629 I,
559 3596 637 3629 pag.
651 3590 692 3628 93
708 3587 787 3620 edit.
801 3588 972 3627 Ve11.‚au.
993 3587 1264 3626 1754,t0m.vm,

399 3660 498 3689 TOM.
530 3660 589 3688 lx.

1343 3214 1445 3266 quia
1463 3214 1508 3255 in
1532 3214 1818 3268 plenitudine,
1839 3228 1915 3257 seu
1943 3217 2265 3271 adinipletIOne,
2296 3219 2378 3272 spi-

1342 3286 1450 3327 ritus
1470 3286 1656 3329 scientiae
1675 3290 1716 3329 et
1734 3287 1986 3329 intellectus.

1395 3358 1477 3400 Sed
1495 3358 1632 3412 primo
1651 3359 1911 3413 loquendum
1931 3362 1995 3401 est
2021 3359 2072 3401 de
2100 3361 2225 3403 nobis
2246 3363 2371 3417 ipsis,

1342 3436 1383 3471 et
1402 3430 1654 3482 videndum,
1676 3431 1824 3484 quales
1851 3444 1941 3473 esse
1966 3432 2181 3476 debemus.
2201 3434 2245 3477 Si
2261 3436 2374 3477 enim

1341 3547 1418 3581 pag.
1436 3539 1485 3570 17.
1504 3556 1542 3562 —
1557 3540 1569 3557 2
1590 3538 1706 3579 Eccli„
1723 3547 1778 3578 xv,
1794 3540 1869 3571 5.-
1882 3539 1896 3562 ¹
1908 3540 2043 3583 Malim„
2067 3550 2128 3584 vir,
2141 3545 2211 3576 G.—
2230 3544 2276 3585 (a)
2294 3545 2372 3576 For-

1343 3590 1427 3619 tasse
1443 3587 1626 3627 lvyem‘lum,
1649 3588 1889 3628 prudenter,
1910 3588 1952 3629 (h)
1975 3590 2066 3631 Γαίῃ.
2092 3596 2182 3624 autc.

2187 3657 2211 3693 2
