<?xml version="1.0" encoding="UTF-8"?>
<!DOCTYPE html PUBLIC "-//W3C//DTD XHTML 1.0 Transitional//EN"
    "http://www.w3.org/TR/xhtml1/DTD/xhtml1-transitional.dtd">
<html xmlns="http://www.w3.org/1999/xhtml" xml:lang="en" lang="en">
 <head>
  <title>
</title>
<meta http-equiv="Content-Type" content="text/html;charset=utf-8" />
  <meta name='ocr-system' content='tesseract 3.04.00' />
  <meta name='ocr-capabilities' content='ocr_page ocr_carea ocr_par ocr_line ocrx_word'/>
</head>
<body>
  <div class='ocr_page' id='page_1' title='image "./operaomniasixtiv09bonauoft_0451.png"; bbox 0 0 2633 3878; ppageno 0'>
   <div class='ocr_carea' id='block_1_1' title="bbox 1084 272 1531 317">
    <p class='ocr_par' dir='ltr' id='par_1_1' title="bbox 1084 272 1531 317">
     <span class='ocr_line' id='line_1_1' title="bbox 1084 272 1531 317; baseline 0.007 -4"><span class='ocrx_word' id='word_1_1' title='bbox 1084 272 1327 315; x_wconf 83' lang='lat' dir='ltr'>PSALMUS</span> <span class='ocrx_word' id='word_1_2' title='bbox 1357 275 1531 317; x_wconf 84' lang='lat' dir='ltr'>CXVlll.</span> 
     </span>
    </p>
   </div>
   <div class='ocr_carea' id='block_1_2' title="bbox 235 362 1267 538">
    <p class='ocr_par' dir='ltr' id='par_1_2' title="bbox 235 362 1267 538">
     <span class='ocr_line' id='line_1_2' title="bbox 235 362 1266 414; baseline -0.007 -9"><span class='ocrx_word' id='word_1_3' title='bbox 235 369 358 405; x_wconf 86' lang='lat' dir='ltr'>Deum</span> <span class='ocrx_word' id='word_1_4' title='bbox 388 369 579 414; x_wconf 89' lang='lat' dir='ltr'>tanquam</span> <span class='ocrx_word' id='word_1_5' title='bbox 616 365 887 402; x_wconf 88' lang='lat' dir='ltr'>testificantem</span> <span class='ocrx_word' id='word_1_6' title='bbox 924 372 1113 408; x_wconf 84' lang='lat' dir='ltr'>noscere;</span> <span class='ocrx_word' id='word_1_7' title='bbox 1141 362 1266 399; x_wconf 49' lang='lat' dir='ltr'>ret&#39;or„</span> 
     </span>
     <span class='ocr_line' id='line_1_3' title="bbox 235 427 1267 473; baseline -0.007 -5"><span class='ocrx_word' id='word_1_8' title='bbox 235 432 434 468; x_wconf 86' lang='lat' dir='ltr'>matorum</span> <span class='ocrx_word' id='word_1_9' title='bbox 456 431 511 466; x_wconf 86' lang='lat' dir='ltr'>est</span> <span class='ocrx_word' id='word_1_10' title='bbox 543 428 596 466; x_wconf 91' lang='lat' dir='ltr'>ad</span> <span class='ocrx_word' id='word_1_11' title='bbox 626 429 748 464; x_wconf 90' lang='lat' dir='ltr'>Deum</span> <span class='ocrx_word' id='word_1_12' title='bbox 777 429 968 473; x_wconf 82' lang='lat' dir='ltr'>tanquam</span> <span class='ocrx_word' id='word_1_13' title='bbox 996 427 1200 462; x_wconf 83' lang='lat' dir='ltr'><strong>auctorem</strong></span> <span class='ocrx_word' id='word_1_14' title='bbox 1227 435 1267 461; x_wconf 91' lang='lat' dir='ltr'>se</span> 
     </span>
     <span class='ocr_line' id='line_1_4' title="bbox 235 487 1266 538; baseline -0.006 -8"><span class='ocrx_word' id='word_1_15' title='bbox 235 495 480 538; x_wconf 82' lang='lat' dir='ltr'>convertere3</span> <span class='ocrx_word' id='word_1_16' title='bbox 509 490 845 528; x_wconf 81' lang='lat' dir='ltr'>conformatorum</span> <span class='ocrx_word' id='word_1_17' title='bbox 882 490 952 534; x_wconf 88' lang='lat' dir='ltr'>est,</span> <span class='ocrx_word' id='word_1_18' title='bbox 992 487 1170 535; x_wconf 89' lang='lat' dir='ltr'>ejusdem</span> <span class='ocrx_word' id='word_1_19' title='bbox 1206 487 1266 524; x_wconf 85' lang='lat' dir='ltr'>sa-</span> 
     </span>
    </p>
   </div>
   <div class='ocr_carea' id='block_1_3' title="bbox 235 554 577 592">
    <p class='ocr_par' dir='ltr' id='par_1_3' title="bbox 235 554 577 592">
     <span class='ocr_line' id='line_1_5' title="bbox 235 554 577 592; baseline -0.006 0"><span class='ocrx_word' id='word_1_20' title='bbox 235 555 353 592; x_wconf 88' lang='lat' dir='ltr'>mulis</span> <span class='ocrx_word' id='word_1_21' title='bbox 368 554 577 592; x_wconf 81' lang='lat' dir='ltr'>cohaerere.</span> 
     </span>
    </p>
   </div>
   <div class='ocr_carea' id='block_1_4' title="bbox 564 658 933 703">
    <p class='ocr_par' dir='ltr' id='par_1_4' title="bbox 564 658 933 703">
     <span class='ocr_line' id='line_1_6' title="bbox 564 658 933 703; baseline -0.003 -10"><span class='ocrx_word' id='word_1_22' title='bbox 564 658 754 693; x_wconf 76' lang='lat' dir='ltr'>Articulus</span> <span class='ocrx_word' id='word_1_23' title='bbox 780 658 933 703; x_wconf 74' lang='lat' dir='ltr'>primus.</span> 
     </span>
    </p>
   </div>
   <div class='ocr_carea' id='block_1_5' title="bbox 217 738 1268 2275">
    <p class='ocr_par' dir='ltr' id='par_1_5' title="bbox 217 738 1268 2275">
     <span class='ocr_line' id='line_1_7' title="bbox 279 738 1264 783; baseline -0.006 -3"><span class='ocrx_word' id='word_1_24' title='bbox 279 742 429 780; x_wconf 89' lang='lat' dir='ltr'>Primus</span> <span class='ocrx_word' id='word_1_25' title='bbox 440 741 625 779; x_wconf 83' lang='lat' dir='ltr'>articulus</span> <span class='ocrx_word' id='word_1_26' title='bbox 635 751 717 777; x_wconf 91' lang='lat' dir='ltr'>non</span> <span class='ocrx_word' id='word_1_27' title='bbox 731 740 950 777; x_wconf 91' lang='lat' dir='ltr'>secundum</span> <span class='ocrx_word' id='word_1_28' title='bbox 962 739 1103 776; x_wconf 87' lang='lat' dir='ltr'>seriem</span> <span class='ocrx_word' id='word_1_29' title='bbox 1118 738 1264 783; x_wconf 69' lang='lat' dir='ltr'>litterae,</span> 
     </span>
     <span class='ocr_line' id='line_1_8' title="bbox 231 801 1265 846; baseline -0.005 -5"><span class='ocrx_word' id='word_1_30' title='bbox 231 805 300 841; x_wconf 90' lang='lat' dir='ltr'>scd</span> <span class='ocrx_word' id='word_1_31' title='bbox 328 803 547 841; x_wconf 84' lang='lat' dir='ltr'>secundum</span> <span class='ocrx_word' id='word_1_32' title='bbox 588 802 769 840; x_wconf 86' lang='lat' dir='ltr'>ordinem</span> <span class='ocrx_word' id='word_1_33' title='bbox 809 801 1007 838; x_wconf 74' lang='lat' dir='ltr'>sententiae</span> <span class='ocrx_word' id='word_1_34' title='bbox 1043 801 1265 846; x_wconf 86' lang='lat' dir='ltr'>denotatur,</span> 
     </span>
     <span class='ocr_line' id='line_1_9' title="bbox 231 861 1268 909; baseline -0.005 -6"><span class='ocrx_word' id='word_1_35' title='bbox 231 877 321 903; x_wconf 91' lang='lat' dir='ltr'>cum</span> <span class='ocrx_word' id='word_1_36' title='bbox 341 866 508 902; x_wconf 90' lang='lat' dir='ltr'>dicitur:</span> <span class='ocrx_word' id='word_1_37' title='bbox 530 867 708 901; x_wconf 77' lang='lat' dir='ltr'>Timentes</span> <span class='ocrx_word' id='word_1_38' title='bbox 723 868 768 900; x_wconf 81' lang='lat' dir='ltr'>te.</span> <span class='ocrx_word' id='word_1_39' title='bbox 786 863 979 900; x_wconf 80' lang='lat' dir='ltr'>Timentes</span> <span class='ocrx_word' id='word_1_40' title='bbox 992 861 1268 909; x_wconf 85' lang='lat' dir='ltr'>hujuscemodi</span> 
     </span>
     <span class='ocr_line' id='line_1_10' title="bbox 230 925 1267 975; baseline -0.003 -12"><span class='ocrx_word' id='word_1_41' title='bbox 230 927 497 974; x_wconf 90' lang='lat' dir='ltr'>dicipossunt,</span> <span class='ocrx_word' id='word_1_42' title='bbox 515 927 757 975; x_wconf 81' lang='lat' dir='ltr'>quicumque</span> <span class='ocrx_word' id='word_1_43' title='bbox 772 925 980 962; x_wconf 84' lang='lat' dir='ltr'>deformati</span> <span class='ocrx_word' id='word_1_44' title='bbox 993 927 1085 961; x_wconf 87' lang='lat' dir='ltr'>sunt</span> <span class='ocrx_word' id='word_1_45' title='bbox 1101 936 1109 961; x_wconf 75' lang='grc' dir='ltr'><strong><em>ε</em></strong></span> <span class='ocrx_word' id='word_1_46' title='bbox 1126 934 1267 972; x_wconf 88' lang='lat' dir='ltr'>quam-</span> 
     </span>
     <span class='ocr_line' id='line_1_11' title="bbox 229 987 1264 1035; baseline -0.003 -10"><span class='ocrx_word' id='word_1_47' title='bbox 229 989 368 1025; x_wconf 91' lang='lat' dir='ltr'>obrem</span> <span class='ocrx_word' id='word_1_48' title='bbox 395 990 518 1025; x_wconf 88' lang='lat' dir='ltr'>Deum</span> <span class='ocrx_word' id='word_1_49' title='bbox 552 991 743 1035; x_wconf 85' lang='lat' dir='ltr'>tanquam</span> <span class='ocrx_word' id='word_1_50' title='bbox 764 987 940 1034; x_wconf 87' lang='lat' dir='ltr'>judicem</span> <span class='ocrx_word' id='word_1_51' title='bbox 974 987 1264 1034; x_wconf 88' lang='lat' dir='ltr'>pertimescunt.</span> 
     </span>
     <span class='ocr_line' id='line_1_12' title="bbox 228 1050 1267 1100; baseline -0.002 -12"><span class='ocrx_word' id='word_1_52' title='bbox 228 1053 282 1088; x_wconf 89' lang='lat' dir='ltr'>lta</span> <span class='ocrx_word' id='word_1_53' title='bbox 294 1051 421 1089; x_wconf 86' lang='lat' dir='ltr'>solent</span> <span class='ocrx_word' id='word_1_54' title='bbox 434 1052 571 1090; x_wconf 88' lang='lat' dir='ltr'>timere</span> <span class='ocrx_word' id='word_1_55' title='bbox 582 1063 759 1100; x_wconf 75' lang='lat' dir='ltr'>personae</span> <span class='ocrx_word' id='word_1_56' title='bbox 778 1051 989 1095; x_wconf 76' lang='lat' dir='ltr'>deliciosae,</span> <span class='ocrx_word' id='word_1_57' title='bbox 1011 1050 1219 1087; x_wconf 84' lang='lat' dir='ltr'>desidiosae</span> <span class='ocrx_word' id='word_1_58' title='bbox 1232 1053 1267 1086; x_wconf 90' lang='lat' dir='ltr'>et</span> 
     </span>
     <span class='ocr_line' id='line_1_13' title="bbox 228 1113 1266 1162; baseline -0.003 -11"><span class='ocrx_word' id='word_1_59' title='bbox 228 1114 447 1152; x_wconf 71' lang='lat' dir='ltr'>ambitiosae</span> <span class='ocrx_word' id='word_1_60' title='bbox 471 1128 479 1151; x_wconf 90' lang='lat'><strong>:</strong></span> <span class='ocrx_word' id='word_1_61' title='bbox 499 1125 669 1162; x_wconf 88' lang='lat' dir='ltr'>quarum</span> <span class='ocrx_word' id='word_1_62' title='bbox 689 1113 827 1162; x_wconf 81' lang='lat' dir='ltr'>primoe</span> <span class='ocrx_word' id='word_1_63' title='bbox 841 1116 931 1150; x_wconf 91' lang='lat' dir='ltr'>sunt</span> <span class='ocrx_word' id='word_1_64' title='bbox 949 1124 1021 1161; x_wconf 86' lang='lat' dir='ltr'>per</span> <span class='ocrx_word' id='word_1_65' title='bbox 1039 1113 1266 1161; x_wconf 83' lang='lat' dir='ltr'>spurcitiam</span> 
     </span>
     <span class='ocr_line' id='line_1_14' title="bbox 228 1176 1266 1225; baseline -0.001 -12"><span class='ocrx_word' id='word_1_66' title='bbox 228 1177 456 1215; x_wconf 79' lang='lat' dir='ltr'>deformatae</span> <span class='ocrx_word' id='word_1_67' title='bbox 468 1191 478 1225; x_wconf 84' lang='lat'>3</span> <span class='ocrx_word' id='word_1_68' title='bbox 501 1178 697 1223; x_wconf 60' lang='lat' dir='ltr'>secundae,</span> <span class='ocrx_word' id='word_1_69' title='bbox 718 1188 790 1224; x_wconf 87' lang='lat' dir='ltr'>per</span> <span class='ocrx_word' id='word_1_70' title='bbox 803 1177 1003 1224; x_wconf 82' lang='lat' dir='ltr'>pigritiam</span> <span class='ocrx_word' id='word_1_71' title='bbox 1014 1190 1024 1223; x_wconf 87' lang='lat'>;</span> <span class='ocrx_word' id='word_1_72' title='bbox 1040 1176 1175 1222; x_wconf 72' lang='lat' dir='ltr'>tertiae,</span> <span class='ocrx_word' id='word_1_73' title='bbox 1195 1186 1266 1223; x_wconf 88' lang='lat' dir='ltr'>per</span> 
     </span>
     <span class='ocr_line' id='line_1_15' title="bbox 226 1237 1267 1287; baseline 0 -12"><span class='ocrx_word' id='word_1_74' title='bbox 226 1239 468 1287; x_wconf 82' lang='lat' dir='ltr'>superbiam.</span> <span class='ocrx_word' id='word_1_75' title='bbox 499 1241 549 1276; x_wconf 90' lang='lat' dir='ltr'>De</span> <span class='ocrx_word' id='word_1_76' title='bbox 580 1239 711 1287; x_wconf 89' lang='lat' dir='ltr'>primo</span> <span class='ocrx_word' id='word_1_77' title='bbox 735 1241 745 1262; x_wconf 85' lang='lat'><strong>¹</strong></span> <span class='ocrx_word' id='word_1_78' title='bbox 767 1253 778 1275; x_wconf 91' lang='lat'>.·</span> <span class='ocrx_word' id='word_1_79' title='bbox 806 1253 823 1273; x_wconf 84' lang='lat'>«</span> <span class='ocrx_word' id='word_1_80' title='bbox 841 1239 901 1277; x_wconf 91' lang='lat' dir='ltr'>Sic</span> <span class='ocrx_word' id='word_1_81' title='bbox 941 1238 1142 1276; x_wconf 79' lang='lat' dir='ltr'>faciebatis</span> <span class='ocrx_word' id='word_1_82' title='bbox 1164 1237 1267 1275; x_wconf 88' lang='lat' dir='ltr'>filia-</span> 
     </span>
     <span class='ocr_line' id='line_1_16' title="bbox 226 1300 1267 1348; baseline 0 -11"><span class='ocrx_word' id='word_1_83' title='bbox 226 1300 302 1337; x_wconf 91' lang='lat' dir='ltr'>bus</span> <span class='ocrx_word' id='word_1_84' title='bbox 328 1301 446 1339; x_wconf 90' lang='lat' dir='ltr'>Israel</span> <span class='ocrx_word' id='word_1_85' title='bbox 468 1303 533 1338; x_wconf 89' lang='lat' dir='ltr'>:et</span> <span class='ocrx_word' id='word_1_86' title='bbox 570 1301 646 1338; x_wconf 82' lang='lat' dir='ltr'>illae</span> <span class='ocrx_word' id='word_1_87' title='bbox 683 1302 862 1338; x_wconf 87' lang='lat' dir='ltr'>timentes</span> <span class='ocrx_word' id='word_1_88' title='bbox 889 1300 1157 1348; x_wconf 84' lang='lat' dir='ltr'>loquebantur</span> <span class='ocrx_word' id='word_1_89' title='bbox 1195 1311 1267 1337; x_wconf 87' lang='lat' dir='ltr'>vo-</span> 
     </span>
     <span class='ocr_line' id='line_1_17' title="bbox 225 1362 1265 1410; baseline -0.002 -10"><span class='ocrx_word' id='word_1_90' title='bbox 225 1363 299 1401; x_wconf 89' lang='lat' dir='ltr'>bis.</span> <span class='ocrx_word' id='word_1_91' title='bbox 321 1377 338 1399; x_wconf 82' lang='grc'>»</span> <span class='ocrx_word' id='word_1_92' title='bbox 356 1365 427 1401; x_wconf 86' lang='lat' dir='ltr'>Per</span> <span class='ocrx_word' id='word_1_93' title='bbox 445 1363 538 1400; x_wconf 87' lang='lat' dir='ltr'>istas</span> <span class='ocrx_word' id='word_1_94' title='bbox 558 1363 674 1401; x_wconf 86' lang='lat' dir='ltr'>lsrael</span> <span class='ocrx_word' id='word_1_95' title='bbox 693 1363 795 1400; x_wconf 88' lang='lat' dir='ltr'>filias</span> <span class='ocrx_word' id='word_1_96' title='bbox 810 1363 1089 1400; x_wconf 88' lang='lat' dir='ltr'>convenienter</span> <span class='ocrx_word' id='word_1_97' title='bbox 1119 1362 1265 1410; x_wconf 88' lang='lat' dir='ltr'>accipi-</span> 
     </span>
     <span class='ocr_line' id='line_1_18' title="bbox 225 1420 1264 1475; baseline -0.001 -11"><span class='ocrx_word' id='word_1_98' title='bbox 225 1438 312 1465; x_wconf 91' lang='lat' dir='ltr'>mus</span> <span class='ocrx_word' id='word_1_99' title='bbox 329 1437 519 1475; x_wconf 88' lang='lat' dir='ltr'>personas</span> <span class='ocrx_word' id='word_1_100' title='bbox 552 1427 754 1472; x_wconf 81' lang='lat' dir='ltr'>delicatas,</span> <span class='ocrx_word' id='word_1_101' title='bbox 793 1427 981 1475; x_wconf 89' lang='lat' dir='ltr'>spurcitia</span> <span class='ocrx_word' id='word_1_102' title='bbox 1013 1420 1264 1474; x_wconf 80' lang='lat' dir='ltr'>deformatas,</span> 
     </span>
     <span class='ocr_line' id='line_1_19' title="bbox 225 1489 1266 1539; baseline -0.002 -11"><span class='ocrx_word' id='word_1_103' title='bbox 225 1501 314 1539; x_wconf 85' lang='lat' dir='ltr'>quae</span> <span class='ocrx_word' id='word_1_104' title='bbox 338 1491 557 1539; x_wconf 89' lang='lat' dir='ltr'>loquuntur</span> <span class='ocrx_word' id='word_1_105' title='bbox 570 1491 760 1537; x_wconf 78' lang='lat' dir='ltr'>timentes,</span> <span class='ocrx_word' id='word_1_106' title='bbox 771 1501 822 1538; x_wconf 89' lang='lat' dir='ltr'>qu</span> <span class='ocrx_word' id='word_1_107' title='bbox 829 1490 884 1527; x_wconf 88' lang='lat' dir='ltr'>asi</span> <span class='ocrx_word' id='word_1_108' title='bbox 895 1489 1153 1526; x_wconf 85' lang='lat' dir='ltr'>conscientias</span> <span class='ocrx_word' id='word_1_109' title='bbox 1174 1500 1266 1526; x_wconf 90' lang='lat' dir='ltr'>cau-</span> 
     </span>
     <span class='ocr_line' id='line_1_20' title="bbox 223 1552 1264 1598; baseline 0 -10"><span class='ocrx_word' id='word_1_110' title='bbox 223 1553 381 1590; x_wconf 85' lang='lat' dir='ltr'>teriatas</span> <span class='ocrx_word' id='word_1_111' title='bbox 400 1553 605 1590; x_wconf 76' lang='lat' dir='ltr'>habentes,</span> <span class='ocrx_word' id='word_1_112' title='bbox 627 1554 678 1589; x_wconf 90' lang='lat' dir='ltr'>De</span> <span class='ocrx_word' id='word_1_113' title='bbox 693 1553 869 1590; x_wconf 91' lang='lat' dir='ltr'>secundo</span> <span class='ocrx_word' id='word_1_114' title='bbox 890 1553 902 1573; x_wconf 69' lang='lat'><strong>2</strong></span> <span class='ocrx_word' id='word_1_115' title='bbox 926 1564 934 1588; x_wconf 91' lang='lat'>:</span> <span class='ocrx_word' id='word_1_116' title='bbox 960 1566 976 1586; x_wconf 77' lang='grc' dir='ltr'>(ι</span> <span class='ocrx_word' id='word_1_117' title='bbox 995 1552 1149 1589; x_wconf 86' lang='lat' dir='ltr'>Timens</span> <span class='ocrx_word' id='word_1_118' title='bbox 1170 1552 1264 1598; x_wconf 89' lang='lat' dir='ltr'>abii,</span> 
     </span>
     <span class='ocr_line' id='line_1_21' title="bbox 224 1615 1265 1652; baseline 0 0"><span class='ocrx_word' id='word_1_119' title='bbox 224 1618 261 1651; x_wconf 85' lang='lat' dir='ltr'>et</span> <span class='ocrx_word' id='word_1_120' title='bbox 279 1615 470 1652; x_wconf 87' lang='lat' dir='ltr'>abscondi</span> <span class='ocrx_word' id='word_1_121' title='bbox 510 1615 699 1652; x_wconf 85' lang='lat' dir='ltr'>talentum</span> <span class='ocrx_word' id='word_1_122' title='bbox 734 1618 845 1652; x_wconf 89' lang='lat' dir='ltr'>tuum</span> <span class='ocrx_word' id='word_1_123' title='bbox 883 1615 923 1651; x_wconf 91' lang='lat' dir='ltr'>in</span> <span class='ocrx_word' id='word_1_124' title='bbox 958 1618 1073 1652; x_wconf 83' lang='lat' dir='ltr'>terra.</span> <span class='ocrx_word' id='word_1_125' title='bbox 1096 1628 1113 1649; x_wconf 69' lang='lat' dir='ltr'>n</span> <span class='ocrx_word' id='word_1_126' title='bbox 1137 1615 1265 1652; x_wconf 87' lang='lat' dir='ltr'>Verba</span> 
     </span>
     <span class='ocr_line' id='line_1_22' title="bbox 222 1674 1264 1723; baseline 0 -11"><span class='ocrx_word' id='word_1_127' title='bbox 222 1678 311 1714; x_wconf 89' lang='lat' dir='ltr'>sunt</span> <span class='ocrx_word' id='word_1_128' title='bbox 330 1676 432 1713; x_wconf 88' lang='lat' dir='ltr'>servi</span> <span class='ocrx_word' id='word_1_129' title='bbox 447 1675 651 1722; x_wconf 89' lang='lat' dir='ltr'>desidiosi,</span> <span class='ocrx_word' id='word_1_130' title='bbox 671 1676 830 1723; x_wconf 80' lang='lat' dir='ltr'>pigritia</span> <span class='ocrx_word' id='word_1_131' title='bbox 867 1674 1092 1713; x_wconf 79' lang='lat' dir='ltr'>deformati.</span> <span class='ocrx_word' id='word_1_132' title='bbox 1126 1676 1264 1713; x_wconf 89' lang='lat' dir='ltr'>Servus</span> 
     </span>
     <span class='ocr_line' id='line_1_23' title="bbox 221 1738 1263 1786; baseline 0.001 -11"><span class='ocrx_word' id='word_1_133' title='bbox 221 1738 291 1776; x_wconf 92' lang='lat' dir='ltr'>iste</span> <span class='ocrx_word' id='word_1_134' title='bbox 308 1738 380 1776; x_wconf 91' lang='lat' dir='ltr'>fuit</span> <span class='ocrx_word' id='word_1_135' title='bbox 397 1738 553 1785; x_wconf 89' lang='lat' dir='ltr'>timens,</span> <span class='ocrx_word' id='word_1_136' title='bbox 576 1738 647 1775; x_wconf 90' lang='lat' dir='ltr'>sed</span> <span class='ocrx_word' id='word_1_137' title='bbox 672 1738 892 1783; x_wconf 86' lang='lat' dir='ltr'>temerarie,</span> <span class='ocrx_word' id='word_1_138' title='bbox 913 1738 1008 1786; x_wconf 89' lang='lat' dir='ltr'>quia</span> <span class='ocrx_word' id='word_1_139' title='bbox 1028 1738 1156 1776; x_wconf 90' lang='lat' dir='ltr'>timuit</span> <span class='ocrx_word' id='word_1_140' title='bbox 1172 1749 1263 1786; x_wconf 90' lang='lat' dir='ltr'>pro-</span> 
     </span>
     <span class='ocr_line' id='line_1_24' title="bbox 220 1800 1263 1848; baseline 0 -11"><span class='ocrx_word' id='word_1_141' title='bbox 220 1800 352 1846; x_wconf 89' lang='lat' dir='ltr'>ficere,</span> <span class='ocrx_word' id='word_1_142' title='bbox 368 1811 450 1838; x_wconf 92' lang='lat' dir='ltr'>non</span> <span class='ocrx_word' id='word_1_143' title='bbox 465 1801 598 1838; x_wconf 90' lang='lat' dir='ltr'>timuit</span> <span class='ocrx_word' id='word_1_144' title='bbox 612 1800 780 1838; x_wconf 86' lang='lat' dir='ltr'>deficere</span> <span class='ocrx_word' id='word_1_145' title='bbox 790 1813 800 1847; x_wconf 86' lang='lat'><em>3</em></span> <span class='ocrx_word' id='word_1_146' title='bbox 822 1800 1087 1847; x_wconf 82' lang='lat' dir='ltr'>negligentior</span> <span class='ocrx_word' id='word_1_147' title='bbox 1102 1801 1155 1837; x_wconf 90' lang='lat' dir='ltr'>ad</span> <span class='ocrx_word' id='word_1_148' title='bbox 1173 1811 1263 1848; x_wconf 88' lang='lat' dir='ltr'>pro-</span> 
     </span>
     <span class='ocr_line' id='line_1_25' title="bbox 219 1862 1259 1908; baseline 0 -9"><span class='ocrx_word' id='word_1_149' title='bbox 219 1862 379 1908; x_wconf 86' lang='lat' dir='ltr'>fectum,</span> <span class='ocrx_word' id='word_1_150' title='bbox 417 1863 607 1900; x_wconf 86' lang='lat' dir='ltr'>audacior</span> <span class='ocrx_word' id='word_1_151' title='bbox 643 1862 695 1900; x_wconf 88' lang='lat' dir='ltr'>ad</span> <span class='ocrx_word' id='word_1_152' title='bbox 734 1862 942 1900; x_wconf 86' lang='lat' dir='ltr'>defectum.</span> <span class='ocrx_word' id='word_1_153' title='bbox 981 1865 1032 1899; x_wconf 91' lang='lat' dir='ltr'>De</span> <span class='ocrx_word' id='word_1_154' title='bbox 1069 1863 1182 1900; x_wconf 86' lang='lat' dir='ltr'>tertio</span> <span class='ocrx_word' id='word_1_155' title='bbox 1216 1864 1229 1885; x_wconf 75' lang='lat'>³</span> <span class='ocrx_word' id='word_1_156' title='bbox 1251 1876 1259 1899; x_wconf 76' lang='grc' dir='ltr'>ε</span> 
     </span>
     <span class='ocr_line' id='line_1_26' title="bbox 226 1924 1263 1971; baseline 0 -10"><span class='ocrx_word' id='word_1_157' title='bbox 226 1937 244 1957; x_wconf 79' lang='grc' dir='ltr'>α</span> <span class='ocrx_word' id='word_1_158' title='bbox 258 1924 431 1962; x_wconf 82' lang='lat' dir='ltr'>Adonias</span> <span class='ocrx_word' id='word_1_159' title='bbox 450 1924 591 1962; x_wconf 89' lang='lat' dir='ltr'>timens</span> <span class='ocrx_word' id='word_1_160' title='bbox 611 1924 864 1962; x_wconf 89' lang='lat' dir='ltr'>Salomonem</span> <span class='ocrx_word' id='word_1_161' title='bbox 898 1925 1078 1971; x_wconf 78' lang='lat' dir='ltr'>surrexit,</span> <span class='ocrx_word' id='word_1_162' title='bbox 1110 1926 1148 1961; x_wconf 91' lang='lat' dir='ltr'>et</span> <span class='ocrx_word' id='word_1_163' title='bbox 1167 1925 1263 1962; x_wconf 87' lang='lat' dir='ltr'>abiit</span> 
     </span>
     <span class='ocr_line' id='line_1_27' title="bbox 220 1985 1261 2035; baseline 0.002 -13"><span class='ocrx_word' id='word_1_164' title='bbox 220 1985 262 2023; x_wconf 90' lang='lat' dir='ltr'>in</span> <span class='ocrx_word' id='word_1_165' title='bbox 281 1986 582 2024; x_wconf 88' lang='lat' dir='ltr'>tabernaculum</span> <span class='ocrx_word' id='word_1_166' title='bbox 611 1986 779 2030; x_wconf 80' lang='lat' dir='ltr'>Domini,</span> <span class='ocrx_word' id='word_1_167' title='bbox 799 2000 817 2020; x_wconf 82' lang='grc'>»</span> <span class='ocrx_word' id='word_1_168' title='bbox 860 1988 931 2023; x_wconf 84' lang='lat' dir='ltr'>ete.</span> <span class='ocrx_word' id='word_1_169' title='bbox 972 1986 1160 2032; x_wconf 82' lang='lat' dir='ltr'>Adonias,</span> <span class='ocrx_word' id='word_1_170' title='bbox 1191 1987 1261 2035; x_wconf 86' lang='lat' dir='ltr'>qui</span> 
     </span>
     <span class='ocr_line' id='line_1_28' title="bbox 219 2050 1260 2099; baseline 0.002 -13"><span class='ocrx_word' id='word_1_171' title='bbox 219 2059 387 2096; x_wconf 87' lang='lat' dir='ltr'>regnum</span> <span class='ocrx_word' id='word_1_172' title='bbox 413 2050 621 2097; x_wconf 86' lang='lat' dir='ltr'>ambierat,</span> <span class='ocrx_word' id='word_1_173' title='bbox 658 2061 873 2099; x_wconf 83' lang='lat' dir='ltr'>personam</span> <span class='ocrx_word' id='word_1_174' title='bbox 910 2050 1162 2088; x_wconf 84' lang='lat' dir='ltr'>ambitiosam</span> <span class='ocrx_word' id='word_1_175' title='bbox 1194 2061 1260 2088; x_wconf 85' lang='lat' dir='ltr'>su-</span> 
     </span>
     <span class='ocr_line' id='line_1_29' title="bbox 217 2111 1259 2160; baseline 0 -10"><span class='ocrx_word' id='word_1_176' title='bbox 217 2111 358 2160; x_wconf 88' lang='lat' dir='ltr'>perbia</span> <span class='ocrx_word' id='word_1_177' title='bbox 389 2112 651 2150; x_wconf 86' lang='lat' dir='ltr'>deformatam</span> <span class='ocrx_word' id='word_1_178' title='bbox 689 2113 903 2160; x_wconf 87' lang='lat' dir='ltr'>designat:</span> <span class='ocrx_word' id='word_1_179' title='bbox 928 2116 964 2150; x_wconf 89' lang='lat' dir='ltr'>et</span> <span class='ocrx_word' id='word_1_180' title='bbox 981 2113 1083 2159; x_wconf 71' lang='lat' dir='ltr'>{ideo</span> <span class='ocrx_word' id='word_1_181' title='bbox 1116 2113 1259 2150; x_wconf 86' lang='lat' dir='ltr'>timens</span> 
     </span>
     <span class='ocr_line' id='line_1_30' title="bbox 219 2174 1258 2223; baseline 0.003 -13"><span class='ocrx_word' id='word_1_182' title='bbox 219 2174 329 2220; x_wconf 87' lang='lat' dir='ltr'>abiit,</span> <span class='ocrx_word' id='word_1_183' title='bbox 348 2175 489 2223; x_wconf 79' lang='lat' dir='ltr'>refugii</span> <span class='ocrx_word' id='word_1_184' title='bbox 510 2175 645 2212; x_wconf 84' lang='lat' dir='ltr'>locum</span> <span class='ocrx_word' id='word_1_185' title='bbox 665 2176 775 2221; x_wconf 89' lang='lat' dir='ltr'>adiit,</span> <span class='ocrx_word' id='word_1_186' title='bbox 799 2175 894 2223; x_wconf 89' lang='lat' dir='ltr'>quia</span> <span class='ocrx_word' id='word_1_187' title='bbox 931 2175 1177 2213; x_wconf 65' lang='lat' dir='ltr'>conscientiae</span> <span class='ocrx_word' id='word_1_188' title='bbox 1196 2186 1258 2213; x_wconf 90' lang='lat' dir='ltr'>re·</span> 
     </span>
     <span class='ocr_line' id='line_1_31' title="bbox 218 2237 568 2275; baseline 0.009 -3"><span class='ocrx_word' id='word_1_189' title='bbox 218 2246 398 2274; x_wconf 89' lang='lat' dir='ltr'>morsum</span> <span class='ocrx_word' id='word_1_190' title='bbox 417 2237 568 2275; x_wconf 88' lang='lat' dir='ltr'>habuit.</span> 
     </span>
    </p>
   </div>
   <div class='ocr_carea' id='block_1_6' title="bbox 537 2344 931 2381">
    <p class='ocr_par' dir='ltr' id='par_1_6' title="bbox 537 2344 931 2381">
     <span class='ocr_line' id='line_1_32' title="bbox 537 2344 931 2381; baseline 0.003 -1"><span class='ocrx_word' id='word_1_191' title='bbox 537 2345 724 2381; x_wconf 80' lang='lat' dir='ltr'>Articulus</span> <span class='ocrx_word' id='word_1_192' title='bbox 743 2344 931 2381; x_wconf 83' lang='lat' dir='ltr'>secundus.</span> 
     </span>
    </p>
   </div>
   <div class='ocr_carea' id='block_1_7' title="bbox 209 2423 1255 3404">
    <p class='ocr_par' dir='ltr' id='par_1_7' title="bbox 209 2423 1255 3404">
     <span class='ocr_line' id='line_1_33' title="bbox 266 2423 1252 2470; baseline 0.002 -10"><span class='ocrx_word' id='word_1_193' title='bbox 266 2423 468 2461; x_wconf 85' lang='lat' dir='ltr'>Secundus</span> <span class='ocrx_word' id='word_1_194' title='bbox 506 2425 694 2462; x_wconf 88' lang='lat' dir='ltr'>articulus</span> <span class='ocrx_word' id='word_1_195' title='bbox 728 2428 906 2470; x_wconf 88' lang='lat' dir='ltr'>notatur,</span> <span class='ocrx_word' id='word_1_196' title='bbox 946 2435 1036 2462; x_wconf 87' lang='lat' dir='ltr'>cum</span> <span class='ocrx_word' id='word_1_197' title='bbox 1074 2425 1216 2463; x_wconf 91' lang='lat' dir='ltr'>dicitur</span> <span class='ocrx_word' id='word_1_198' title='bbox 1245 2439 1252 2462; x_wconf 91' lang='lat'>:</span> 
     </span>
     <span class='ocr_line' id='line_1_34' title="bbox 217 2486 1255 2539; baseline 0.005 -19"><span class='ocrx_word' id='word_1_199' title='bbox 217 2486 263 2521; x_wconf 84' lang='lat' dir='ltr'>Et</span> <span class='ocrx_word' id='word_1_200' title='bbox 283 2487 347 2531; x_wconf 81' lang='lat' dir='ltr'>qui</span> <span class='ocrx_word' id='word_1_201' title='bbox 365 2489 538 2522; x_wconf 76' lang='lat' dir='ltr'>noverunt</span> <span class='ocrx_word' id='word_1_202' title='bbox 553 2488 759 2523; x_wconf 80' lang='lat' dir='ltr'>testimonia</span> <span class='ocrx_word' id='word_1_203' title='bbox 779 2490 855 2523; x_wconf 82' lang='lat' dir='ltr'>tua.</span> <span class='ocrx_word' id='word_1_204' title='bbox 877 2486 950 2531; x_wconf 83' lang='lat' dir='ltr'>Qui</span> <span class='ocrx_word' id='word_1_205' title='bbox 971 2489 1062 2523; x_wconf 90' lang='lat' dir='ltr'>sunt</span> <span class='ocrx_word' id='word_1_206' title='bbox 1080 2487 1144 2539; x_wconf 85' lang='lat' dir='ltr'>isti</span> <span class='ocrx_word' id='word_1_207' title='bbox 1167 2497 1255 2525; x_wconf 88' lang='lat' dir='ltr'>nos-</span> 
     </span>
     <span class='ocr_line' id='line_1_35' title="bbox 218 2546 1254 2595; baseline 0.004 -13"><span class='ocrx_word' id='word_1_208' title='bbox 218 2547 347 2583; x_wconf 86' lang='lat' dir='ltr'>centes</span> <span class='ocrx_word' id='word_1_209' title='bbox 365 2546 588 2585; x_wconf 87' lang='lat' dir='ltr'>testimonia</span> <span class='ocrx_word' id='word_1_210' title='bbox 607 2547 685 2593; x_wconf 87' lang='lat' dir='ltr'>Dei,</span> <span class='ocrx_word' id='word_1_211' title='bbox 707 2547 781 2584; x_wconf 88' lang='lat' dir='ltr'>nisi</span> <span class='ocrx_word' id='word_1_212' title='bbox 798 2548 865 2595; x_wconf 89' lang='lat' dir='ltr'>qui</span> <span class='ocrx_word' id='word_1_213' title='bbox 888 2548 934 2595; x_wconf 86' lang='lat' dir='ltr'>(a)</span> <span class='ocrx_word' id='word_1_214' title='bbox 953 2548 1036 2594; x_wconf 88' lang='lat' dir='ltr'>jam</span> <span class='ocrx_word' id='word_1_215' title='bbox 1055 2548 1254 2586; x_wconf 77' lang='lat' dir='ltr'>informati</span> 
     </span>
     <span class='ocr_line' id='line_1_36' title="bbox 217 2610 1252 2659; baseline 0.004 -14"><span class='ocrx_word' id='word_1_216' title='bbox 217 2610 333 2646; x_wconf 79' lang='lat' dir='ltr'>sunt?</span> <span class='ocrx_word' id='word_1_217' title='bbox 353 2620 475 2658; x_wconf 87' lang='lat' dir='ltr'>quam</span> <span class='ocrx_word' id='word_1_218' title='bbox 494 2610 547 2647; x_wconf 89' lang='lat' dir='ltr'>ob</span> <span class='ocrx_word' id='word_1_219' title='bbox 570 2621 730 2647; x_wconf 87' lang='lat' dir='ltr'>causam</span> <span class='ocrx_word' id='word_1_220' title='bbox 750 2612 872 2647; x_wconf 89' lang='lat' dir='ltr'>Deum</span> <span class='ocrx_word' id='word_1_221' title='bbox 891 2621 972 2648; x_wconf 91' lang='lat' dir='ltr'>non</span> <span class='ocrx_word' id='word_1_222' title='bbox 985 2612 1252 2659; x_wconf 73' lang='lat' dir='ltr'>tantumJudi-</span> 
     </span>
     <span class='ocr_line' id='line_1_37' title="bbox 218 2671 1253 2720; baseline 0.004 -12"><span class='ocrx_word' id='word_1_223' title='bbox 218 2673 386 2718; x_wconf 87' lang='lat' dir='ltr'>cantem,</span> <span class='ocrx_word' id='word_1_224' title='bbox 403 2671 474 2709; x_wconf 89' lang='lat' dir='ltr'>sed</span> <span class='ocrx_word' id='word_1_225' title='bbox 489 2673 525 2708; x_wconf 87' lang='lat' dir='ltr'>et</span> <span class='ocrx_word' id='word_1_226' title='bbox 536 2671 806 2709; x_wconf 86' lang='lat' dir='ltr'>testificantem</span> <span class='ocrx_word' id='word_1_227' title='bbox 822 2676 1053 2720; x_wconf 86' lang='lat' dir='ltr'>agnoscunt.</span> <span class='ocrx_word' id='word_1_228' title='bbox 1072 2674 1145 2711; x_wconf 89' lang='lat' dir='ltr'>Sed</span> <span class='ocrx_word' id='word_1_229' title='bbox 1158 2677 1253 2712; x_wconf 89' lang='lat' dir='ltr'>nota</span> 
     </span>
     <span class='ocr_line' id='line_1_38' title="bbox 216 2732 1251 2784; baseline 0.004 -15"><span class='ocrx_word' id='word_1_230' title='bbox 216 2732 265 2770; x_wconf 91' lang='lat' dir='ltr'>de</span> <span class='ocrx_word' id='word_1_231' title='bbox 284 2733 454 2782; x_wconf 85' lang='lat' dir='ltr'>praefatis</span> <span class='ocrx_word' id='word_1_232' title='bbox 467 2733 736 2780; x_wconf 85' lang='lat' dir='ltr'>noscentibus,</span> <span class='ocrx_word' id='word_1_233' title='bbox 758 2734 856 2782; x_wconf 85' lang='lat' dir='ltr'>quid</span> <span class='ocrx_word' id='word_1_234' title='bbox 871 2737 1081 2782; x_wconf 84' lang='lat' dir='ltr'>noverunt,</span> <span class='ocrx_word' id='word_1_235' title='bbox 1102 2738 1139 2773; x_wconf 87' lang='lat' dir='ltr'>et</span> <span class='ocrx_word' id='word_1_236' title='bbox 1153 2736 1251 2784; x_wconf 86' lang='lat' dir='ltr'>quid</span> 
     </span>
     <span class='ocr_line' id='line_1_39' title="bbox 213 2796 1251 2844; baseline 0.004 -13"><span class='ocrx_word' id='word_1_237' title='bbox 213 2805 296 2832; x_wconf 92' lang='lat' dir='ltr'>non</span> <span class='ocrx_word' id='word_1_238' title='bbox 313 2798 513 2834; x_wconf 87' lang='lat' dir='ltr'>noverunt</span> <span class='ocrx_word' id='word_1_239' title='bbox 534 2808 543 2833; x_wconf 91' lang='lat'>:</span> <span class='ocrx_word' id='word_1_240' title='bbox 568 2796 734 2843; x_wconf 89' lang='lat' dir='ltr'>quidam</span> <span class='ocrx_word' id='word_1_241' title='bbox 753 2796 818 2833; x_wconf 92' lang='lat' dir='ltr'>Dei</span> <span class='ocrx_word' id='word_1_242' title='bbox 840 2796 1055 2844; x_wconf 83' lang='lat' dir='ltr'>J&#39;udicantis</span> <span class='ocrx_word' id='word_1_243' title='bbox 1088 2800 1124 2834; x_wconf 90' lang='lat' dir='ltr'>et</span> <span class='ocrx_word' id='word_1_244' title='bbox 1146 2798 1251 2835; x_wconf 87' lang='lat' dir='ltr'>testi-</span> 
     </span>
     <span class='ocr_line' id='line_1_40' title="bbox 212 2856 1251 2905; baseline 0.004 -11"><span class='ocrx_word' id='word_1_245' title='bbox 212 2856 364 2896; x_wconf 89' lang='lat' dir='ltr'>ficantis</span> <span class='ocrx_word' id='word_1_246' title='bbox 379 2857 571 2905; x_wconf 85' lang='lat' dir='ltr'>justitiam</span> <span class='ocrx_word' id='word_1_247' title='bbox 590 2861 799 2904; x_wconf 87' lang='lat' dir='ltr'>noverunt,</span> <span class='ocrx_word' id='word_1_248' title='bbox 830 2858 901 2896; x_wconf 90' lang='lat' dir='ltr'>sed</span> <span class='ocrx_word' id='word_1_249' title='bbox 938 2858 1251 2898; x_wconf 85' lang='lat' dir='ltr'>misericordiam</span> 
     </span>
     <span class='ocr_line' id='line_1_41' title="bbox 211 2912 1250 2969; baseline 0.004 -13"><span class='ocrx_word' id='word_1_250' title='bbox 211 2929 294 2957; x_wconf 89' lang='lat' dir='ltr'>non</span> <span class='ocrx_word' id='word_1_251' title='bbox 317 2912 537 2967; x_wconf 41' lang='lat' dir='ltr'>*noverunt3</span> <span class='ocrx_word' id='word_1_252' title='bbox 561 2920 725 2969; x_wconf 89' lang='lat' dir='ltr'>quidam</span> <span class='ocrx_word' id='word_1_253' title='bbox 752 2931 771 2957; x_wconf 90' lang='lat' dir='ltr'>e</span> <span class='ocrx_word' id='word_1_254' title='bbox 804 2921 1000 2958; x_wconf 88' lang='lat' dir='ltr'>contrario</span> <span class='ocrx_word' id='word_1_255' title='bbox 1029 2921 1250 2960; x_wconf 87' lang='lat' dir='ltr'>misericor-</span> 
     </span>
     <span class='ocr_line' id='line_1_42' title="bbox 213 2979 1248 3030; baseline 0.005 -13"><span class='ocrx_word' id='word_1_256' title='bbox 213 2979 321 3018; x_wconf 90' lang='lat' dir='ltr'>diam</span> <span class='ocrx_word' id='word_1_257' title='bbox 338 2983 547 3029; x_wconf 83' lang='lat' dir='ltr'>noverunt,</span> <span class='ocrx_word' id='word_1_258' title='bbox 585 2983 656 3020; x_wconf 92' lang='lat' dir='ltr'>sed</span> <span class='ocrx_word' id='word_1_259' title='bbox 689 2983 881 3030; x_wconf 86' lang='lat' dir='ltr'>justitiam</span> <span class='ocrx_word' id='word_1_260' title='bbox 917 2994 999 3021; x_wconf 91' lang='lat' dir='ltr'>non</span> <span class='ocrx_word' id='word_1_261' title='bbox 1033 2986 1248 3030; x_wconf 81' lang='lat' dir='ltr'>noverunt,-</span> 
     </span>
     <span class='ocr_line' id='line_1_43' title="bbox 213 3042 1250 3093; baseline 0.004 -14"><span class='ocrx_word' id='word_1_262' title='bbox 213 3042 379 3089; x_wconf 82' lang='lat' dir='ltr'>quidam</span> <span class='ocrx_word' id='word_1_263' title='bbox 396 3053 508 3089; x_wconf 88' lang='lat' dir='ltr'>vero,</span> <span class='ocrx_word' id='word_1_264' title='bbox 527 3046 608 3081; x_wconf 89' lang='lat' dir='ltr'>tam</span> <span class='ocrx_word' id='word_1_265' title='bbox 637 3045 840 3091; x_wconf 88' lang='lat' dir='ltr'>justitiam,</span> <span class='ocrx_word' id='word_1_266' title='bbox 870 3055 992 3093; x_wconf 89' lang='lat' dir='ltr'>quam</span> <span class='ocrx_word' id='word_1_267' title='bbox 1029 3046 1250 3084; x_wconf 89' lang='lat' dir='ltr'>misericor-</span> 
     </span>
     <span class='ocr_line' id='line_1_44' title="bbox 213 3103 1246 3157; baseline 0.005 -17"><span class='ocrx_word' id='word_1_268' title='bbox 213 3103 321 3141; x_wconf 86' lang='lat' dir='ltr'>diam</span> <span class='ocrx_word' id='word_1_269' title='bbox 342 3104 407 3141; x_wconf 90' lang='lat' dir='ltr'>Dei</span> <span class='ocrx_word' id='word_1_270' title='bbox 441 3104 653 3151; x_wconf 85' lang='lat' dir='ltr'>judicantis</span> <span class='ocrx_word' id='word_1_271' title='bbox 688 3109 725 3144; x_wconf 89' lang='lat' dir='ltr'>et</span> <span class='ocrx_word' id='word_1_272' title='bbox 762 3106 1004 3144; x_wconf 88' lang='lat' dir='ltr'>testificantis</span> <span class='ocrx_word' id='word_1_273' title='bbox 1036 3111 1246 3157; x_wconf 89' lang='lat' dir='ltr'>noverunt,</span> 
     </span>
     <span class='ocr_line' id='line_1_45' title="bbox 210 3167 1244 3215; baseline 0.006 -12"><span class='ocrx_word' id='word_1_274' title='bbox 210 3167 280 3204; x_wconf 90' lang='lat' dir='ltr'>sed</span> <span class='ocrx_word' id='word_1_275' title='bbox 300 3167 405 3204; x_wconf 91' lang='lat' dir='ltr'>diem</span> <span class='ocrx_word' id='word_1_276' title='bbox 422 3168 561 3215; x_wconf 88' lang='lat' dir='ltr'>judicii</span> <span class='ocrx_word' id='word_1_277' title='bbox 600 3172 636 3206; x_wconf 91' lang='lat' dir='ltr'>et</span> <span class='ocrx_word' id='word_1_278' title='bbox 670 3169 880 3207; x_wconf 85' lang='lat' dir='ltr'>testimonii</span> <span class='ocrx_word' id='word_1_279' title='bbox 918 3181 999 3208; x_wconf 92' lang='lat' dir='ltr'>non</span> <span class='ocrx_word' id='word_1_280' title='bbox 1035 3175 1244 3210; x_wconf 90' lang='lat' dir='ltr'>noverunt.</span> 
     </span>
     <span class='ocr_line' id='line_1_46' title="bbox 210 3228 1246 3281; baseline 0.006 -16"><span class='ocrx_word' id='word_1_281' title='bbox 210 3228 328 3266; x_wconf 90' lang='lat' dir='ltr'>Primi</span> <span class='ocrx_word' id='word_1_282' title='bbox 357 3229 580 3268; x_wconf 87' lang='lat' dir='ltr'>ceciderunt</span> <span class='ocrx_word' id='word_1_283' title='bbox 609 3231 650 3268; x_wconf 92' lang='lat' dir='ltr'>in</span> <span class='ocrx_word' id='word_1_284' title='bbox 691 3232 971 3279; x_wconf 80' lang='lat' dir='ltr'>diffidentiam3</span> <span class='ocrx_word' id='word_1_285' title='bbox 1009 3233 1184 3281; x_wconf 84' lang='lat' dir='ltr'>secundi,</span> <span class='ocrx_word' id='word_1_286' title='bbox 1206 3234 1246 3271; x_wconf 92' lang='lat' dir='ltr'>in</span> 
     </span>
     <span class='ocr_line' id='line_1_47' title="bbox 209 3283 1245 3343; baseline 0.005 -15"><span class='ocrx_word' id='word_1_287' title='bbox 209 3283 516 3339; x_wconf 64' lang='lat' dir='ltr'>praefid&#39;entiam3</span> <span class='ocrx_word' id='word_1_288' title='bbox 564 3293 663 3330; x_wconf 87' lang='lat' dir='ltr'>tertii</span> <span class='ocrx_word' id='word_1_289' title='bbox 701 3297 879 3332; x_wconf 89' lang='lat' dir='ltr'>tenerunt</span> <span class='ocrx_word' id='word_1_290' title='bbox 911 3295 1018 3331; x_wconf 81' lang='lat' dir='ltr'>viam</span> <span class='ocrx_word' id='word_1_291' title='bbox 1056 3295 1245 3343; x_wconf 88' lang='lat' dir='ltr'>mediam,</span> 
     </span>
     <span class='ocr_line' id='line_1_48' title="bbox 211 3353 1245 3404; baseline 0.007 -16"><span class='ocrx_word' id='word_1_292' title='bbox 211 3353 356 3392; x_wconf 87' lang='lat' dir='ltr'>seilicet</span> <span class='ocrx_word' id='word_1_293' title='bbox 393 3355 686 3393; x_wconf 88' lang='lat' dir='ltr'>confidentiam.</span> <span class='ocrx_word' id='word_1_294' title='bbox 736 3359 785 3393; x_wconf 78' lang='lat' dir='ltr'>De</span> <span class='ocrx_word' id='word_1_295' title='bbox 835 3357 965 3404; x_wconf 88' lang='lat' dir='ltr'>primo</span> <span class='ocrx_word' id='word_1_296' title='bbox 1000 3357 1183 3395; x_wconf 82' lang='lat' dir='ltr'>scribitur</span> <span class='ocrx_word' id='word_1_297' title='bbox 1222 3370 1245 3396; x_wconf 89' lang='lat' dir='ltr'>a</span> 
     </span>
    </p>
   </div>
   <div class='ocr_carea' id='block_1_8' title="bbox 212 3453 1243 3593">
    <p class='ocr_par' dir='ltr' id='par_1_8' title="bbox 212 3453 1243 3593">
     <span class='ocr_line' id='line_1_49' title="bbox 257 3453 1243 3501; baseline 0.007 -16"><span class='ocrx_word' id='word_1_298' title='bbox 257 3454 263 3471; x_wconf 89' lang='lat'><strong>¹</strong></span> <span class='ocrx_word' id='word_1_299' title='bbox 282 3453 382 3495; x_wconf 69' lang='lat' dir='ltr'>Dum,</span> <span class='ocrx_word' id='word_1_300' title='bbox 402 3463 494 3497; x_wconf 62' lang='lat' dir='ltr'>xm„</span> <span class='ocrx_word' id='word_1_301' title='bbox 515 3458 569 3489; x_wconf 78' lang='lat'>57.</span> <span class='ocrx_word' id='word_1_302' title='bbox 585 3475 624 3482; x_wconf 61' lang='grc' dir='ltr'><strong>υ</strong></span> <span class='ocrx_word' id='word_1_303' title='bbox 644 3458 654 3476; x_wconf 78' lang='lat'><em>²</em></span> <span class='ocrx_word' id='word_1_304' title='bbox 672 3457 807 3498; x_wconf 58' lang='lat' dir='ltr'>Mutela,</span> <span class='ocrx_word' id='word_1_305' title='bbox 827 3466 910 3498; x_wconf 75' lang='lat' dir='ltr'>xxv,</span> <span class='ocrx_word' id='word_1_306' title='bbox 929 3459 1033 3499; x_wconf 72' lang='lat' dir='ltr'>25.j-</span> <span class='ocrx_word' id='word_1_307' title='bbox 1052 3458 1127 3490; x_wconf 77' lang='lat'>³111</span> <span class='ocrx_word' id='word_1_308' title='bbox 1150 3460 1243 3501; x_wconf 76' lang='lat' dir='ltr'>Req..</span> 
     </span>
     <span class='ocr_line' id='line_1_50' title="bbox 212 3501 1243 3545; baseline 0.008 -14"><span class='ocrx_word' id='word_1_309' title='bbox 212 3507 238 3539; x_wconf 87' lang='grc' dir='ltr'>ι,</span> <span class='ocrx_word' id='word_1_310' title='bbox 257 3501 308 3533; x_wconf 87' lang='lat'>50.</span> <span class='ocrx_word' id='word_1_311' title='bbox 330 3517 371 3524; x_wconf 88' lang='lat'><em>—</em></span> <span class='ocrx_word' id='word_1_312' title='bbox 395 3502 408 3524; x_wconf 63' lang='grc' dir='ltr'>δ</span> <span class='ocrx_word' id='word_1_313' title='bbox 426 3503 516 3536; x_wconf 78' lang='lat' dir='ltr'>Psal.</span> <span class='ocrx_word' id='word_1_314' title='bbox 538 3512 669 3539; x_wconf 76' lang='lat' dir='ltr'>Lxxvnl</span> <span class='ocrx_word' id='word_1_315' title='bbox 685 3527 693 3542; x_wconf 83' lang='lat'>.</span> <span class='ocrx_word' id='word_1_316' title='bbox 715 3507 746 3537; x_wconf 90' lang='grc'>6.</span> <span class='ocrx_word' id='word_1_317' title='bbox 765 3521 804 3529; x_wconf 95' lang='lat'><em>-</em></span> <span class='ocrx_word' id='word_1_318' title='bbox 826 3506 837 3524; x_wconf 71' lang='lat'>⁶</span> <span class='ocrx_word' id='word_1_319' title='bbox 863 3506 888 3537; x_wconf 92' lang='grc' dir='ltr'>ΙΙ</span> <span class='ocrx_word' id='word_1_320' title='bbox 914 3505 1035 3543; x_wconf 77' lang='lat' dir='ltr'>less.‚</span> <span class='ocrx_word' id='word_1_321' title='bbox 1055 3514 1085 3545; x_wconf 86' lang='lat'>1,</span> <span class='ocrx_word' id='word_1_322' title='bbox 1113 3507 1185 3539; x_wconf 84' lang='grc'><strong>6-8.</strong></span> <span class='ocrx_word' id='word_1_323' title='bbox 1203 3524 1243 3531; x_wconf 89' lang='grc'><strong>-</strong></span> 
     </span>
     <span class='ocr_line' id='line_1_51' title="bbox 212 3546 1242 3593; baseline 0.009 -15"><span class='ocrx_word' id='word_1_324' title='bbox 212 3548 224 3565; x_wconf 83' lang='lat'>⁶</span> <span class='ocrx_word' id='word_1_325' title='bbox 240 3546 312 3588; x_wconf 79' lang='lat' dir='ltr'>lob,</span> <span class='ocrx_word' id='word_1_326' title='bbox 332 3555 428 3589; x_wconf 80' lang='lat' dir='ltr'>xxiv,</span> <span class='ocrx_word' id='word_1_327' title='bbox 451 3552 478 3583; x_wconf 89' lang='lat'>1.</span> <span class='ocrx_word' id='word_1_328' title='bbox 499 3568 539 3576; x_wconf 94' lang='lat'>—</span> <span class='ocrx_word' id='word_1_329' title='bbox 563 3551 575 3573; x_wconf 94' lang='lat'>⁷</span> <span class='ocrx_word' id='word_1_330' title='bbox 593 3553 677 3593; x_wconf 57' lang='lat' dir='ltr'>lac„</span> <span class='ocrx_word' id='word_1_331' title='bbox 699 3560 747 3592; x_wconf 83' lang='grc' dir='ltr'>ιν,</span> <span class='ocrx_word' id='word_1_332' title='bbox 766 3555 797 3585; x_wconf 83' lang='grc'>9.</span> <span class='ocrx_word' id='word_1_333' title='bbox 816 3571 855 3577; x_wconf 88' lang='grc'><strong>-</strong></span> <span class='ocrx_word' id='word_1_334' title='bbox 876 3555 886 3572; x_wconf 71' lang='lat'>⁸</span> <span class='ocrx_word' id='word_1_335' title='bbox 908 3553 998 3585; x_wconf 82' lang='lat' dir='ltr'>Psal.</span> <span class='ocrx_word' id='word_1_336' title='bbox 1026 3561 1103 3592; x_wconf 74' lang='lat' dir='ltr'>xxi,</span> <span class='ocrx_word' id='word_1_337' title='bbox 1125 3555 1176 3587; x_wconf 71' lang='lat'>28.</span> <span class='ocrx_word' id='word_1_338' title='bbox 1202 3572 1242 3578; x_wconf 98' lang='lat'><strong>—</strong></span> 
     </span>
    </p>
   </div>
   <div class='ocr_carea' id='block_1_9' title="bbox 2292 290 2370 329">
    <p class='ocr_par' dir='ltr' id='par_1_9' title="bbox 2292 290 2370 329">
     <span class='ocr_line' id='line_1_52' title="bbox 2292 290 2370 329; baseline 0.013 -1"><span class='ocrx_word' id='word_1_339' title='bbox 2292 290 2370 329; x_wconf 81' lang='lat'>419</span> 
     </span>
    </p>
   </div>
   <div class='ocr_carea' id='block_1_10' title="bbox 1340 364 2376 1221">
    <p class='ocr_par' dir='ltr' id='par_1_10' title="bbox 1340 364 2376 1221">
     <span class='ocr_line' id='line_1_53' title="bbox 1341 364 2372 422; baseline 0.012 -22"><span class='ocrx_word' id='word_1_340' title='bbox 1341 364 1649 412; x_wconf 77' lang='lat' dir='ltr'>psalmographo</span> <span class='ocrx_word' id='word_1_341' title='bbox 1669 366 1683 388; x_wconf 74' lang='lat'><strong>⁴</strong></span> <span class='ocrx_word' id='word_1_342' title='bbox 1700 378 1708 402; x_wconf 93' lang='lat'>:</span> <span class='ocrx_word' id='word_1_343' title='bbox 1729 380 1747 399; x_wconf 87' lang='lat'>«</span> <span class='ocrx_word' id='word_1_344' title='bbox 1775 369 1937 406; x_wconf 85' lang='lat' dir='ltr'>Ess&#39;unde</span> <span class='ocrx_word' id='word_1_345' title='bbox 1959 370 2057 407; x_wconf 85' lang='lat' dir='ltr'>iram</span> <span class='ocrx_word' id='word_1_346' title='bbox 2090 374 2198 410; x_wconf 86' lang='lat' dir='ltr'>tuam</span> <span class='ocrx_word' id='word_1_347' title='bbox 2218 374 2259 410; x_wconf 90' lang='lat' dir='ltr'>in</span> <span class='ocrx_word' id='word_1_348' title='bbox 2277 384 2372 422; x_wconf 86' lang='lat' dir='ltr'>gen-</span> 
     </span>
     <span class='ocr_line' id='line_1_54' title="bbox 1340 427 2373 483; baseline 0.012 -21"><span class='ocrx_word' id='word_1_349' title='bbox 1340 427 1409 472; x_wconf 80' lang='lat' dir='ltr'>tes,</span> <span class='ocrx_word' id='word_1_350' title='bbox 1432 437 1520 474; x_wconf 63' lang='lat' dir='ltr'>quae</span> <span class='ocrx_word' id='word_1_351' title='bbox 1538 429 1575 464; x_wconf 89' lang='lat' dir='ltr'>te</span> <span class='ocrx_word' id='word_1_352' title='bbox 1597 438 1679 465; x_wconf 91' lang='lat' dir='ltr'>non</span> <span class='ocrx_word' id='word_1_353' title='bbox 1695 433 1904 476; x_wconf 84' lang='lat' dir='ltr'>noverunt,</span> <span class='ocrx_word' id='word_1_354' title='bbox 1925 434 1961 468; x_wconf 87' lang='lat' dir='ltr'>et</span> <span class='ocrx_word' id='word_1_355' title='bbox 1980 432 2020 468; x_wconf 90' lang='lat' dir='ltr'>in</span> <span class='ocrx_word' id='word_1_356' title='bbox 2039 444 2173 482; x_wconf 83' lang='lat' dir='ltr'>regna,</span> <span class='ocrx_word' id='word_1_357' title='bbox 2196 446 2284 483; x_wconf 84' lang='lat' dir='ltr'>quae</span> <span class='ocrx_word' id='word_1_358' title='bbox 2301 447 2373 474; x_wconf 91' lang='lat' dir='ltr'>no-</span> 
     </span>
     <span class='ocr_line' id='line_1_55' title="bbox 1341 490 2373 545; baseline 0.012 -21"><span class='ocrx_word' id='word_1_359' title='bbox 1341 498 1432 525; x_wconf 89' lang='lat' dir='ltr'>men</span> <span class='ocrx_word' id='word_1_360' title='bbox 1452 492 1563 526; x_wconf 90' lang='lat' dir='ltr'>tuum</span> <span class='ocrx_word' id='word_1_361' title='bbox 1583 500 1665 527; x_wconf 91' lang='lat' dir='ltr'>non</span> <span class='ocrx_word' id='word_1_362' title='bbox 1684 490 1981 530; x_wconf 89' lang='lat' dir='ltr'>invocaverunt.</span> <span class='ocrx_word' id='word_1_363' title='bbox 2003 508 2020 528; x_wconf 89' lang='lat'>»</span> <span class='ocrx_word' id='word_1_364' title='bbox 2050 496 2112 531; x_wconf 86' lang='lat' dir='ltr'>Isti</span> <span class='ocrx_word' id='word_1_365' title='bbox 2127 507 2208 534; x_wconf 92' lang='lat' dir='ltr'>non</span> <span class='ocrx_word' id='word_1_366' title='bbox 2228 509 2373 545; x_wconf 86' lang='lat' dir='ltr'>cogno-</span> 
     </span>
     <span class='ocr_line' id='line_1_56' title="bbox 1341 554 2374 605; baseline 0.011 -19"><span class='ocrx_word' id='word_1_367' title='bbox 1341 554 1494 597; x_wconf 87' lang='lat' dir='ltr'>verunt,</span> <span class='ocrx_word' id='word_1_368' title='bbox 1532 563 1604 589; x_wconf 93' lang='lat' dir='ltr'>nec</span> <span class='ocrx_word' id='word_1_369' title='bbox 1644 554 1926 591; x_wconf 88' lang='lat' dir='ltr'>invocaverunt</span> <span class='ocrx_word' id='word_1_370' title='bbox 1971 556 2297 605; x_wconf 85' lang='lat' dir='ltr'>misericordiam,</span> <span class='ocrx_word' id='word_1_371' title='bbox 2338 563 2374 597; x_wconf 91' lang='lat' dir='ltr'>et</span> 
     </span>
     <span class='ocr_line' id='line_1_57' title="bbox 1340 611 2368 659; baseline 0.011 -11"><span class='ocrx_word' id='word_1_372' title='bbox 1340 611 1432 649; x_wconf 88' lang='lat' dir='ltr'>ideo</span> <span class='ocrx_word' id='word_1_373' title='bbox 1453 613 1684 652; x_wconf 88' lang='lat' dir='ltr'>deciderunt</span> <span class='ocrx_word' id='word_1_374' title='bbox 1702 615 1743 652; x_wconf 90' lang='lat' dir='ltr'>in</span> <span class='ocrx_word' id='word_1_375' title='bbox 1763 616 2036 655; x_wconf 83' lang='lat' dir='ltr'>diffidentiam.</span> <span class='ocrx_word' id='word_1_376' title='bbox 2059 621 2109 656; x_wconf 92' lang='lat' dir='ltr'>De</span> <span class='ocrx_word' id='word_1_377' title='bbox 2131 621 2305 658; x_wconf 89' lang='lat' dir='ltr'>secundo</span> <span class='ocrx_word' id='word_1_378' title='bbox 2326 623 2339 644; x_wconf 79' lang='lat'>⁵</span> <span class='ocrx_word' id='word_1_379' title='bbox 2360 635 2368 659; x_wconf 91' lang='lat'>:</span> 
     </span>
     <span class='ocr_line' id='line_1_58' title="bbox 1344 675 2374 725; baseline 0.012 -17"><span class='ocrx_word' id='word_1_380' title='bbox 1344 686 1363 707; x_wconf 88' lang='lat'>«</span> <span class='ocrx_word' id='word_1_381' title='bbox 1382 675 1533 711; x_wconf 73' lang='lat' dir='ltr'>,Iustum</span> <span class='ocrx_word' id='word_1_382' title='bbox 1553 679 1609 713; x_wconf 88' lang='lat' dir='ltr'>est</span> <span class='ocrx_word' id='word_1_383' title='bbox 1627 677 1735 725; x_wconf 90' lang='lat' dir='ltr'>apud</span> <span class='ocrx_word' id='word_1_384' title='bbox 1755 680 1878 715; x_wconf 91' lang='lat' dir='ltr'>Deum</span> <span class='ocrx_word' id='word_1_385' title='bbox 1902 679 2118 717; x_wconf 87' lang='lat' dir='ltr'>retribuere</span> <span class='ocrx_word' id='word_1_386' title='bbox 2149 682 2374 720; x_wconf 88' lang='lat' dir='ltr'>retributio-</span> 
     </span>
     <span class='ocr_line' id='line_1_59' title="bbox 1340 736 2375 789; baseline 0.011 -18"><span class='ocrx_word' id='word_1_387' title='bbox 1340 745 1430 772; x_wconf 92' lang='lat' dir='ltr'>nem</span> <span class='ocrx_word' id='word_1_388' title='bbox 1446 737 1490 783; x_wconf 84' lang='lat' dir='ltr'>(b)</span> <span class='ocrx_word' id='word_1_389' title='bbox 1506 736 1581 783; x_wconf 91' lang='lat' dir='ltr'>his,</span> <span class='ocrx_word' id='word_1_390' title='bbox 1597 739 1666 786; x_wconf 89' lang='lat' dir='ltr'>qui</span> <span class='ocrx_word' id='word_1_391' title='bbox 1680 750 1753 776; x_wconf 90' lang='lat' dir='ltr'>nos</span> <span class='ocrx_word' id='word_1_392' title='bbox 1767 741 1968 788; x_wconf 85' lang='lat' dir='ltr'>tribulant,</span> <span class='ocrx_word' id='word_1_393' title='bbox 1980 755 1998 776; x_wconf 85' lang='lat'>»</span> <span class='ocrx_word' id='word_1_394' title='bbox 2017 745 2105 789; x_wconf 68' lang='lat' dir='ltr'>etc„</span> <span class='ocrx_word' id='word_1_395' title='bbox 2127 743 2195 780; x_wconf 85' lang='lat' dir='ltr'>«in</span> <span class='ocrx_word' id='word_1_396' title='bbox 2213 744 2375 782; x_wconf 86' lang='lat' dir='ltr'>flamma</span> 
     </span>
     <span class='ocr_line' id='line_1_60' title="bbox 1340 797 2376 852; baseline 0.012 -19"><span class='ocrx_word' id='word_1_397' title='bbox 1340 797 1443 843; x_wconf 86' lang='lat' dir='ltr'>ignis</span> <span class='ocrx_word' id='word_1_398' title='bbox 1463 798 1591 836; x_wconf 89' lang='lat' dir='ltr'>dantis</span> <span class='ocrx_word' id='word_1_399' title='bbox 1628 801 1844 839; x_wconf 89' lang='lat' dir='ltr'>vindictam</span> <span class='ocrx_word' id='word_1_400' title='bbox 1877 803 1937 850; x_wconf 84' lang='lat' dir='ltr'>iis,</span> <span class='ocrx_word' id='word_1_401' title='bbox 1970 805 2038 852; x_wconf 89' lang='lat' dir='ltr'>qui</span> <span class='ocrx_word' id='word_1_402' title='bbox 2070 816 2152 842; x_wconf 92' lang='lat' dir='ltr'>non</span> <span class='ocrx_word' id='word_1_403' title='bbox 2182 812 2376 844; x_wconf 90' lang='lat' dir='ltr'>noverunt</span> 
     </span>
     <span class='ocr_line' id='line_1_61' title="bbox 1341 861 2375 913; baseline 0.011 -18"><span class='ocrx_word' id='word_1_404' title='bbox 1341 861 1463 896; x_wconf 89' lang='lat' dir='ltr'>Deum</span> <span class='ocrx_word' id='word_1_405' title='bbox 1485 872 1494 896; x_wconf 93' lang='lat'>:</span> <span class='ocrx_word' id='word_1_406' title='bbox 1516 874 1533 895; x_wconf 72' lang='lat' dir='ltr'>n</span> <span class='ocrx_word' id='word_1_407' title='bbox 1563 861 1659 898; x_wconf 89' lang='lat' dir='ltr'>tales</span> <span class='ocrx_word' id='word_1_408' title='bbox 1687 873 1769 899; x_wconf 90' lang='lat' dir='ltr'>non</span> <span class='ocrx_word' id='word_1_409' title='bbox 1791 869 1986 902; x_wconf 88' lang='lat' dir='ltr'>noverunt</span> <span class='ocrx_word' id='word_1_410' title='bbox 2018 867 2083 903; x_wconf 88' lang='lat' dir='ltr'>Dei</span> <span class='ocrx_word' id='word_1_411' title='bbox 2112 868 2313 913; x_wconf 81' lang='lat' dir='ltr'>justitiam,</span> <span class='ocrx_word' id='word_1_412' title='bbox 2340 874 2375 906; x_wconf 86' lang='lat' dir='ltr'>et</span> 
     </span>
     <span class='ocr_line' id='line_1_62' title="bbox 1340 923 2374 974; baseline 0.01 -16"><span class='ocrx_word' id='word_1_413' title='bbox 1340 924 1501 969; x_wconf 88' lang='lat' dir='ltr'>propter</span> <span class='ocrx_word' id='word_1_414' title='bbox 1537 923 1616 960; x_wconf 91' lang='lat' dir='ltr'>hoc</span> <span class='ocrx_word' id='word_1_415' title='bbox 1652 924 1875 962; x_wconf 89' lang='lat' dir='ltr'>inciderunt</span> <span class='ocrx_word' id='word_1_416' title='bbox 1908 926 1948 962; x_wconf 92' lang='lat' dir='ltr'>in</span> <span class='ocrx_word' id='word_1_417' title='bbox 1984 928 2283 974; x_wconf 76' lang='lat' dir='ltr'>praefidentiam.</span> <span class='ocrx_word' id='word_1_418' title='bbox 2324 933 2374 968; x_wconf 89' lang='lat' dir='ltr'>De</span> 
     </span>
     <span class='ocr_line' id='line_1_63' title="bbox 1342 984 2375 1037; baseline 0.01 -18"><span class='ocrx_word' id='word_1_419' title='bbox 1342 984 1453 1021; x_wconf 85' lang='lat' dir='ltr'>tertio</span> <span class='ocrx_word' id='word_1_420' title='bbox 1473 985 1486 1006; x_wconf 80' lang='lat'><strong><em>⁶</em></strong></span> <span class='ocrx_word' id='word_1_421' title='bbox 1509 997 1518 1021; x_wconf 88' lang='lat'><strong>:</strong></span> <span class='ocrx_word' id='word_1_422' title='bbox 1544 985 1654 1030; x_wconf 83' lang='lat' dir='ltr'>«Qui</span> <span class='ocrx_word' id='word_1_423' title='bbox 1692 990 1890 1025; x_wconf 89' lang='lat' dir='ltr'>noverunt</span> <span class='ocrx_word' id='word_1_424' title='bbox 1927 1000 2031 1036; x_wconf 84' lang='lat' dir='ltr'>eum,</span> <span class='ocrx_word' id='word_1_425' title='bbox 2071 990 2255 1037; x_wconf 89' lang='lat' dir='ltr'>ignorant</span> <span class='ocrx_word' id='word_1_426' title='bbox 2292 994 2375 1030; x_wconf 87' lang='lat' dir='ltr'>dies</span> 
     </span>
     <span class='ocr_line' id='line_1_64' title="bbox 1341 1045 2374 1101; baseline 0.011 -20"><span class='ocrx_word' id='word_1_427' title='bbox 1341 1045 1459 1082; x_wconf 83' lang='lat' dir='ltr'>illius.</span> <span class='ocrx_word' id='word_1_428' title='bbox 1484 1047 1560 1083; x_wconf 87' lang='lat' dir='ltr'>»Hi</span> <span class='ocrx_word' id='word_1_429' title='bbox 1588 1051 1785 1086; x_wconf 88' lang='lat' dir='ltr'>noverunt</span> <span class='ocrx_word' id='word_1_430' title='bbox 1808 1053 1884 1086; x_wconf 88' lang='lat' dir='ltr'>tam</span> <span class='ocrx_word' id='word_1_431' title='bbox 1902 1051 2104 1099; x_wconf 83' lang='lat' dir='ltr'>justitiam,</span> <span class='ocrx_word' id='word_1_432' title='bbox 2120 1064 2239 1101; x_wconf 88' lang='lat' dir='ltr'>quam</span> <span class='ocrx_word' id='word_1_433' title='bbox 2259 1055 2374 1092; x_wconf 89' lang='lat' dir='ltr'>mise-</span> 
     </span>
     <span class='ocr_line' id='line_1_65' title="bbox 1340 1107 2373 1163; baseline 0.011 -20"><span class='ocrx_word' id='word_1_434' title='bbox 1340 1107 1574 1155; x_wconf 86' lang='lat' dir='ltr'>ricordiam3</span> <span class='ocrx_word' id='word_1_435' title='bbox 1593 1110 1664 1147; x_wconf 91' lang='lat' dir='ltr'>sed</span> <span class='ocrx_word' id='word_1_436' title='bbox 1689 1121 1771 1148; x_wconf 88' lang='lat' dir='ltr'>non</span> <span class='ocrx_word' id='word_1_437' title='bbox 1790 1115 1986 1149; x_wconf 89' lang='lat' dir='ltr'>noverunt</span> <span class='ocrx_word' id='word_1_438' title='bbox 2006 1113 2084 1151; x_wconf 91' lang='lat' dir='ltr'>diei</span> <span class='ocrx_word' id='word_1_439' title='bbox 2099 1114 2373 1163; x_wconf 87' lang='lat' dir='ltr'>differentiam,</span> 
     </span>
     <span class='ocr_line' id='line_1_66' title="bbox 1341 1169 2205 1221; baseline 0.01 -16"><span class='ocrx_word' id='word_1_440' title='bbox 1341 1169 1541 1208; x_wconf 86' lang='lat' dir='ltr'>etidcirco</span> <span class='ocrx_word' id='word_1_441' title='bbox 1561 1172 1810 1219; x_wconf 86' lang='lat' dir='ltr'>perstiterunt</span> <span class='ocrx_word' id='word_1_442' title='bbox 1825 1185 1895 1221; x_wconf 88' lang='lat' dir='ltr'>per</span> <span class='ocrx_word' id='word_1_443' title='bbox 1912 1175 2205 1214; x_wconf 89' lang='lat' dir='ltr'>confidentiam.</span> 
     </span>
    </p>
   </div>
   <div class='ocr_carea' id='block_1_11' title="bbox 1681 1281 2027 1319">
    <p class='ocr_par' dir='ltr' id='par_1_11' title="bbox 1681 1281 2027 1319">
     <span class='ocr_line' id='line_1_67' title="bbox 1681 1281 2027 1319; baseline 0.012 -4"><span class='ocrx_word' id='word_1_444' title='bbox 1681 1281 1865 1317; x_wconf 77' lang='lat' dir='ltr'>Articulus</span> <span class='ocrx_word' id='word_1_445' title='bbox 1885 1284 2027 1319; x_wconf 69' lang='lat' dir='ltr'>tertius.</span> 
     </span>
    </p>
   </div>
   <div class='ocr_carea' id='block_1_12' title="bbox 1343 1361 2372 1479">
    <p class='ocr_par' dir='ltr' id='par_1_12' title="bbox 1343 1361 2372 1479">
     <span class='ocr_line' id='line_1_68' title="bbox 1388 1361 2369 1416; baseline 0.013 -20"><span class='ocrx_word' id='word_1_446' title='bbox 1388 1361 1533 1397; x_wconf 84' lang='lat' dir='ltr'>Tertius</span> <span class='ocrx_word' id='word_1_447' title='bbox 1547 1361 1732 1400; x_wconf 88' lang='lat' dir='ltr'>articulus</span> <span class='ocrx_word' id='word_1_448' title='bbox 1743 1367 1996 1412; x_wconf 78' lang='lat' dir='ltr'>praenotatur,</span> <span class='ocrx_word' id='word_1_449' title='bbox 2017 1377 2107 1404; x_wconf 91' lang='lat' dir='ltr'>cum</span> <span class='ocrx_word' id='word_1_450' title='bbox 2127 1369 2369 1416; x_wconf 66' lang='lat' dir='ltr'>praedicitur:</span> 
     </span>
     <span class='ocr_line' id='line_1_69' title="bbox 1343 1422 2372 1479; baseline 0.013 -22"><span class='ocrx_word' id='word_1_451' title='bbox 1343 1422 1617 1461; x_wconf 74' lang='lat' dir='ltr'>Convertamur.</span> <span class='ocrx_word' id='word_1_452' title='bbox 1651 1425 1722 1469; x_wconf 84' lang='lat' dir='ltr'>Qui</span> <span class='ocrx_word' id='word_1_453' title='bbox 1747 1430 2029 1475; x_wconf 86' lang='lat' dir='ltr'>convertentur,</span> <span class='ocrx_word' id='word_1_454' title='bbox 2057 1430 2131 1466; x_wconf 88' lang='lat' dir='ltr'>nisi</span> <span class='ocrx_word' id='word_1_455' title='bbox 2152 1432 2220 1479; x_wconf 86' lang='lat' dir='ltr'>qui</span> <span class='ocrx_word' id='word_1_456' title='bbox 2250 1433 2372 1470; x_wconf 85' lang='lat' dir='ltr'>refor-</span> 
     </span>
    </p>
   </div>
   <div class='ocr_carea' id='block_1_13' title="bbox 1341 1486 2534 1600">
    <p class='ocr_par' dir='ltr' id='par_1_13' title="bbox 1341 1486 2534 1600">
     <span class='ocr_line' id='line_1_70' title="bbox 1342 1486 2534 1540; baseline 0.011 -19"><span class='ocrx_word' id='word_1_457' title='bbox 1342 1486 1524 1522; x_wconf 80' lang='lat' dir='ltr'>mantur?</span> <span class='ocrx_word' id='word_1_458' title='bbox 1552 1487 1637 1523; x_wconf 77' lang='lat' dir='ltr'>Haec</span> <span class='ocrx_word' id='word_1_459' title='bbox 1671 1487 1776 1524; x_wconf 90' lang='lat' dir='ltr'>enim</span> <span class='ocrx_word' id='word_1_460' title='bbox 1797 1490 2002 1527; x_wconf 86' lang='lat' dir='ltr'>conversio</span> <span class='ocrx_word' id='word_1_461' title='bbox 2036 1494 2091 1528; x_wconf 88' lang='lat' dir='ltr'>est</span> <span class='ocrx_word' id='word_1_462' title='bbox 2121 1494 2374 1533; x_wconf 84' lang='lat' dir='ltr'>reformativa</span> <span class='ocrx_word' id='word_1_463' title='bbox 2431 1513 2534 1540; x_wconf 57' lang='lat' dir='ltr'>uerat-</span> 
     </span>
     <span class='ocr_line' id='line_1_71' title="bbox 1341 1547 2530 1600; baseline 0.013 -18"><span class='ocrx_word' id='word_1_464' title='bbox 1341 1547 1526 1594; x_wconf 85' lang='lat' dir='ltr'>expiatio.</span> <span class='ocrx_word' id='word_1_465' title='bbox 1548 1549 1655 1585; x_wconf 93' lang='lat' dir='ltr'>Unde</span> <span class='ocrx_word' id='word_1_466' title='bbox 1676 1551 1911 1598; x_wconf 88' lang='lat' dir='ltr'>notandum,</span> <span class='ocrx_word' id='word_1_467' title='bbox 1933 1553 2044 1600; x_wconf 91' lang='lat' dir='ltr'>quod</span> <span class='ocrx_word' id='word_1_468' title='bbox 2061 1554 2102 1591; x_wconf 92' lang='lat' dir='ltr'>in</span> <span class='ocrx_word' id='word_1_469' title='bbox 2122 1555 2196 1593; x_wconf 91' lang='lat' dir='ltr'>hac</span> <span class='ocrx_word' id='word_1_470' title='bbox 2216 1566 2377 1595; x_wconf 88' lang='lat' dir='ltr'>conver·</span> <span class='ocrx_word' id='word_1_471' title='bbox 2404 1556 2530 1582; x_wconf 64' lang='lat' dir='ltr'>¹¹¹³²¹d¹¹⁵</span> 
     </span>
    </p>
   </div>
   <div class='ocr_carea' id='block_1_14' title="bbox 2414 1603 2523 1664">
    <p class='ocr_par' dir='ltr' id='par_1_14' title="bbox 2414 1603 2523 1664">
     <span class='ocr_line' id='line_1_72' title="bbox 2414 1603 2518 1630; baseline 0.019 -9"><span class='ocrx_word' id='word_1_472' title='bbox 2414 1603 2471 1630; x_wconf 54' lang='lat' dir='ltr'>qno</span> <span class='ocrx_word' id='word_1_473' title='bbox 2487 1604 2518 1623; x_wconf 83' lang='lat' dir='ltr'>se</span> 
     </span>
     <span class='ocr_line' id='line_1_73' title="bbox 2419 1637 2523 1664; baseline 0.029 -3"><span class='ocrx_word' id='word_1_474' title='bbox 2419 1637 2523 1664; x_wconf 81' lang='lat' dir='ltr'>debeat</span> 
     </span>
    </p>
   </div>
   <div class='ocr_carea' id='block_1_15' title="bbox 1339 1673 2525 1745">
    <p class='ocr_par' dir='ltr' id='par_1_15' title="bbox 1339 1673 2525 1745">
     <span class='ocr_line' id='line_1_74' title="bbox 1339 1673 2525 1745; baseline 0.012 -37"><span class='ocrx_word' id='word_1_475' title='bbox 1339 1675 1444 1717; x_wconf 88' lang='lat' dir='ltr'>tum,</span> <span class='ocrx_word' id='word_1_476' title='bbox 1467 1683 1548 1720; x_wconf 90' lang='lat' dir='ltr'>quo</span> <span class='ocrx_word' id='word_1_477' title='bbox 1568 1673 1813 1723; x_wconf 79' lang='lat' dir='ltr'>lavandum3</span> <span class='ocrx_word' id='word_1_478' title='bbox 1837 1676 1889 1713; x_wconf 87' lang='lat' dir='ltr'>ad</span> <span class='ocrx_word' id='word_1_479' title='bbox 1919 1679 2144 1726; x_wconf 88' lang='lat' dir='ltr'>Dominum,</span> <span class='ocrx_word' id='word_1_480' title='bbox 2167 1691 2190 1718; x_wconf 91' lang='lat' dir='ltr'>a</span> <span class='ocrx_word' id='word_1_481' title='bbox 2211 1692 2291 1729; x_wconf 89' lang='lat' dir='ltr'>quo</span> <span class='ocrx_word' id='word_1_482' title='bbox 2316 1682 2375 1720; x_wconf 89' lang='lat' dir='ltr'>la·</span> <span class='ocrx_word' id='word_1_483' title='bbox 2395 1684 2525 1745; x_wconf 48' lang='lat' dir='ltr'>tgssfjfff·</span> 
     </span>
    </p>
   </div>
   <div class='ocr_carea' id='block_1_16' title="bbox 1339 1609 2376 1657">
    <p class='ocr_par' dir='ltr' id='par_1_16' title="bbox 1339 1609 2376 1657">
     <span class='ocr_line' id='line_1_75' title="bbox 1339 1609 2376 1657; baseline 0.012 -12"><span class='ocrx_word' id='word_1_484' title='bbox 1339 1609 1449 1646; x_wconf 91' lang='lat' dir='ltr'>sione</span> <span class='ocrx_word' id='word_1_485' title='bbox 1470 1609 1587 1648; x_wconf 88' lang='lat' dir='ltr'>dehet</span> <span class='ocrx_word' id='word_1_486' title='bbox 1613 1622 1654 1648; x_wconf 90' lang='lat' dir='ltr'>se</span> <span class='ocrx_word' id='word_1_487' title='bbox 1679 1612 1956 1651; x_wconf 87' lang='lat' dir='ltr'>reformandus</span> <span class='ocrx_word' id='word_1_488' title='bbox 1977 1619 2205 1655; x_wconf 89' lang='lat' dir='ltr'>convertere</span> <span class='ocrx_word' id='word_1_489' title='bbox 2225 1629 2276 1656; x_wconf 91' lang='lat' dir='ltr'>au</span> <span class='ocrx_word' id='word_1_490' title='bbox 2295 1619 2376 1657; x_wconf 90' lang='lat' dir='ltr'>luc-</span> 
     </span>
    </p>
   </div>
   <div class='ocr_carea' id='block_1_17' title="bbox 1331 1733 2376 2394">
    <p class='ocr_par' dir='ltr' id='par_1_17' title="bbox 1331 1733 2376 2394">
     <span class='ocr_line' id='line_1_76' title="bbox 1338 1733 2374 1787; baseline 0.012 -18"><span class='ocrx_word' id='word_1_491' title='bbox 1338 1733 1543 1782; x_wconf 83' lang='lat' dir='ltr'>vandum3</span> <span class='ocrx_word' id='word_1_492' title='bbox 1566 1735 1618 1773; x_wconf 89' lang='lat' dir='ltr'>ad</span> <span class='ocrx_word' id='word_1_493' title='bbox 1649 1747 1717 1774; x_wconf 89' lang='lat' dir='ltr'>cor</span> <span class='ocrx_word' id='word_1_494' title='bbox 1747 1748 1886 1786; x_wconf 88' lang='lat' dir='ltr'>suum,</span> <span class='ocrx_word' id='word_1_495' title='bbox 1920 1740 2030 1787; x_wconf 89' lang='lat' dir='ltr'>quod</span> <span class='ocrx_word' id='word_1_496' title='bbox 2055 1740 2287 1782; x_wconf 75' lang='lat' dir='ltr'>lavandum.</span> <span class='ocrx_word' id='word_1_497' title='bbox 2323 1745 2374 1781; x_wconf 91' lang='lat' dir='ltr'>De</span> 
     </span>
     <span class='ocr_line' id='line_1_77' title="bbox 1337 1796 2376 1852; baseline 0.011 -20"><span class='ocrx_word' id='word_1_498' title='bbox 1337 1796 1467 1843; x_wconf 91' lang='lat' dir='ltr'>primo</span> <span class='ocrx_word' id='word_1_499' title='bbox 1489 1798 1502 1819; x_wconf 88' lang='lat'>⁷</span> <span class='ocrx_word' id='word_1_500' title='bbox 1520 1809 1529 1834; x_wconf 92' lang='lat'>:</span> <span class='ocrx_word' id='word_1_501' title='bbox 1557 1811 1574 1832; x_wconf 88' lang='lat'>«</span> <span class='ocrx_word' id='word_1_502' title='bbox 1593 1798 1716 1836; x_wconf 89' lang='lat' dir='ltr'>Miseri</span> <span class='ocrx_word' id='word_1_503' title='bbox 1735 1803 1876 1847; x_wconf 83' lang='lat' dir='ltr'>estote,</span> <span class='ocrx_word' id='word_1_504' title='bbox 1891 1815 1908 1837; x_wconf 88' lang='lat'>»</span> <span class='ocrx_word' id='word_1_505' title='bbox 1931 1803 2078 1841; x_wconf 88' lang='lat' dir='ltr'>scilicet</span> <span class='ocrx_word' id='word_1_506' title='bbox 2095 1804 2279 1852; x_wconf 89' lang='lat' dir='ltr'>interius,</span> <span class='ocrx_word' id='word_1_507' title='bbox 2305 1810 2376 1845; x_wconf 89' lang='lat' dir='ltr'>«et</span> 
     </span>
     <span class='ocr_line' id='line_1_78' title="bbox 1336 1859 2374 1911; baseline 0.012 -15"><span class='ocrx_word' id='word_1_508' title='bbox 1336 1859 1491 1908; x_wconf 86' lang='lat' dir='ltr'>lugete,</span> <span class='ocrx_word' id='word_1_509' title='bbox 1513 1876 1530 1895; x_wconf 87' lang='lat'>»</span> <span class='ocrx_word' id='word_1_510' title='bbox 1552 1862 1698 1900; x_wconf 88' lang='lat' dir='ltr'>scilicet</span> <span class='ocrx_word' id='word_1_511' title='bbox 1717 1864 1886 1901; x_wconf 74' lang='lat' dir='ltr'>exterius</span> <span class='ocrx_word' id='word_1_512' title='bbox 1897 1878 1908 1911; x_wconf 78' lang='lat'><em>3</em></span> <span class='ocrx_word' id='word_1_513' title='bbox 1931 1866 2077 1903; x_wconf 88' lang='lat' dir='ltr'>«Risus</span> <span class='ocrx_word' id='word_1_514' title='bbox 2091 1870 2218 1905; x_wconf 89' lang='lat' dir='ltr'>vester</span> <span class='ocrx_word' id='word_1_515' title='bbox 2235 1868 2276 1906; x_wconf 89' lang='lat' dir='ltr'>in</span> <span class='ocrx_word' id='word_1_516' title='bbox 2294 1869 2374 1908; x_wconf 91' lang='lat' dir='ltr'>luc·</span> 
     </span>
     <span class='ocr_line' id='line_1_79' title="bbox 1336 1925 2370 1979; baseline 0.011 -21"><span class='ocrx_word' id='word_1_517' title='bbox 1336 1925 1420 1958; x_wconf 88' lang='lat' dir='ltr'>tum</span> <span class='ocrx_word' id='word_1_518' title='bbox 1446 1925 1698 1961; x_wconf 84' lang='lat' dir='ltr'>convertatur</span> <span class='ocrx_word' id='word_1_519' title='bbox 1719 1936 1727 1960; x_wconf 96' lang='lat'>:</span> <span class='ocrx_word' id='word_1_520' title='bbox 1751 1939 1768 1960; x_wconf 89' lang='lat'>»</span> <span class='ocrx_word' id='word_1_521' title='bbox 1794 1936 1883 1963; x_wconf 90' lang='lat' dir='ltr'>ecce</span> <span class='ocrx_word' id='word_1_522' title='bbox 1903 1928 2110 1966; x_wconf 89' lang='lat' dir='ltr'>conversio</span> <span class='ocrx_word' id='word_1_523' title='bbox 2131 1929 2172 1966; x_wconf 91' lang='lat' dir='ltr'>in</span> <span class='ocrx_word' id='word_1_524' title='bbox 2197 1929 2370 1979; x_wconf 88' lang='lat' dir='ltr'>luctum,</span> 
     </span>
     <span class='ocr_line' id='line_1_80' title="bbox 1337 1985 2372 2031; baseline 0.011 -11"><span class='ocrx_word' id='word_1_525' title='bbox 1337 1995 1418 2031; x_wconf 92' lang='lat' dir='ltr'>quo</span> <span class='ocrx_word' id='word_1_526' title='bbox 1437 1985 1668 2023; x_wconf 82' lang='lat' dir='ltr'>lavandum.</span> <span class='ocrx_word' id='word_1_527' title='bbox 1689 1989 1740 2024; x_wconf 93' lang='lat' dir='ltr'>De</span> <span class='ocrx_word' id='word_1_528' title='bbox 1761 1989 1935 2026; x_wconf 90' lang='lat' dir='ltr'>secundo</span> <span class='ocrx_word' id='word_1_529' title='bbox 1951 1990 1964 2013; x_wconf 78' lang='lat'>⁸</span> <span class='ocrx_word' id='word_1_530' title='bbox 1986 2003 1994 2027; x_wconf 91' lang='lat'>:</span> <span class='ocrx_word' id='word_1_531' title='bbox 2023 2004 2041 2026; x_wconf 89' lang='lat'>«</span> <span class='ocrx_word' id='word_1_532' title='bbox 2062 1991 2372 2031; x_wconf 88' lang='lat' dir='ltr'>Reminiscentur</span> 
     </span>
     <span class='ocr_line' id='line_1_81' title="bbox 1336 2049 2371 2095; baseline 0.011 -12"><span class='ocrx_word' id='word_1_533' title='bbox 1336 2049 1372 2083; x_wconf 88' lang='lat' dir='ltr'>et</span> <span class='ocrx_word' id='word_1_534' title='bbox 1390 2050 1667 2086; x_wconf 86' lang='lat' dir='ltr'>convertentur</span> <span class='ocrx_word' id='word_1_535' title='bbox 1685 2049 1738 2087; x_wconf 92' lang='lat' dir='ltr'>ad</span> <span class='ocrx_word' id='word_1_536' title='bbox 1762 2051 1974 2089; x_wconf 90' lang='lat' dir='ltr'>Dominum</span> <span class='ocrx_word' id='word_1_537' title='bbox 1990 2053 2164 2092; x_wconf 87' lang='lat' dir='ltr'>universi</span> <span class='ocrx_word' id='word_1_538' title='bbox 2182 2055 2280 2093; x_wconf 90' lang='lat' dir='ltr'>fines</span> <span class='ocrx_word' id='word_1_539' title='bbox 2299 2059 2371 2095; x_wconf 90' lang='lat' dir='ltr'>ter-</span> 
     </span>
     <span class='ocr_line' id='line_1_82' title="bbox 1334 2109 2368 2156; baseline 0.011 -12"><span class='ocrx_word' id='word_1_540' title='bbox 1334 2119 1439 2153; x_wconf 83' lang='lat' dir='ltr'>rae,»</span> <span class='ocrx_word' id='word_1_541' title='bbox 1470 2109 1546 2146; x_wconf 92' lang='lat' dir='ltr'>hoc</span> <span class='ocrx_word' id='word_1_542' title='bbox 1578 2114 1634 2148; x_wconf 84' lang='lat' dir='ltr'>est</span> <span class='ocrx_word' id='word_1_543' title='bbox 1665 2122 1802 2148; x_wconf 88' lang='lat' dir='ltr'>sensus</span> <span class='ocrx_word' id='word_1_544' title='bbox 1837 2114 2026 2151; x_wconf 84' lang='lat' dir='ltr'>terrestris</span> <span class='ocrx_word' id='word_1_545' title='bbox 2059 2115 2201 2154; x_wconf 66' lang='lat' dir='ltr'>animae</span> <span class='ocrx_word' id='word_1_546' title='bbox 2233 2129 2242 2153; x_wconf 90' lang='lat'>:</span> <span class='ocrx_word' id='word_1_547' title='bbox 2279 2128 2368 2156; x_wconf 89' lang='lat' dir='ltr'>ecce</span> 
     </span>
     <span class='ocr_line' id='line_1_83' title="bbox 1335 2171 2367 2224; baseline 0.01 -18"><span class='ocrx_word' id='word_1_548' title='bbox 1335 2171 1540 2209; x_wconf 82' lang='lat' dir='ltr'>conversio</span> <span class='ocrx_word' id='word_1_549' title='bbox 1570 2172 1623 2209; x_wconf 91' lang='lat' dir='ltr'>ad</span> <span class='ocrx_word' id='word_1_550' title='bbox 1643 2173 1879 2220; x_wconf 89' lang='lat' dir='ltr'>Dominum,</span> <span class='ocrx_word' id='word_1_551' title='bbox 1901 2186 1924 2212; x_wconf 90' lang='lat' dir='ltr'>a</span> <span class='ocrx_word' id='word_1_552' title='bbox 1952 2186 2031 2224; x_wconf 93' lang='lat' dir='ltr'>quo</span> <span class='ocrx_word' id='word_1_553' title='bbox 2062 2176 2292 2216; x_wconf 86' lang='lat' dir='ltr'>lavandum.</span> <span class='ocrx_word' id='word_1_554' title='bbox 2316 2182 2367 2216; x_wconf 90' lang='lat' dir='ltr'>De</span> 
     </span>
     <span class='ocr_line' id='line_1_84' title="bbox 1333 2232 2368 2283; baseline 0.011 -15"><span class='ocrx_word' id='word_1_555' title='bbox 1333 2232 1444 2269; x_wconf 89' lang='lat' dir='ltr'>tertio</span> <span class='ocrx_word' id='word_1_556' title='bbox 1461 2233 1475 2255; x_wconf 81' lang='lat'>⁹</span> <span class='ocrx_word' id='word_1_557' title='bbox 1493 2245 1500 2269; x_wconf 82' lang='lat' dir='ltr'>z</span> <span class='ocrx_word' id='word_1_558' title='bbox 1527 2246 1545 2269; x_wconf 90' lang='lat'>«</span> <span class='ocrx_word' id='word_1_559' title='bbox 1565 2234 1637 2279; x_wconf 84' lang='lat' dir='ltr'>Qui</span> <span class='ocrx_word' id='word_1_560' title='bbox 1657 2234 1767 2272; x_wconf 88' lang='lat' dir='ltr'>timet</span> <span class='ocrx_word' id='word_1_561' title='bbox 1792 2237 1914 2273; x_wconf 91' lang='lat' dir='ltr'>Deum</span> <span class='ocrx_word' id='word_1_562' title='bbox 1928 2265 1940 2283; x_wconf 88' lang='lat'>,</span> <span class='ocrx_word' id='word_1_563' title='bbox 1962 2241 2209 2277; x_wconf 85' lang='lat' dir='ltr'>convertetur</span> <span class='ocrx_word' id='word_1_564' title='bbox 2228 2241 2280 2278; x_wconf 89' lang='lat' dir='ltr'>ad</span> <span class='ocrx_word' id='word_1_565' title='bbox 2300 2252 2368 2279; x_wconf 90' lang='lat' dir='ltr'>cor</span> 
     </span>
     <span class='ocr_line' id='line_1_85' title="bbox 1332 2299 2368 2350; baseline 0.011 -19"><span class='ocrx_word' id='word_1_566' title='bbox 1332 2305 1449 2332; x_wconf 91' lang='lat' dir='ltr'>suum</span> <span class='ocrx_word' id='word_1_567' title='bbox 1474 2308 1481 2332; x_wconf 75' lang='grc' dir='ltr'>ε</span> <span class='ocrx_word' id='word_1_568' title='bbox 1506 2309 1523 2330; x_wconf 91' lang='lat'>»</span> <span class='ocrx_word' id='word_1_569' title='bbox 1549 2307 1638 2334; x_wconf 90' lang='lat' dir='ltr'>ecce</span> <span class='ocrx_word' id='word_1_570' title='bbox 1669 2299 1874 2336; x_wconf 88' lang='lat' dir='ltr'>conversio</span> <span class='ocrx_word' id='word_1_571' title='bbox 1906 2299 1959 2337; x_wconf 92' lang='lat' dir='ltr'>ad</span> <span class='ocrx_word' id='word_1_572' title='bbox 1990 2311 2072 2348; x_wconf 83' lang='lat' dir='ltr'>cor,</span> <span class='ocrx_word' id='word_1_573' title='bbox 2100 2303 2210 2350; x_wconf 90' lang='lat' dir='ltr'>quod</span> <span class='ocrx_word' id='word_1_574' title='bbox 2234 2303 2368 2342; x_wconf 89' lang='lat' dir='ltr'>lavan-</span> 
     </span>
     <span class='ocr_line' id='line_1_86' title="bbox 1331 2356 1440 2394; baseline 0 -1"><span class='ocrx_word' id='word_1_575' title='bbox 1331 2356 1440 2394; x_wconf 88' lang='lat' dir='ltr'>dum.</span> 
     </span>
    </p>
   </div>
   <div class='ocr_carea' id='block_1_18' title="bbox 1660 2453 2037 2501">
    <p class='ocr_par' dir='ltr' id='par_1_18' title="bbox 1660 2453 2037 2501">
     <span class='ocr_line' id='line_1_87' title="bbox 1660 2453 2037 2501; baseline 0.013 -14"><span class='ocrx_word' id='word_1_576' title='bbox 1660 2453 1849 2490; x_wconf 79' lang='lat' dir='ltr'>Articulus</span> <span class='ocrx_word' id='word_1_577' title='bbox 1874 2459 2037 2501; x_wconf 81' lang='lat' dir='ltr'>quartus.</span> 
     </span>
    </p>
   </div>
   <div class='ocr_carea' id='block_1_19' title="bbox 1321 2545 2363 3595">
    <p class='ocr_par' dir='ltr' id='par_1_19' title="bbox 1321 2545 2363 3406">
     <span class='ocr_line' id='line_1_88' title="bbox 1377 2545 2362 2597; baseline 0.014 -17"><span class='ocrx_word' id='word_1_578' title='bbox 1377 2545 1544 2588; x_wconf 84' lang='lat' dir='ltr'>Quartus</span> <span class='ocrx_word' id='word_1_579' title='bbox 1563 2555 1655 2583; x_wconf 86' lang='lat' dir='ltr'>vero</span> <span class='ocrx_word' id='word_1_580' title='bbox 1676 2547 1862 2585; x_wconf 83' lang='lat' dir='ltr'>articulus</span> <span class='ocrx_word' id='word_1_581' title='bbox 1881 2549 2130 2597; x_wconf 88' lang='lat' dir='ltr'>subnotatur,</span> <span class='ocrx_word' id='word_1_582' title='bbox 2151 2563 2242 2592; x_wconf 88' lang='lat' dir='ltr'>cum</span> <span class='ocrx_word' id='word_1_583' title='bbox 2268 2555 2362 2594; x_wconf 86' lang='lat' dir='ltr'>sub-</span> 
     </span>
     <span class='ocr_line' id='line_1_89' title="bbox 1326 2606 2363 2660; baseline 0.013 -18"><span class='ocrx_word' id='word_1_584' title='bbox 1326 2606 1504 2653; x_wconf 85' lang='lat' dir='ltr'>jungitur</span> <span class='ocrx_word' id='word_1_585' title='bbox 1521 2609 1653 2654; x_wconf 70' lang='grc' dir='ltr'>εΜίΙιί,</span> <span class='ocrx_word' id='word_1_586' title='bbox 1674 2611 1864 2657; x_wconf 88' lang='lat' dir='ltr'>tanquam</span> <span class='ocrx_word' id='word_1_587' title='bbox 1885 2611 2132 2660; x_wconf 89' lang='lat' dir='ltr'>conformati,</span> <span class='ocrx_word' id='word_1_588' title='bbox 2154 2626 2223 2653; x_wconf 91' lang='lat' dir='ltr'>seu</span> <span class='ocrx_word' id='word_1_589' title='bbox 2242 2617 2363 2654; x_wconf 84' lang='lat' dir='ltr'>confi-</span> 
     </span>
     <span class='ocr_line' id='line_1_90' title="bbox 1328 2669 2362 2727; baseline 0.013 -23"><span class='ocrx_word' id='word_1_590' title='bbox 1328 2669 1455 2714; x_wconf 84' lang='lat' dir='ltr'>gurati</span> <span class='ocrx_word' id='word_1_591' title='bbox 1474 2669 1585 2707; x_wconf 90' lang='lat' dir='ltr'>mihi.</span> <span class='ocrx_word' id='word_1_592' title='bbox 1599 2670 1668 2706; x_wconf 93' lang='lat' dir='ltr'>Cui</span> <span class='ocrx_word' id='word_1_593' title='bbox 1681 2671 1778 2708; x_wconf 88' lang='lat' dir='ltr'>mihi</span> <span class='ocrx_word' id='word_1_594' title='bbox 1793 2673 1811 2707; x_wconf 69' lang='lat'>⁶?</span> <span class='ocrx_word' id='word_1_595' title='bbox 1828 2672 1854 2695; x_wconf 88' lang='lat'>¹⁰</span> <span class='ocrx_word' id='word_1_596' title='bbox 1872 2686 1890 2707; x_wconf 89' lang='lat'>«</span> <span class='ocrx_word' id='word_1_597' title='bbox 1903 2673 2053 2721; x_wconf 87' lang='lat' dir='ltr'>Sobrie,</span> <span class='ocrx_word' id='word_1_598' title='bbox 2069 2678 2106 2714; x_wconf 84' lang='lat' dir='ltr'>et</span> <span class='ocrx_word' id='word_1_599' title='bbox 2120 2676 2237 2724; x_wconf 85' lang='lat' dir='ltr'>juste,</span> <span class='ocrx_word' id='word_1_600' title='bbox 2250 2681 2286 2716; x_wconf 86' lang='lat' dir='ltr'>ct</span> <span class='ocrx_word' id='word_1_601' title='bbox 2298 2680 2362 2727; x_wconf 88' lang='lat' dir='ltr'>pie</span> 
     </span>
     <span class='ocr_line' id='line_1_91' title="bbox 1327 2731 2362 2780; baseline 0.013 -13"><span class='ocrx_word' id='word_1_602' title='bbox 1327 2731 1474 2769; x_wconf 86' lang='lat' dir='ltr'>viventi</span> <span class='ocrx_word' id='word_1_603' title='bbox 1493 2731 1533 2768; x_wconf 91' lang='lat' dir='ltr'>in</span> <span class='ocrx_word' id='word_1_604' title='bbox 1552 2732 1628 2770; x_wconf 90' lang='lat' dir='ltr'>hoc</span> <span class='ocrx_word' id='word_1_605' title='bbox 1649 2733 1832 2771; x_wconf 78' lang='lat' dir='ltr'>saeculo.»</span> <span class='ocrx_word' id='word_1_606' title='bbox 1851 2736 2061 2780; x_wconf 79' lang='lat' dir='ltr'>Quomodo</span> <span class='ocrx_word' id='word_1_607' title='bbox 2076 2738 2094 2774; x_wconf 64' lang='grc' dir='ltr'>ἱ)</span> <span class='ocrx_word' id='word_1_608' title='bbox 2116 2750 2273 2778; x_wconf 88' lang='lat' dir='ltr'>crucem</span> <span class='ocrx_word' id='word_1_609' title='bbox 2290 2741 2362 2780; x_wconf 88' lang='lat' dir='ltr'>ba-</span> 
     </span>
     <span class='ocr_line' id='line_1_92' title="bbox 1324 2793 2362 2851; baseline 0.012 -21"><span class='ocrx_word' id='word_1_610' title='bbox 1324 2793 1515 2840; x_wconf 87' lang='lat' dir='ltr'>julando,</span> <span class='ocrx_word' id='word_1_611' title='bbox 1542 2795 1691 2833; x_wconf 89' lang='lat' dir='ltr'>Christo</span> <span class='ocrx_word' id='word_1_612' title='bbox 1722 2796 1976 2845; x_wconf 80' lang='lat' dir='ltr'>famulando,</span> <span class='ocrx_word' id='word_1_613' title='bbox 2004 2800 2167 2839; x_wconf 86' lang='lat' dir='ltr'>salutem</span> <span class='ocrx_word' id='word_1_614' title='bbox 2190 2804 2362 2851; x_wconf 81' lang='lat' dir='ltr'>proximi</span> 
     </span>
     <span class='ocr_line' id='line_1_93' title="bbox 1327 2857 2359 2914; baseline 0.01 -20"><span class='ocrx_word' id='word_1_615' title='bbox 1327 2857 1568 2896; x_wconf 65' lang='lat' dir='ltr'>aemulando.</span> <span class='ocrx_word' id='word_1_616' title='bbox 1591 2861 1642 2898; x_wconf 89' lang='lat' dir='ltr'>De</span> <span class='ocrx_word' id='word_1_617' title='bbox 1667 2859 1798 2908; x_wconf 87' lang='lat' dir='ltr'>primo</span> <span class='ocrx_word' id='word_1_618' title='bbox 1816 2861 1840 2883; x_wconf 88' lang='lat'>¹¹</span> <span class='ocrx_word' id='word_1_619' title='bbox 1863 2873 1872 2898; x_wconf 87' lang='grc'>;</span> <span class='ocrx_word' id='word_1_620' title='bbox 1900 2877 1917 2896; x_wconf 87' lang='lat'>«</span> <span class='ocrx_word' id='word_1_621' title='bbox 1937 2862 2028 2899; x_wconf 90' lang='lat' dir='ltr'>Mihi</span> <span class='ocrx_word' id='word_1_622' title='bbox 2046 2864 2148 2902; x_wconf 89' lang='lat' dir='ltr'>absit</span> <span class='ocrx_word' id='word_1_623' title='bbox 2174 2865 2359 2914; x_wconf 88' lang='lat' dir='ltr'>gloriari,</span> 
     </span>
     <span class='ocr_line' id='line_1_94' title="bbox 1326 2919 2360 2974; baseline 0.01 -18"><span class='ocrx_word' id='word_1_624' title='bbox 1326 2919 1400 2957; x_wconf 90' lang='lat' dir='ltr'>nisi</span> <span class='ocrx_word' id='word_1_625' title='bbox 1420 2920 1461 2957; x_wconf 90' lang='lat' dir='ltr'>in</span> <span class='ocrx_word' id='word_1_626' title='bbox 1482 2931 1598 2958; x_wconf 88' lang='lat' dir='ltr'>cruce</span> <span class='ocrx_word' id='word_1_627' title='bbox 1619 2923 1774 2959; x_wconf 90' lang='lat' dir='ltr'>Domini</span> <span class='ocrx_word' id='word_1_628' title='bbox 1794 2924 1918 2961; x_wconf 89' lang='lat' dir='ltr'>nostri</span> <span class='ocrx_word' id='word_1_629' title='bbox 1937 2926 2026 2963; x_wconf 83' lang='lat' dir='ltr'>Jesu</span> <span class='ocrx_word' id='word_1_630' title='bbox 2045 2926 2207 2974; x_wconf 82' lang='lat' dir='ltr'>Christi3</span> <span class='ocrx_word' id='word_1_631' title='bbox 2229 2941 2247 2962; x_wconf 74' lang='grc' dir='ltr'>ι)</span> <span class='ocrx_word' id='word_1_632' title='bbox 2271 2939 2360 2966; x_wconf 90' lang='lat' dir='ltr'>ecce</span> 
     </span>
     <span class='ocr_line' id='line_1_95' title="bbox 1327 2982 2357 3034; baseline 0.01 -16"><span class='ocrx_word' id='word_1_633' title='bbox 1327 2983 1450 3019; x_wconf 86' lang='lat' dir='ltr'>crucis</span> <span class='ocrx_word' id='word_1_634' title='bbox 1482 2982 1704 3030; x_wconf 89' lang='lat' dir='ltr'>bajulatio,</span> <span class='ocrx_word' id='word_1_635' title='bbox 1742 2987 2056 3034; x_wconf 89' lang='lat' dir='ltr'>correspondens</span> <span class='ocrx_word' id='word_1_636' title='bbox 2087 2989 2177 3026; x_wconf 78' lang='lat' dir='ltr'>vitae</span> <span class='ocrx_word' id='word_1_637' title='bbox 2204 2990 2357 3028; x_wconf 85' lang='lat' dir='ltr'>sobriae.</span> 
     </span>
     <span class='ocr_line' id='line_1_96' title="bbox 1325 3045 2358 3090; baseline 0.009 -9"><span class='ocrx_word' id='word_1_638' title='bbox 1325 3046 1376 3082; x_wconf 84' lang='lat' dir='ltr'>De</span> <span class='ocrx_word' id='word_1_639' title='bbox 1393 3045 1568 3084; x_wconf 89' lang='lat' dir='ltr'>secundo</span> <span class='ocrx_word' id='word_1_640' title='bbox 1584 3047 1611 3069; x_wconf 76' lang='lat'>¹²</span> <span class='ocrx_word' id='word_1_641' title='bbox 1630 3058 1638 3083; x_wconf 90' lang='lat'>:</span> <span class='ocrx_word' id='word_1_642' title='bbox 1656 3047 1773 3085; x_wconf 87' lang='lat' dir='ltr'>«Mihi</span> <span class='ocrx_word' id='word_1_643' title='bbox 1791 3048 1924 3086; x_wconf 84' lang='lat' dir='ltr'>vivere</span> <span class='ocrx_word' id='word_1_644' title='bbox 1945 3050 2116 3087; x_wconf 88' lang='lat' dir='ltr'>Christus</span> <span class='ocrx_word' id='word_1_645' title='bbox 2137 3055 2214 3088; x_wconf 89' lang='lat' dir='ltr'>est:</span> <span class='ocrx_word' id='word_1_646' title='bbox 2229 3066 2246 3087; x_wconf 89' lang='lat'>»</span> <span class='ocrx_word' id='word_1_647' title='bbox 2271 3062 2358 3090; x_wconf 89' lang='lat' dir='ltr'>ecce</span> 
     </span>
     <span class='ocr_line' id='line_1_97' title="bbox 1325 3107 2357 3160; baseline 0.009 -17"><span class='ocrx_word' id='word_1_648' title='bbox 1325 3107 1463 3145; x_wconf 88' lang='lat' dir='ltr'>Christi</span> <span class='ocrx_word' id='word_1_649' title='bbox 1491 3108 1697 3148; x_wconf 85' lang='lat' dir='ltr'>famulatio</span> <span class='ocrx_word' id='word_1_650' title='bbox 1718 3137 1731 3156; x_wconf 87' lang='lat'><em>‚</em></span> <span class='ocrx_word' id='word_1_651' title='bbox 1762 3111 2001 3149; x_wconf 90' lang='lat' dir='ltr'>conveniens</span> <span class='ocrx_word' id='word_1_652' title='bbox 2032 3113 2118 3150; x_wconf 70' lang='lat' dir='ltr'>vitae</span> <span class='ocrx_word' id='word_1_653' title='bbox 2145 3114 2269 3160; x_wconf 81' lang='lat' dir='ltr'>justae.</span> <span class='ocrx_word' id='word_1_654' title='bbox 2308 3117 2357 3152; x_wconf 90' lang='lat' dir='ltr'>Dc</span> 
     </span>
     <span class='ocr_line' id='line_1_98' title="bbox 1325 3170 2359 3216; baseline 0.008 -10"><span class='ocrx_word' id='word_1_655' title='bbox 1325 3170 1437 3207; x_wconf 86' lang='lat' dir='ltr'>tertio</span> <span class='ocrx_word' id='word_1_656' title='bbox 1454 3171 1482 3194; x_wconf 77' lang='lat'>¹³</span> <span class='ocrx_word' id='word_1_657' title='bbox 1499 3183 1507 3207; x_wconf 91' lang='lat'>:</span> <span class='ocrx_word' id='word_1_658' title='bbox 1522 3185 1540 3206; x_wconf 73' lang='grc' dir='ltr'>α</span> <span class='ocrx_word' id='word_1_659' title='bbox 1550 3171 1640 3209; x_wconf 91' lang='lat' dir='ltr'>Mihi</span> <span class='ocrx_word' id='word_1_660' title='bbox 1654 3173 1835 3210; x_wconf 85' lang='lat' dir='ltr'>omnium</span> <span class='ocrx_word' id='word_1_661' title='bbox 1848 3177 2072 3212; x_wconf 86' lang='lat' dir='ltr'>sanctorum</span> <span class='ocrx_word' id='word_1_662' title='bbox 2086 3175 2251 3213; x_wconf 89' lang='lat' dir='ltr'>minimo</span> <span class='ocrx_word' id='word_1_663' title='bbox 2266 3175 2359 3216; x_wconf 86' lang='lat' dir='ltr'>data</span> 
     </span>
     <span class='ocr_line' id='line_1_99' title="bbox 1325 3233 2356 3284; baseline 0.006 -15"><span class='ocrx_word' id='word_1_664' title='bbox 1325 3235 1381 3270; x_wconf 88' lang='lat' dir='ltr'>est</span> <span class='ocrx_word' id='word_1_665' title='bbox 1398 3233 1524 3280; x_wconf 86' lang='lat' dir='ltr'>gratia</span> <span class='ocrx_word' id='word_1_666' title='bbox 1545 3234 1627 3271; x_wconf 80' lang='lat' dir='ltr'>haec</span> <span class='ocrx_word' id='word_1_667' title='bbox 1643 3262 1655 3280; x_wconf 92' lang='lat'>,</span> <span class='ocrx_word' id='word_1_668' title='bbox 1684 3234 1725 3271; x_wconf 94' lang='lat' dir='ltr'>in</span> <span class='ocrx_word' id='word_1_669' title='bbox 1745 3235 1928 3282; x_wconf 89' lang='lat' dir='ltr'>gentibus</span> <span class='ocrx_word' id='word_1_670' title='bbox 1960 3237 2230 3284; x_wconf 87' lang='lat' dir='ltr'>evangelizare</span> <span class='ocrx_word' id='word_1_671' title='bbox 2256 3237 2356 3275; x_wconf 91' lang='lat' dir='ltr'>divi-</span> 
     </span>
     <span class='ocr_line' id='line_1_100' title="bbox 1323 3295 2357 3343; baseline 0.006 -12"><span class='ocrx_word' id='word_1_672' title='bbox 1323 3295 1396 3332; x_wconf 86' lang='lat' dir='ltr'>tias</span> <span class='ocrx_word' id='word_1_673' title='bbox 1417 3295 1550 3343; x_wconf 81' lang='lat' dir='ltr'>gratiae</span> <span class='ocrx_word' id='word_1_674' title='bbox 1570 3296 1707 3333; x_wconf 88' lang='lat' dir='ltr'>Christi</span> <span class='ocrx_word' id='word_1_675' title='bbox 1724 3309 1732 3333; x_wconf 90' lang='lat'><strong>:</strong></span> <span class='ocrx_word' id='word_1_676' title='bbox 1751 3310 1769 3332; x_wconf 87' lang='lat'>&gt;›</span> <span class='ocrx_word' id='word_1_677' title='bbox 1786 3308 1874 3335; x_wconf 87' lang='lat' dir='ltr'>ecce</span> <span class='ocrx_word' id='word_1_678' title='bbox 1888 3297 2067 3336; x_wconf 78' lang='lat' dir='ltr'>fraternae</span> <span class='ocrx_word' id='word_1_679' title='bbox 2085 3299 2221 3336; x_wconf 89' lang='lat' dir='ltr'>salutis</span> <span class='ocrx_word' id='word_1_680' title='bbox 2238 3310 2357 3338; x_wconf 86' lang='lat' dir='ltr'>aemu-</span> 
     </span>
     <span class='ocr_line' id='line_1_101' title="bbox 1321 3356 1873 3406; baseline 0.004 -13"><span class='ocrx_word' id='word_1_681' title='bbox 1321 3356 1415 3395; x_wconf 87' lang='lat' dir='ltr'>latio</span> <span class='ocrx_word' id='word_1_682' title='bbox 1440 3368 1662 3405; x_wconf 83' lang='lat' dir='ltr'>congruens</span> <span class='ocrx_word' id='word_1_683' title='bbox 1680 3358 1768 3395; x_wconf 83' lang='lat' dir='ltr'>vitae</span> <span class='ocrx_word' id='word_1_684' title='bbox 1786 3359 1873 3406; x_wconf 85' lang='lat' dir='ltr'>pioe.</span> 
     </span>
    </p>

    <p class='ocr_par' dir='ltr' id='par_1_20' title="bbox 1321 3447 2355 3595">
     <span class='ocr_line' id='line_1_102' title="bbox 1321 3447 2355 3494; baseline 0.007 -15"><span class='ocrx_word' id='word_1_685' title='bbox 1321 3450 1332 3466; x_wconf 43' lang='grc' dir='ltr'>ἓ·</span> <span class='ocrx_word' id='word_1_686' title='bbox 1352 3447 1472 3488; x_wconf 59' lang='lat' dir='ltr'>Ecca„</span> <span class='ocrx_word' id='word_1_687' title='bbox 1494 3456 1567 3490; x_wconf 75' lang='lat' dir='ltr'>xxi,</span> <span class='ocrx_word' id='word_1_688' title='bbox 1585 3449 1616 3480; x_wconf 82' lang='lat'>7.</span> <span class='ocrx_word' id='word_1_689' title='bbox 1631 3465 1670 3473; x_wconf 93' lang='lat'>—</span> <span class='ocrx_word' id='word_1_690' title='bbox 1696 3448 1721 3470; x_wconf 74' lang='lat'>¹⁸</span> <span class='ocrx_word' id='word_1_691' title='bbox 1743 3449 1819 3488; x_wconf 69' lang='lat' dir='ltr'>Tit„</span> <span class='ocrx_word' id='word_1_692' title='bbox 1842 3457 1881 3487; x_wconf 85' lang='grc' dir='ltr'>ιι,</span> <span class='ocrx_word' id='word_1_693' title='bbox 1903 3451 1952 3481; x_wconf 74' lang='lat'>12.</span> <span class='ocrx_word' id='word_1_694' title='bbox 1967 3466 2006 3474; x_wconf 90' lang='lat'>—</span> <span class='ocrx_word' id='word_1_695' title='bbox 2027 3452 2046 3469; x_wconf 85' lang='lat'>¹·</span> <span class='ocrx_word' id='word_1_696' title='bbox 2066 3450 2158 3492; x_wconf 70' lang='lat' dir='ltr'>Gal..</span> <span class='ocrx_word' id='word_1_697' title='bbox 2177 3458 2224 3494; x_wconf 78' lang='grc' dir='ltr'>νι,</span> <span class='ocrx_word' id='word_1_698' title='bbox 2247 3454 2297 3486; x_wconf 82' lang='grc'>14.</span> <span class='ocrx_word' id='word_1_699' title='bbox 2314 3469 2355 3478; x_wconf 82' lang='lat'>·—</span> 
     </span>
     <span class='ocr_line' id='line_1_103' title="bbox 1322 3495 2015 3537; baseline 0.006 -11"><span class='ocrx_word' id='word_1_700' title='bbox 1322 3495 1348 3517; x_wconf 83' lang='lat'>¹²</span> <span class='ocrx_word' id='word_1_701' title='bbox 1367 3495 1512 3537; x_wconf 66' lang='lat' dir='ltr'>Philip„</span> <span class='ocrx_word' id='word_1_702' title='bbox 1537 3503 1558 3537; x_wconf 81' lang='lat' dir='ltr'>r,</span> <span class='ocrx_word' id='word_1_703' title='bbox 1579 3498 1630 3528; x_wconf 76' lang='lat'>21.</span> <span class='ocrx_word' id='word_1_704' title='bbox 1652 3513 1691 3520; x_wconf 92' lang='lat'>—</span> <span class='ocrx_word' id='word_1_705' title='bbox 1715 3496 1739 3517; x_wconf 78' lang='lat'>&#39;³</span> <span class='ocrx_word' id='word_1_706' title='bbox 1760 3496 1892 3537; x_wconf 52' lang='lat' dir='ltr'>Ephe-5„</span> <span class='ocrx_word' id='word_1_707' title='bbox 1912 3505 1965 3537; x_wconf 80' lang='grc' dir='ltr'>ΙΙΙ,</span> <span class='ocrx_word' id='word_1_708' title='bbox 1986 3499 2015 3530; x_wconf 86' lang='grc'>8.</span> 
     </span>
     <span class='ocr_line' id='line_1_104' title="bbox 1361 3552 2245 3595; baseline 0.006 -11"><span class='ocrx_word' id='word_1_709' title='bbox 1361 3553 1511 3594; x_wconf 62' lang='lat' dir='ltr'>(omnm.</span> <span class='ocrx_word' id='word_1_710' title='bbox 1536 3552 1611 3584; x_wconf 81' lang='lat' dir='ltr'>Ven.</span> <span class='ocrx_word' id='word_1_711' title='bbox 1632 3552 1767 3593; x_wconf 80' lang='lat' dir='ltr'>quia.—</span> <span class='ocrx_word' id='word_1_712' title='bbox 1790 3552 1832 3594; x_wconf 80' lang='lat' dir='ltr'>(b)</span> <span class='ocrx_word' id='word_1_713' title='bbox 1862 3552 1957 3595; x_wconf 58' lang='grc' dir='ltr'>γαίῃ.</span> <span class='ocrx_word' id='word_1_714' title='bbox 1982 3554 2245 3589; x_wconf 78' lang='lat' dir='ltr'>tribulationem.</span> 
     </span>
    </p>
   </div>
  </div>
 </body>
</html>
