2633 3878
206 196 281 234 ΗΟ

204 282 282 324 erit
302 280 508 334 reparatio
527 277 659 319 divini
690 275 849 326 cultus,
878 286 975 315 cum
996 272 1229 326 replebitur

204 352 424 406 prophetia
454 347 693 389 Ezechielis.
724 346 899 395 Quando
929 343 1150 386 descendet
1179 342 1230 382 de

205 423 307 463 coelo
329 421 474 461 civitas
493 434 501 460 :
526 431 610 460 non
631 418 803 472 quidem
828 417 921 468 illa,
945 428 1040 469 quae
1061 426 1229 455 sursum

205 496 285 542 est;
315 492 386 533 sed
406 492 476 532 illa
497 503 592 544 quze
614 490 811 531 deorsum
833 492 917 539 est,
942 487 1098 527 scilicet
1117 485 1230 525 mili-

204 568 321 613 tans,
348 563 516 616 quando
552 562 632 603 erit
661 561 889 602 conformis
920 557 1228 610 triumphanti,

204 634 435 674 secundum
463 633 575 686 quod
612 632 804 685 possibile
840 630 968 671 estin
1007 629 1099 679 via,
1132 631 1232 668 tunc

205 705 286 745 erit
305 704 575 745 reaedificatio
593 702 788 753 civitatis,
802 705 841 742 et
857 699 1110 742 restauratio
1125 699 1234 739 sicut

205 789 228 816 a
247 775 474 829 principio,
507 779 547 815 et
570 778 668 815 tunc
689 786 773 827 pax
793 774 886 813 erit.
919 772 1133 821 Quantum
1154 782 1232 810 au-

206 850 290 888 tem
318 847 485 887 durabit
524 846 595 886 illa
626 858 736 898 pax,
774 844 882 885 Deus
922 843 1057 884 novit.
1094 841 1235 893 Igitur

206 931 302 959 cum
325 919 406 959 sint
426 921 586 971 septem
605 922 796 970 tempora
812 948 825 967 ,
856 918 895 956 et
927 916 970 955 in
990 913 1124 955 veteri
1151 915 1233 952 tcs-

206 994 392 1031 tamento
412 990 511 1031 etin
530 1002 642 1030 novo
658 1021 670 1040 ,
695 992 735 1029 et
753 988 796 1029 in
812 987 999 1041 quolibet
1018 986 1210 1026 triforme
1223 1017 1234 1036 ,

207 1063 274 1103 vel
295 1063 336 1102 in
358 1062 548 1115 quolibet
568 1062 648 1102 tria
673 1061 756 1101 sint
775 1092 784 1109 ‚
820 1058 1082 1112 septenarius
1097 1090 1106 1107 ,
1131 1056 1238 1098 mul-

208 1135 420 1188 tiplicatus
453 1146 527 1187 per
555 1135 789 1174 ternarium
822 1133 917 1183 bis,
954 1130 1238 1185 quadraginta

209 1207 293 1247 duo
308 1205 401 1246 facit
419 1218 428 1246 :
451 1208 491 1245 et
510 1205 592 1245 illae
609 1207 708 1245 sunt
723 1204 1005 1257 quadraginta
1015 1203 1110 1243 duae
1125 1213 1239 1241 man-

211 1278 376 1326 siones,
411 1276 566 1328 quibus
597 1275 844 1328 pervenitur
863 1275 915 1315 ad
949 1277 1107 1314 terram
1138 1284 1239 1325 pro-

211 1347 435 1387 missionis.
471 1346 521 1387 Et
540 1346 597 1386 sic
617 1348 729 1398 patet
744 1378 757 1396 ,
782 1345 996 1398 quomodo
1019 1344 1238 1396 Scriptura

211 1417 407 1458 describit
446 1416 731 1457 successiones
757 1418 1000 1468 temporum
1021 1447 1031 1466 ,
1072 1416 1113 1454 et
1148 1425 1239 1454 non

211 1493 351 1530 sunta
371 1501 472 1529 casu
491 1491 531 1529 et
560 1488 730 1528 fortuna
746 1519 758 1538 ,
793 1487 863 1528 sed
889 1498 1051 1538 magna
1079 1485 1155 1525 lux
1180 1487 1241 1526 est

211 1561 256 1600 in
277 1560 335 1601 eis
350 1593 361 1611 ,
384 1562 424 1600 et
441 1559 587 1600 multae
607 1558 899 1611 intelligentiae
920 1557 1172 1611 spirituales.

545 1718 735 1763 SERMO
767 1718 912 1763 XVII:

217 1833 396 1877 Quomodo
422 1833 615 1879 Scriptura
633 1834 750 1879 reficit
769 1833 984 1868 intellectum
1007 1835 1041 1867 et
1061 1831 1240 1877 affectum,

262 1898 295 1930 et
329 1895 451 1929 anima
480 1895 584 1938 quasi
614 1894 655 1928 in
686 1891 862 1928 Paradcso
897 1892 1102 1933 delectatur,
1136 1894 1168 1927 et
1201 1892 1244 1927 de

263 1954 407 1989 theoriis
427 1963 538 1988 sacrae
557 1952 766 1999 Scripturae.

267 2065 279 2088 ¹
293 2063 475 2107 Protulit
494 2069 607 2106 terra
623 2063 794 2105 herbam
809 2064 1032 2113 virentem,
1054 2064 1131 2102 etc.
1155 2062 1247 2103 Dic-

215 2139 305 2176 tum
326 2139 386 2176 est
406 2135 520 2188 quod
543 2134 650 2176 visio
674 2133 968 2185 intelligentiae
994 2144 1069 2186 per
1098 2132 1243 2185 Scrip-

215 2210 356 2248 turam
376 2207 552 2247 eruditae
572 2208 766 2246 versatur
786 2205 898 2246 circa
916 2203 998 2245 tria
1016 2216 1026 2244 ε
1049 2203 1158 2243 circa
1178 2203 1246 2242 in-

216 2278 470 2331 telligentias
506 2277 768 2330 spirituales,
808 2288 906 2329 quae
946 2274 1246 2326 intelliguntur

216 2362 290 2402 per
312 2349 667 2402 congregationes
693 2360 926 2401 aquarum3
949 2347 1058 2387 circa
1080 2346 1245 2397 figuras

215 2421 557 2471 sacramentales,
593 2432 668 2473 per
699 2418 1055 2471 germinationem
1086 2416 1246 2457 herba-

216 2503 328 2542 rum,
350 2491 418 2533 vel
436 2491 637 2532 arborum
655 2503 665 2541 ;
688 2490 797 2530 circa
816 2489 1002 2530 theorias
1030 2487 1247 2528 multifor-

218 2575 320 2612 mes,
342 2575 417 2616 per
436 2561 830 2615 multiplicationem
858 2560 1086 2610 seminum,
1113 2561 1154 2599 et
1176 2570 1248 2599 re-

216 2634 438 2675 sectionem
480 2633 726 2674 herbarum.
773 2632 870 2673 Istae
907 2631 1033 2672 etiam
1073 2629 1248 2684 theoriae

218 2706 449 2748 consistunt
485 2705 528 2745 in
563 2705 699 2745 tribus
727 2719 735 2745 :
760 2705 804 2744 in
844 2702 1248 2744 considerationibus

219 2781 459 2830 temporum
484 2776 561 2816 sibi
581 2775 911 2825 succedentium,
942 2785 1038 2826 quae
1061 2774 1160 2812 sunt
1180 2784 1250 2812 se-

220 2849 400 2890 minaria
430 2847 651 2901 quaedam3
688 2847 732 2886 in
770 2843 1138 2897 correspondentia
1176 2856 1246 2884 eo-

220 2921 436 2971 rumdem3
453 2922 493 2960 et
512 2920 556 2959 in
576 2917 979 2959 considerationibus
998 2915 1249 2956 salutarium

221 2992 512 3041 refectionum,
533 2990 634 3043 quia
652 2989 667 3011 ²
696 3003 715 3027 (1
736 3001 822 3030 non
841 2988 885 3028 in
908 2987 996 3028 solo
1016 2998 1125 3039 pane
1144 2986 1251 3027 vivit

222 3063 366 3104 homo.
383 3077 401 3100 u
425 3060 694 3102 Considerare
710 3072 895 3112 namque
912 3059 1033 3099 debet
1051 3058 1180 3099 homo
1197 3071 1250 3099 ex

223 3146 308 3187 quo
327 3136 537 3186 pascatur,
560 3131 661 3184 quia
682 3129 848 3183 eloquio
870 3129 1113 3182 Scripturae.
1134 3128 1251 3170 Unde

225 3209 285 3246 est
314 3203 484 3256 lignum
515 3202 670 3243 faciens
700 3201 900 3242 fructum.
936 3200 1106 3252 indiget
1138 3201 1250 3241 enim

227 3275 458 3316 intellectus
492 3272 740 3322 refectione;
784 3271 946 3324 indiget
983 3273 1024 3311 et
1062 3271 1251 3312 affectus.

229 3344 373 3387 Primo
404 3344 627 3386 dicendum
663 3343 714 3384 de
746 3342 969 3384 refectione
1001 3341 1249 3383 intellectus.

230 3416 327 3468 Sed,
354 3417 460 3458 sicut
487 3417 585 3458 dicit
614 3415 837 3470 Apostolus
855 3414 868 3435 ³
892 3428 902 3455 ι
928 3428 948 3452 (1
972 3413 1252 3455 Laborantem

276 3502 282 3520 ¹
301 3499 393 3539 Gen„
414 3507 437 3539 1,
460 3501 510 3530 12.
530 3516 571 3521 —
589 3499 600 3517 ²
616 3498 750 3539 Mami„
774 3506 822 3539 iv,
841 3500 872 3530 4.
894 3514 932 3520 -—
956 3497 970 3519 ⁸
995 3498 1019 3529 ΙΙ
1047 3498 1144 3539 Τέω,
1163 3505 1200 3537 11,
1220 3499 1254 3529 6.

905 180 1349 226 lLLUMlNATIONES
1377 181 1639 225 ECCLESIAE

1301 271 1533 323 agricolam
1549 274 1712 326 oportet
1726 271 1841 326 prius
1855 271 1977 313 edere
1990 271 2041 313 de
2052 273 2259 313 fructibus
2275 286 2285 313 ι
2301 286 2320 310 υ

1302 342 1404 395 quia
1421 346 1584 396 oportet
1603 343 1715 396 quod
1736 343 1982 396 praedicator
2001 342 2053 382 sit
2078 342 2267 383 imbutus
2287 344 2328 383 et

1303 414 1544 456 dulcoratus
1558 417 1601 456 in
1621 429 1678 466 se,
1696 419 1736 457 et
1753 418 1846 469 post
1860 415 1950 456 aliis
1968 416 2187 468 proponat.
2209 414 2329 455 Multi

1303 489 1447 527 tamen
1484 487 1633 528 volunt
1669 488 1801 528 videri
1840 487 2057 540 prophetae
2071 518 2081 536 ,
2119 489 2159 526 et
2192 484 2331 525 audiri

1304 559 1508 610 tanquam
1531 558 1771 611 prophetae3
1805 562 1845 599 et
1871 559 1991 611 panis
2010 569 2159 598 eorum
2181 555 2332 608 insipi-

1306 627 1384 668 dus
1405 631 1480 679 est,
1504 629 1571 670 vel
1597 629 1706 670 male
1732 632 1871 670 coctus
1898 633 1938 670 et
1965 629 2170 681 frigidus;
2194 630 2234 668 et
2257 639 2330 680 po-

1306 697 1453 750 pulum
1473 699 1674 750 detinent,
1694 703 1734 740 et
1753 712 1904 753 parum
1922 699 2161 752 proficiunt.
2183 696 2335 739 Notan-

1306 768 1424 816 dum,
1456 769 1568 821 quod
1598 770 1704 810 sicut
1730 770 1894 810 fructus
1923 769 2100 810 oblectat
2126 769 2266 810 visum
2295 771 2336 809 et

1306 842 1482 890 gustum
1498 840 1542 880 in
1558 840 1684 891 fame,
1703 841 1888 881 maxime
1907 843 2049 881 tamen
2065 838 2337 892 principalius

1309 911 1454 952 visum
1473 911 1652 953 oblectat
1672 925 1752 954 sua
1770 913 2083 966 pulchritudine
2102 914 2144 953 et
2163 912 2334 960 decore;

1312 985 1489 1035 gustum
1516 996 1617 1024 vero
1638 984 1807 1025 dulcore
1836 987 1877 1025 et
1904 983 2110 1025 suavitate
2133 997 2142 1023 z
2171 982 2230 1023 sic
2255 982 2338 1023 illae

1311 1054 1486 1096 theoriae
1506 1056 1705 1096 reficiunt
1728 1055 1985 1096 intellectum
2007 1066 2084 1095 suo
2103 1053 2266 1104 decore,
2298 1056 2338 1094 et

1310 1126 1506 1167 affectum
1521 1140 1597 1167 sua
1612 1127 1833 1169 suavitate.
1849 1126 1936 1167 Hoc
1949 1125 2088 1166 innuit
2103 1123 2335 1178 Scriptura,

1310 1196 1450 1237 dicens
1469 1196 1482 1217 ¹*
1505 1211 1514 1237 :
1537 1196 1812 1238 Plantaverat
1837 1198 1977 1238 autem
1998 1195 2203 1236 Dominus
2227 1193 2338 1234 Deus

1309 1266 1567 1319 paradisum
1596 1267 1829 1319 voluptatis
1862 1278 1888 1308 a
1914 1265 2151 1319 principio,
2182 1265 2230 1306 τη
2259 1274 2340 1316 quo

1310 1338 1455 1390 posuit
1474 1338 1698 1388 hominem,
1717 1341 1794 1378 eto.
1817 1337 1905 1378 Hoc
1925 1337 2086 1378 dictum
2105 1338 2168 1377 est
2185 1347 2260 1389 per
2279 1347 2344 1375 re-

1313 1409 1677 1462 capitulationem,
1704 1412 1797 1462 post
1826 1409 2049 1462 septimam
2079 1407 2212 1459 diem,
2243 1405 2344 1459 quia

1313 1481 1393 1521 ista
1412 1481 1612 1534 plantatio
1630 1481 1711 1522 fuit
1728 1481 1851 1522 tertia
1868 1481 1948 1522 die.
1971 1478 2170 1532 Sequitur
2184 1478 2196 1500 ⁵
2219 1492 2228 1518 ε
2249 1477 2345 1519 Pro-

1315 1552 1528 1605 duoez'tque
1547 1563 1664 1595 omne
1681 1552 1846 1605 liquam
1861 1551 2086 1604 pulchram
2102 1551 2216 1600 visu,
2233 1552 2269 1591 et
2287 1548 2346 1590 ad

1314 1624 1566 1666 vescendum
1597 1635 1741 1667 suave.
1775 1624 1962 1676 Lignum
1997 1623 2097 1665 vitae
2132 1622 2174 1661 in
2207 1620 2345 1661 medio

1315 1696 1513 1750 paradisi,
1542 1696 1713 1748 lignum
1742 1695 1928 1736 scientiae
1960 1694 2059 1735 boni
2087 1696 2126 1734 et
2154 1692 2270 1743 mali,
2299 1694 2346 1733 ut

1317 1766 1577 1808 intellectum
1599 1779 1675 1807 suo
1695 1767 1844 1807 decore
1862 1766 2064 1816 reficeret,
2086 1767 2128 1805 et
2147 1763 2346 1805 affectum

1317 1839 1539 1881 suavitate.
1573 1838 1840 1880 Conservatio
1869 1839 2012 1878 autem
2038 1837 2127 1877 erat
2154 1835 2199 1875 in
2225 1834 2347 1887 ligno

1317 1911 1439 1962 vitae,
1468 1911 1504 1950 si
1532 1910 1700 1962 lignum
1732 1908 1920 1949 scientiae
1952 1909 2187 1949 caveretur.
2219 1904 2349 1947 Terra

1318 1994 1424 2035 ergo
1448 1984 1512 2023 est
1539 1981 1772 2034 Scriptura,
1794 1992 1891 2034 quae
1915 1978 2116 2033 produxit
2144 1989 2271 2019 omne
2296 1976 2349 2017 li·-

1320 2065 1460 2106 gnum
1497 2052 1725 2106 pulchrum
1764 2051 1885 2102 visu,
1924 2053 1965 2091 et
2002 2050 2055 2090 ad
2091 2048 2348 2091 vescendum

1319 2137 1469 2176 suave,
1500 2124 1653 2165 scilicet
1681 2122 1961 2164 multiformes
1990 2120 2178 2161 theorias
2206 2119 2349 2161 oblec-

1319 2200 1456 2238 tantes
1480 2198 1520 2237 et
1539 2195 1794 2244 reficientes3
1820 2194 1862 2233 in
1884 2192 2076 2246 paradiso
2101 2194 2244 2232 autem
2264 2202 2349 2231 coe-

1320 2268 1412 2309 lesti
1430 2280 1517 2308 non
1536 2270 1597 2307 est
1613 2265 1816 2319 plantatio
1835 2264 1915 2305 nisi
1934 2263 2151 2304 rationum
2172 2265 2350 2303 aeterna-

1320 2351 1434 2381 rum.
1451 2338 1501 2380 Et
1516 2338 1613 2378 licet
1626 2337 1684 2378 ibi
1701 2337 1754 2377 sit
1770 2335 1938 2377 refectio
1955 2334 2006 2375 de
2023 2333 2352 2387 praedestinatio-

1321 2411 1446 2452 nibus
1470 2410 1665 2451 omniurn
1685 2411 1950 2458 sanctorum,
1975 2405 2190 2459 potissime
2209 2408 2353 2445 tamen

1323 2482 1519 2535 gaudebo
1539 2482 1590 2522 de
1610 2492 1705 2521 mea
1724 2477 2108 2533 praedestinatione,
2131 2478 2171 2516 et
2188 2475 2270 2517 hoc
2287 2475 2351 2516 in-

1321 2554 1417 2594 nuit
1436 2552 1631 2595 Salvator
1650 2552 1663 2573 e
1686 2563 1697 2592 ε
1724 2566 1743 2590 «
1768 2549 1966 2600 Gaudete,
1988 2562 2007 2586 »
2032 2547 2184 2599 inquit,
2212 2561 2232 2586 <‹
2252 2546 2354 2600 quia

1322 2625 1499 2666 nomina
1517 2626 1660 2666 vestra
1678 2623 1832 2676 scripta
1853 2623 1951 2662 sunt
1974 2621 2019 2660 in
2038 2619 2167 2660 coelis.
2194 2632 2213 2656 n
2239 2616 2350 2659 Pau-

1322 2694 1392 2736 lus
1410 2695 1549 2748 potuit
1565 2694 1683 2747 loqui
1700 2694 1751 2734 de
1769 2692 1962 2746 paradiso
1979 2688 2149 2739 coelesti,
2168 2689 2241 2741 qui
2260 2699 2354 2740 rap-

1322 2770 1391 2807 tus
1414 2766 1494 2807 fuit
1512 2770 1572 2818 7‘«
1590 2776 1727 2818 usque
1753 2763 1805 2804 ad
1832 2762 2005 2803 tertium
2031 2760 2201 2801 coelum.
2222 2773 2242 2796 »
2268 2757 2352 2799 Nos

1325 2840 1467 2879 autem
1487 2837 1718 2886 nescimus3
1742 2834 1815 2876 sed
1833 2835 2059 2887 loquemur
2077 2831 2128 2872 de
2146 2830 2348 2872 terrestri.

1325 2908 1396 2951 Est
1415 2911 1558 2949 autem
1578 2907 1721 2948 anima
1742 2905 1976 2960 paradisus,
2000 2904 2046 2943 in
2066 2915 2151 2956 qua
2168 2903 2354 2956 plantata

1326 2983 1388 3021 est
1408 2979 1639 3033 Scriptura,
1660 2981 1701 3019 et
1719 2977 1846 3018 habet
1866 2973 2198 3016 innumerabiles
2216 2973 2354 3016 suavi-

1326 3054 1432 3092 tates
1451 3054 1491 3092 et
1510 3051 1692 3091 decores.
1716 3049 1833 3091 Unde
1852 3047 2056 3100 scriptum
2073 3047 2136 3086 est
2150 3046 2164 3068 ⁸
2182 3055 2192 3084 :
2213 3059 2232 3084 <‹
2252 3043 2354 3084 Hor-

1325 3127 1394 3164 tus
1418 3122 1662 3172 conclusus,
1685 3132 1804 3162 soror
1824 3131 1919 3160 mea
1943 3129 2112 3171 sponsa.
2133 3131 2153 3154 »
2178 3115 2351 3165 Hortus,

1326 3197 1371 3237 in
1391 3208 1476 3249 quo
1496 3197 1595 3236 sunt
1616 3191 1934 3234 sacramentalia
1957 3188 2178 3242 mysteria,
2201 3189 2242 3228 et
2266 3186 2350 3239 spi-

1326 3266 1499 3308 rituales
1522 3264 1839 3318 intelligentiae3
1860 3262 1934 3304 ubi
1959 3259 2134 3302 scaturit
2152 3259 2244 3299 fons
2262 3257 2352 3310 spi-

1326 3337 1546 3380 ritualium
1581 3335 1857 3379 emissionum
1885 3347 1894 3374 :
1930 3332 2003 3373 sed
2034 3329 2260 3372 conclusus
2289 3329 2352 3369 est

1327 3465 1368 3472 -—
1385 3447 1400 3469 4
1420 3445 1514 3485 Gen„
1534 3453 1575 3487 11,
1597 3445 1647 3477 15.
1662 3460 1703 3468 —
1721 3443 1735 3465 ὓ
1753 3442 1848 3481 Gen„
1869 3448 1893 3482 1,
1915 3441 1966 3473 13.
1982 3456 2021 3462 —
2039 3437 2054 3461 θ
2072 3437 2163 3478 Luc„
2181 3444 2216 3478 x,
2237 3438 2292 3469 20.
2314 3451 2349 3460 -

1328 3497 1337 3515 '¹
1359 3496 1386 3527 ll
1409 3495 1497 3532 Cor„
1516 3502 1580 3534 xii,
1599 3496 1629 3526 2.
1650 3510 1691 3517 —
1709 3493 1723 3515 ⁸
1744 3493 1854 3532 Cant„
1875 3497 1922 3527 lv,
1944 3491 1994 3520 12.
