2633 3878
901 215 955 257 IN
986 212 1368 256 HEXAEMERON.
1399 213 1575 255 SERMO
1605 214 1688 256 XV.

225 306 279 348 ad
306 306 524 360 praelium,
544 321 564 346 »
588 307 689 361 quia
719 307 800 347 hoc
823 305 1018 354 nondum
1050 302 1254 357 adimple-

226 381 318 420 tum
331 380 407 430 est,
425 391 523 420 cum
537 379 676 420 adhuc
690 377 836 430 vigeat
854 379 1035 431 uterque
1053 376 1227 429 gladius
1244 389 1253 415 :

225 451 363 492 adhuc
384 450 498 491 enim
519 452 619 491 sunt
637 449 972 502 disceptationes,
996 451 1038 489 et
1057 449 1252 488 haereses.

224 521 244 563 J
250 522 358 563 udaei
379 522 513 572 enim,
535 522 635 574 quia
652 521 733 562 hoc
751 523 934 574 sperant,
958 520 1135 562 credunt
1154 530 1257 559 non-

225 593 327 634 dum
358 593 524 633 venisse
545 592 773 633 Christum.
799 591 919 641 Quod
947 594 1090 633 autem
1119 590 1254 632 Judaei

225 667 538 714 convertantur,
561 667 724 706 certum
745 667 806 705 est
820 676 894 718 per
912 664 1063 705 isaiam
1078 667 1106 714 ¹,
1124 665 1165 703 et
1183 674 1257 715 per

223 735 473 788 Apostolum
492 739 520 786 ²,
544 736 617 788 qui
639 737 732 788 ejus
753 736 912 788 allegat
931 734 1224 776 anctoritatem
1244 748 1252 774 :

226 822 245 846 c‹
268 807 307 848 Si
328 807 455 848 fuerit
470 819 675 849 numerus
689 808 877 848 filiorum
898 806 1040 857 Israel,
1064 809 1141 847 etc.
1150 820 1160 856 ;
1178 820 1195 842 n
1217 808 1258 846 et

223 878 337 919 addit
356 879 458 919 item
473 878 699 931 Apostolus
719 893 726 918 :
751 893 770 917 «
782 878 951 919 Caecitas
965 889 1018 918 ex
1028 880 1144 930 parte
1156 889 1256 918 con-

224 950 347 1002 tingit
369 950 413 991 in
440 950 587 1000 Israel,
610 950 743 991 donec
767 949 986 1002 plenitudo
1014 964 1033 987 n
1061 949 1256 1001 gentium

221 1021 494 1063 subintraret.
517 1021 567 1062 Et
596 1021 677 1062 hoc
702 1020 882 1062 ostendit
902 1019 1029 1061 Isaias
1048 1020 1192 1061 dicens
1211 1021 1254 1062 ³:

227 1107 246 1132 c(
259 1091 446 1134 Verbum
461 1092 577 1132 misit
592 1091 795 1133 Dominus
811 1092 855 1132 in
870 1091 1012 1141 Jacob,
1027 1105 1046 1130 »
1061 1094 1141 1133 etc.
1151 1091 1251 1134 Ver-

221 1163 322 1204 bum
339 1163 517 1205 missum
536 1164 582 1204 in
596 1163 738 1214 Jacob,
755 1166 816 1205 est
835 1163 967 1205 Filius
981 1163 1068 1214 Dei,
1085 1166 1251 1206 naturae

219 1238 446 1289 assumptae
466 1236 517 1277 de
534 1236 660 1278 Jacob
683 1236 850 1287 unitus,
874 1236 974 1288 quia
993 1235 1072 1276 fuit
1091 1236 1142 1277 de
1162 1238 1255 1290 eJus

218 1307 402 1358 semine3
434 1308 506 1349 sed
532 1308 680 1350 cecidit
706 1308 751 1348 in
780 1307 908 1348 lsrael
926 1307 1107 1348 verbum
1128 1307 1255 1360 spiri-

219 1379 347 1420 tuale.
364 1378 448 1420 Nos
466 1391 614 1420 sumus
633 1379 712 1419 filii
732 1378 857 1419 lsrael
877 1381 918 1419 et
939 1378 1014 1418 filii
1035 1378 1252 1420 Abraham

219 1451 459 1493 secundum
473 1451 863 1504 repromissionem,
879 1450 981 1502 quia
995 1462 1145 1491 sumus
1159 1450 1254 1490 imi-

216 1525 371 1563 tatores
396 1522 495 1562 fidei
518 1521 716 1561 Abrahae.
745 1520 864 1561 Unde
888 1520 1044 1561 dicitur
1063 1520 1101 1561 ¹⁶:
1134 1536 1154 1560 (ι
1174 1522 1252 1562 Co-

217 1594 369 1647 gnovit
380 1594 456 1635 bos
472 1605 754 1647 possessorem
768 1604 913 1643 suum,
927 1595 968 1633 et
986 1592 1130 1633 asinus
1146 1605 1253 1646 prae-

214 1679 311 1720 sepe
336 1666 502 1708 Domini
528 1666 618 1717 sui3
647 1666 775 1707 Israel
804 1668 970 1716 autem,
997 1680 1017 1703 n
1047 1667 1126 1707 etc.
1152 1666 1248 1718 Bos,

214 1739 318 1780 ordo
335 1738 604 1792 apostolicus.
626 1737 744 1779 Unde
765 1737 924 1779 Paulus
945 1737 1045 1777 dicit
1064 1741 1077 1763 5
1099 1750 1142 1778 se
1165 1738 1248 1779 He-

214 1811 378 1852 braeum
393 1823 446 1852 ex
459 1810 665 1851 Hebraeis,
686 1809 758 1850 Isti
777 1810 950 1850 fuerunt
969 1808 1115 1858 boves,
1135 1821 1250 1862 pros-

213 1882 428 1924 cindentes
446 1870 605 1924 terram
626 1885 713 1923 tam
737 1881 984 1934 Scripturae,
1005 1892 1135 1934 quam
1156 1893 1249 1922 cor-

212 1955 276 1996 dis
300 1955 447 1996 nostri.
471 1954 628 1995 Asinus
656 1954 738 1995 fuit
761 1953 945 2007 populus
977 1953 1164 2006 gentilis.
1197 1953 1249 1995 Et

211 2028 352 2070 Isaras
372 2027 412 2068 ⁶:
441 2025 644 2076 «Venite,
677 2025 956 2067 ascendamus
983 2025 1029 2066 in
1057 2028 1245 2068 montem

210 2098 399 2150 Domini,
431 2101 471 2140 et
496 2099 549 2139 ad
573 2099 751 2139 domum
784 2097 856 2138 Dei
887 2097 1014 2138 Jacob
1041 2111 1049 2137 :
1076 2111 1095 2134 »
1119 2100 1160 2138 et
1179 2110 1243 2139 se-

210 2170 357 2224 quitur
381 2185 391 2210 ι
429 2184 449 2209 (ι
480 2169 573 2211 Non
603 2169 762 2210 levabit
800 2180 907 2222 gens
951 2170 1097 2210 contra
1135 2181 1242 2221 gen-

209 2245 311 2294 tem,
342 2255 361 2281 »
400 2244 478 2283 etc.
512 2241 812 2282 Contradicunt
846 2239 867 2282 J
873 2240 981 2282 udaei
994 2272 1006 2292 ,
1039 2241 1243 2294 quoniam

207 2314 398 2356 nondum
434 2314 515 2355 hoc
549 2313 773 2367 impletum
806 2314 880 2353 est.
920 2312 1001 2354 Sed
1036 2313 1243 2366 propheta

147 2424 153 2428 .
207 2397 294 2426 non
312 2385 504 2439 loquitur
526 2385 578 2426 de
604 2385 744 2438 primo
772 2384 982 2435 adventu,
1010 2384 1079 2425 vel
1106 2385 1244 2438 prima

207 2457 447 2508 vocatione3
476 2457 548 2498 sed
567 2468 643 2509 pro
663 2456 837 2507 ultima,
862 2456 1031 2508 quando
1051 2456 1139 2497 dies
1158 2456 1239 2498 Do-

207 2528 311 2568 mini
325 2529 405 2569 erit
422 2541 549 2581 super
563 2539 732 2569 omnem
752 2531 1030 2579 arrogantem
1049 2543 1057 2569 :
1082 2541 1159 2578 nec
1179 2534 1240 2570 est

206 2600 557 2652 intelligendum,
579 2599 693 2653 quod
713 2599 807 2640 illos
828 2599 887 2640 sic
911 2600 1093 2641 dimittat
1113 2600 1237 2642 Deus.

205 2670 346 2712 Tertia
365 2671 621 2725 comparatio
639 2671 794 2711 veteris
817 2673 857 2712 et
879 2671 980 2713 novi
1001 2673 1239 2713 testamenti

203 2746 265 2783 est
301 2743 534 2784 secundum
567 2742 776 2783 rationem
797 2743 1013 2794 {ternariiz
1050 2744 1152 2797 qnia
1178 2747 1241 2786 est

203 2818 391 2868 tempore
412 2815 663 2868 Synagogae
684 2814 875 2865 initiatae,
908 2817 1141 2867 promotae,
1163 2815 1239 2856 de-

202 2886 394 2927 ficientis.
412 2885 481 2927 Sic
500 2887 546 2926 in
565 2898 678 2927 novo
693 2888 945 2926 testamento
961 2888 1022 2926 est
1043 2885 1239 2928 Ecclesiae

201 2956 397 3007 initiatae,
422 2955 616 2998 Ecclesiae
635 2956 886 3010 primitivae,
908 2956 1112 3009 dilatatae,
1137 2970 1238 2999 con-

202 3030 442 3068 summatae.
461 3026 578 3068 Unde
598 3028 643 3068 in
666 3027 840 3070 Cantica
858 3027 1077 3080 tripliciter
1096 3028 1240 3070 lauda-

201 3100 272 3139 tur
292 3097 488 3149 Ecclesia,
504 3110 601 3152 quae
617 3099 741 3140 unica
754 3101 921 3139 tantum
939 3101 1016 3150 est,
1031 3111 1108 3140 nec
1122 3104 1234 3153 sunt,

201 3182 279 3212 nec
297 3173 476 3224 possunt
495 3183 584 3212 csse
611 3171 769 3225 plures.
800 3170 912 3212 Laus
938 3170 1133 3213 Ecclesiae
1156 3172 1240 3213 ini-

203 3242 317 3285 tiatae
342 3242 385 3284 ⁷:
419 3258 440 3282 «
464 3242 567 3293 Quae
599 3247 660 3285 est
688 3245 789 3296 ista,
821 3257 918 3298 quae
949 3245 1134 3285 ascendit
1164 3258 1239 3299 per

201 3313 416 3355 desertum
452 3314 561 3356 sicut
595 3315 771 3368 virgula
808 3315 914 3357 fumi
932 3316 952 3355 ⁸?
969 3329 988 3353 ι)
1025 3315 1234 3369 Secundo,

251 3445 357 3485 ¹12a.,
377 3453 411 3485 x,
432 3447 484 3478 22.
503 3463 544 3470 —
563 3447 576 3468 ²
595 3446 700 3484 Rom„
723 3455 771 3485 ix,
789 3449 846 3487 273
869 3454 918 3487 xi,
939 3448 1052 3480 25-26.
1071 3466 1111 3471 —
1127 3449 1140 3471 ³
1157 3450 1238 3491 ssa„

207 3499 252 3531 ix,
268 3494 298 3524 8.
315 3511 356 3518 —
371 3494 385 3516 ὕ
406 3494 481 3535 1sa.,
503 3503 526 3534 1,
549 3497 579 3528 3.
593 3512 634 3518 —
649 3497 660 3514 ⁵
676 3495 816 3537 Philip„
834 3501 889 3535 11¹,
909 3497 940 3527 5.
958 3511 999 3517 —
1019 3497 1032 3514 ‘⁶
1049 3497 1128 3537 lsa„
1147 3506 1184 3539 ιι,
1206 3501 1238 3540 3,

207 3540 238 3570 4-
252 3557 291 3563 —
310 3541 320 3559 ⁷
340 3541 452 3583 Cant„
472 3550 526 3584 ιιι,
548 3544 580 3575 6.
598 3560 637 3566 -
657 3543 672 3566 ⁸
688 3543 800 3583 Cant„
821 3550 867 3582 νι,
889 3544 919 3575 9.
938 3560 979 3567 -
999 3543 1013 3565 ⁹
1032 3543 1143 3586 Cant„
1162 3553 1235 3585 viu,

2291 224 2366 262 103

1334 302 1530 344 Ecclesiae
1561 303 1744 345 dilatatae
1763 309 1776 329 ⁸
1809 320 1818 347 ε
1853 321 1873 344 «
1907 306 2009 356 Quae
2041 310 2104 348 est
2133 308 2235 360 ista,
2269 318 2367 363 quae

1333 375 1623 426 progreditur,
1646 376 1767 428 quasi
1789 388 1943 418 aurora
1963 390 2245 431 consurgenS,
2267 382 2364 434 pul-

1335 445 1437 485 chra
1453 448 1499 485 ut
1519 445 1636 494 luna,
1651 446 1783 486 electa
1797 449 1844 487 ut
1861 447 1947 487 sol?
1962 462 1980 485 ›)
1999 448 2156 500 Tertio,
2173 449 2367 493 Ecclesiae

1334 519 1664 568 consummatae3
1688 517 1800 558 unde
1817 518 1969 559 dicitur
1984 518 1996 539 ⁹
2013 534 2020 558 :
2040 535 2058 556 «
2073 520 2175 569 Quae
2189 525 2250 562 est
2270 522 2363 574 ista,

1333 600 1430 639 quae
1462 589 1648 629 ascendit
1677 589 1727 629 de
1758 590 1943 641 deserto,
1974 590 2135 631 deliciis
2163 593 2362 644 affluens,

1332 658 1480 699 innixa
1506 672 1632 713 super
1661 661 1861 701 dilectum
1886 663 2043 702 suum?
2064 678 2082 699 n
2108 662 2281 705 Necesse
2303 667 2365 706 est

1333 729 1447 769 enim
1479 731 1590 782 quod
1622 730 1775 772 Rachel
1796 733 1932 785 pariat
1952 733 2060 773 fiilos
2087 733 2129 773 in
2153 734 2267 773 finali
2290 735 2366 775 Ec-

1333 800 1455 842 clesia
1465 816 1474 852 3
1486 802 1598 842 unde
1611 803 1652 842 in
1663 803 1924 856 Apocalypsi
1933 804 1960 825 ¹⁰
1972 803 2183 845 Manasses
2195 807 2367 858 ponitur

1332 875 1429 913 ante
1447 876 1632 926 patrem,
1656 877 1696 914 et
1715 877 1833 915 sexto
1856 876 1968 925 loco;
1998 878 2038 915 et
2056 875 2210 929 ,loseph
2230 877 2366 918 unde-

1332 943 1462 995 cimo,
1485 945 1635 985 ultimo
1657 945 1902 999 BenJamin,
1931 949 1972 987 et
1998 958 2084 987 non
2109 947 2201 988 sine
2224 960 2363 990 causa.

1332 1015 1492 1065 ,Quarta
1503 1017 1761 1070 comparatio
1773 1018 1926 1059 veteris
1946 1022 1987 1058 et
2006 1018 2109 1060 novi
2125 1021 2365 1061 testamenti

1331 1088 1564 1128 secundum
1588 1089 1874 1142 coaptationes
1895 1092 2137 1143 temporum
2157 1093 2240 1142 est,
2265 1092 2366 1145 quia

1330 1163 1514 1212 quatuor
1541 1163 1732 1214 tempora
1760 1161 1806 1201 in
1832 1161 1967 1202 veteri
1998 1164 2250 1204 testamento
2274 1175 2365 1204 res-

1329 1232 1515 1285 pondent
1535 1235 1718 1285 quatuor
1737 1233 1958 1274 ordinibus
1979 1233 2089 1274 circa
2113 1234 2366 1276 tabernacu-

1328 1304 1418 1345 lum
1457 1303 1679 1346 duodecim
1718 1305 1924 1345 tribuum.
1963 1303 2200 1358 Respondet
2237 1306 2365 1347 etiam

1328 1378 1511 1429 quatuor
1538 1376 1741 1417 lateribus
1768 1376 1970 1426 civitatis,
2003 1378 2044 1417 et
2073 1375 2155 1417 hoc
2182 1379 2366 1430 quatuor

1328 1447 1551 1489 animabus
1570 1449 1681 1490 circa
1700 1450 1843 1491 sedem
1868 1448 1954 1490 Dei.
1979 1448 2173 1491 Primum
2198 1452 2365 1504 tempus

1327 1522 1389 1559 est
1431 1521 1663 1561 vocationis
1701 1520 2061 1574 patriarcharum3
2103 1521 2335 1562 secundum
2350 1553 2361 1573 ,

1327 1590 1603 1633 institutionis
1625 1592 1842 1645 judicum3
1876 1592 2067 1643 tertium,
2108 1592 2365 1633 inunctionis

1326 1673 1506 1714 regum;
1542 1666 1767 1716 quartum,
1803 1664 2096 1706 illustrationis
2130 1664 2362 1718 propheta-

1325 1746 1438 1775 rum.
1455 1734 1506 1775 Et
1526 1735 1592 1776 his
1609 1739 1792 1788 quatuor
1813 1736 1984 1777 innovo
2004 1737 2255 1778 testamento
2278 1749 2362 1778 res-

1323 1807 1480 1859 pondet
1525 1810 1692 1861 tempus
1734 1807 2046 1861 apostolorum,
2095 1811 2357 1862 martyrum,

1324 1879 1635 1931 confessorum,
1658 1880 1898 1932 virginum.
1926 1878 2080 1929 Quinta
2102 1881 2359 1933 comparatio

1324 1953 1386 1991 est
1408 1952 1643 1993 secundum
1667 1952 1875 1993 rationem
1897 1951 2104 2005 quinarii,
2127 1954 2175 1993 ut
2193 1952 2246 1993 sit
2264 1965 2354 1993 ma-

1321 2034 1403 2063 nus
1424 2023 1593 2073 dextra,
1621 2026 1663 2065 et
1681 2023 1870 2075 sinistra,
1896 2023 2056 2064 habens
2083 2024 2273 2077 quinque
2292 2023 2357 2066 di-

1322 2095 1460 2147 gitos:
1483 2095 1670 2148 primum
1695 2098 1864 2149 tempus
1884 2097 1945 2135 est
1965 2095 2215 2136 conditionis
2235 2099 2357 2137 natu-

1319 2179 1486 2218 rarum3
1515 2167 1750 2208 secundum
1780 2166 2065 2220 inspirationis
2093 2168 2355 2220 patriarcha-

1318 2250 1437 2289 rum,
1460 2238 1652 2290 tertium,
1672 2239 1950 2280 ‘institutionis
1968 2239 2199 2290 legalium;
2223 2252 2353 2293 quar-

1317 2311 1409 2350 tum
1422 2341 1434 2361 ,
1464 2310 1757 2351 illustrationis
1782 2311 2112 2364 prophetarum3
2138 2312 2350 2364 quintum,

1316 2383 1638 2425 restaurationis
1689 2382 2091 2424 misericordiarum.
2144 2383 2193 2424 In
2242 2396 2354 2426 novo

1315 2456 1567 2495 testamento
1586 2454 1812 2507 respondet
1826 2455 1850 2480 ¹¹
1872 2469 1890 2491 «
1906 2466 2043 2505 mane,
2059 2455 2195 2505 tertia,
2217 2458 2348 2507 sexta,

1315 2537 1444 2576 nona,
1464 2525 1704 2566 undecima.
1719 2540 1736 2562 n
1747 2524 1868 2566 Mane
1881 2525 2108 2577 respondet
2123 2526 2351 2567 conditioni

1314 2600 1499 2647 naturae3
1523 2597 1637 2637 unde
1654 2596 1707 2636 ¹²:
1731 2595 1907 2637 «Posuit
1929 2596 2039 2637 Dens
2061 2596 2195 2638 Adam
2216 2597 2261 2638 in
2281 2610 2350 2651 pa-

1313 2669 1473 2719 radiso,
1500 2672 1547 2709 ut
1568 2670 1818 2721 operaretur
1838 2669 1879 2708 et
1905 2667 2133 2708 custodiret
2161 2668 2297 2710 illum.
2324 2685 2342 2707 »

1314 2740 1507 2782 Primum
1551 2742 1719 2792 tempus
1761 2739 1806 2780 in
1843 2751 1956 2781 novo
1996 2742 2248 2781 testamento
2286 2744 2350 2782 est

1313 2811 1550 2853 diffusionis
1587 2811 1891 2852 charismatum
1907 2843 1916 2861 ‚
1963 2812 2077 2865 quod
2123 2813 2350 2866 respondet

1312 2896 1402 2925 esse
1431 2886 1656 2934 creaturae3
1693 2883 1945 2932 secundum,
1975 2884 2207 2925 vocationis
2238 2896 2345 2937 gen-

1312 2956 1435 3003 tium,
1455 2955 1568 3009 quod
1587 2954 1811 3008 respondet
1830 2955 2034 3006 secundo;
2057 2956 2246 3007 tertium,
2265 2957 2346 2996 ins-

1312 3027 1519 3069 titutionis
1534 3026 1807 3068 ecclesiarum
1828 3027 2061 3068 secundum
2078 3027 2212 3079 leges,
2229 3028 2342 3081 quod

1312 3098 1537 3152 respondet
1556 3098 1698 3148 tertio;
1716 3101 1936 3151 quartum,
1958 3098 2220 3151 religionum
2239 3099 2347 3139 mul-

1310 3171 1523 3221 titudinis,
1558 3170 1671 3223 quod
1702 3170 1928 3223 respondet
1955 3173 2127 3223 quarto,
2158 3170 2347 3211 maxime

1312 3244 1548 3286 Rechabitis
1568 3247 1614 3294 ¹³,
1647 3244 1722 3298 qui
1753 3244 2032 3285 morabantur
2059 3244 2169 3284 circa
2196 3243 2343 3285 Jorda-

1310 3330 1431 3368 nem,
1453 3317 1528 3370 qui
1548 3327 1755 3369 pauperes
1776 3318 1918 3365 crant;
1948 3315 2169 3368 quintum,
2193 3314 2237 3356 in
2260 3316 2346 3356 fine

1309 3387 1626 3431 restaurationis
1672 3387 1969 3440 collapsorum.
2014 3386 2185 3439 Oportet
2232 3386 2345 3440 quod

1311 3500 1340 3530 ὅ.
1356 3515 1397 3521 -
1418 3496 1444 3519 Ρ
1464 3496 1580 3537 Δμοικ,
1600 3501 1660 3534 vn,
1683 3495 1715 3534 (5,
1736 3494 1765 3525 8.
1788 3509 1821 3514 -
1847 3493 1866 3511 ¹¹
1891 3491 2023 3533 Matth„
2044 3500 2102 3534 xx,
2125 3496 2135 3524 1
2162 3495 2194 3525 ct
2213 3502 2285 3535 seq.
2304 3511 2344 3517 —-

1313 3545 1337 3567 ¹²
1357 3545 1451 3583 Gen„
1475 3551 1510 3584 11,
1532 3545 1581 3575 15.
1602 3558 1642 3565 —
1664 3542 1688 3563 ¹⁴³
1704 3541 1837 3581 dorem„
1860 3547 1964 3582 xxxv,
1987 3542 2036 3574 16.
