2633 3878
1044 243 1287 289 PSALMUS
1317 242 1490 286 CXVIII.

195 339 454 388 poenitentiae,
475 339 587 388 quod
606 339 798 385 admittit;
823 341 865 374 Et
886 341 925 374 in
943 339 1088 374 verbum
1108 340 1228 380 tuum,

198 403 389 449 quantum
424 401 476 438 ad
501 401 659 449 pondus
685 400 820 447 gloriae
838 428 848 445 ,
878 400 988 447 quod
1017 397 1228 446 promittit,

196 465 456 510 Supersperavz'
471 492 482 509 ,
505 466 697 510 quantum
717 462 769 499 ad
788 461 932 509 pignus
952 461 1098 507 gratiae,
1120 459 1230 507 quod

199 525 396 572 praemittit
418 537 426 561 :
449 535 494 561 ac
510 524 541 560 si
562 524 708 561 diceret
730 536 737 560 :
758 526 813 560 Tu
836 523 925 559 vitre
947 525 1103 570 tempus
1123 532 1231 559 eom-

196 587 335 631 mittis,
357 589 393 624 et
418 586 654 634 poenitentiae
681 586 828 622 fruetus
854 585 1047 630 admittis,
1075 586 1111 621 et
1130 594 1231 631 pon—

199 649 272 684 dus
303 648 461 695 gloriae,
497 648 607 696 quod
640 648 860 695 promittis,
896 657 1132 695 superspero
1160 656 1231 693 pcr

195 710 338 757 pignus
357 710 489 757 gratiae
502 739 514 756 ,
536 709 646 757 quod
664 710 878 757 praemittis.

569 856 792 884 VERSICULUS
818 857 872 883 111.

247 961 326 995 115.
362 961 546 996 Declinate
578 971 600 996 a
619 971 698 1005 me,
726 961 906 1005 maliqni,
940 963 1010 996 etc.
1046 958 1231 1006 Superius

195 1020 383 1066 innotuit,
406 1021 575 1068 qualiter
595 1021 750 1058 animus
774 1021 1034 1057 desectionem
1055 1020 1232 1057 animad-

194 1082 324 1128 vertit;
353 1093 488 1119 rursus
519 1083 677 1127 enituit,
699 1094 779 1130 quo
807 1083 930 1119 modo
951 1083 1231 1130 perfectionem

194 1143 388 1180 advertit:
411 1144 473 1181 hic
501 1144 733 1191 innotescit,
757 1155 934 1192 quonam
962 1145 1086 1181 modo
1113 1155 1136 1181 a
1162 1144 1231 1180 de·

192 1205 374 1253 sectione,
396 1217 518 1254 quam
540 1207 837 1253 animadvertit,
866 1207 1042 1244 celeriter
1062 1218 1102 1244 se
1121 1217 1233 1243 aver-

193 1268 248 1304 tit.
277 1270 356 1305 Hoc
377 1269 548 1305 ostendit
578 1269 929 1316 psalmographus,
960 1269 1013 1306 ita
1033 1269 1229 1316 loquens,

193 1331 305 1368 sicuti
320 1331 452 1368 bonus
469 1333 674 1380 operarius
689 1344 711 1369 a
725 1332 840 1369 malis
858 1332 1048 1380 operariis
1061 1343 1102 1368 se
1123 1342 1233 1369 aver-

195 1396 303 1440 tens3
338 1393 392 1430 ait
423 1394 558 1430 enim:
583 1396 794 1440 Declinate,
831 1398 926 1439 etc.;
950 1405 995 1432 ac
1025 1394 1057 1430 si
1087 1394 1233 1431 diceret

195 1454 333 1501 lingua
351 1455 479 1493 libera
499 1469 508 1492 z
530 1459 560 1493 A
581 1456 698 1493 bonis
715 1456 967 1504 separamini,
992 1457 1060 1504 qui
1080 1457 1232 1493 malum

195 1517 444 1564 operamini3
478 1529 551 1565 ego
583 1519 735 1555 bonum
769 1519 980 1566 operabor,
1010 1523 1046 1556 et
1071 1523 1232 1567 propter

193 1578 269 1615 hoe
296 1590 319 1616 a
346 1579 456 1617 bono
482 1591 564 1617 non
591 1580 821 1628 separabor.
844 1581 951 1617 Unde
979 1584 1117 1618 notare
1142 1592 1233 1629 pos-

193 1651 343 1686 sumus,
365 1641 468 1679 circa
484 1653 642 1678 versum
655 1646 903 1690 praesentem,
919 1644 1229 1690 separationem,

194 1703 486 1750 operationem,
508 1707 544 1741 et
563 1704 766 1752 utriusque
787 1704 1041 1752 dignitatem,
1065 1708 1101 1742 et
1129 1705 1231 1742 indi-

195 1764 395 1811 gnitatem.
419 1766 683 1814 Separationis
704 1766 874 1814 dignitas
899 1767 1073 1814 sequitur
1094 1779 1232 1815 opera-

194 1826 311 1864 tionis
329 1828 631 1876 indignitatem3
654 1831 691 1865 et
711 1829 968 1876 separationis
989 1830 1203 1877 indignitas
1218 1859 1230 1876 ,

197 1891 436 1938 operationis
460 1891 706 1938 dignitatem.

522 1999 711 2034 Articulus
747 2000 901 2044 primus.

243 2079 303 2115 Ad
329 2079 501 2127 primam
525 2083 696 2127 spectat,
729 2081 839 2128 quod
865 2082 994 2118 cantat
1015 2093 1023 2117 z
1047 2082 1232 2118 Declinate

194 2153 216 2178 a
235 2152 311 2187 me,
331 2144 521 2190 tanquam
542 2142 651 2189 digni
683 2143 929 2191 separatione
949 2155 958 2179 z
984 2154 1072 2180 ecce
1100 2143 1231 2191 digni-

195 2207 252 2241 tas
275 2205 546 2252 separationis,
579 2207 622 2241 Et
648 2208 763 2252 nota,
791 2206 902 2253 quod
932 2205 1091 2253 expedit
1117 2206 1233 2243 bonis

194 2266 306 2315 quod
325 2267 420 2304 mali
449 2267 646 2304 declinent
668 2268 719 2305 ab
741 2268 816 2314 eis,
848 2268 972 2304 tribus
1002 2268 1051 2304 de
1072 2269 1199 2306 causis
1221 2282 1229 2305 :

193 2329 401 2375 videlicet,
434 2329 485 2366 ad
514 2330 720 2366 vitandum
756 2330 896 2367 vitium
906 2343 917 2376 ;
954 2330 1006 2367 ad
1026 2331 1232 2368 vitandum

194 2391 437 2437 convitium3
472 2392 523 2428 ad
555 2393 762 2428 vitandum
797 2393 1050 2440 supplicium.
1085 2394 1233 2438 Quaeris

195 2454 395 2500 quorum?
426 2453 570 2489 Vitium
605 2457 884 2500 retractorum3
919 2454 1134 2491 convitium
1165 2455 1231 2491 de-

195 2517 431 2561 tractorum3
464 2514 704 2563 supplicium
736 2518 1035 2563 pertractorum.
1071 2517 1233 2564 Depri-

195 2578 291 2614 mo1
320 2589 328 2614 :
357 2590 374 2611 «
394 2577 589 2615 Declinate
611 2578 659 2614 de
691 2579 852 2624 semita,
889 2578 1036 2616 auferte
1064 2578 1232 2616 offendi-

195 2640 285 2677 cula
305 2640 354 2677 de
373 2641 439 2677 via
458 2641 597 2688 populi
611 2640 689 2677 mei
705 2653 715 2676 :
735 2654 751 2674 v
770 2652 859 2678 ecce
882 2640 1091 2678 declinatio
1109 2652 1233 2689 quan-

196 2704 279 2738 tum
299 2702 351 2739 ad
376 2703 528 2740 vitium.
560 2705 609 2740 De
637 2703 810 2740 secundo
829 2703 842 2722 ²
862 2715 871 2740 ε
899 2717 917 2737 ‹<
936 2707 1172 2751 Arguentem
1192 2705 1233 2741 in

195 2767 309 2811 porta
343 2765 676 2813 supplantabant,
706 2768 743 2802 et
769 2765 1067 2803 declinaverunt
1091 2767 1233 2805 frustra

195 2836 219 2864 a
245 2827 351 2873 justo
360 2840 371 2873 3
393 2840 412 2863 n
434 2827 546 2875 quasi
579 2827 683 2864 dicat
712 2839 720 2864 :
753 2829 908 2865 Frustra
935 2828 1233 2867 declinaverunt

197 2894 390 2938 quantum
410 2891 462 2928 ad
480 2890 573 2938 justi
594 2891 838 2938 convicium,
867 2892 962 2939 quia
986 2903 1068 2929 non
1098 2903 1231 2929 evase-

196 2955 287 2989 runt
319 2953 466 2998 justum
507 2953 574 2989 Dei
608 2952 831 2999 judicium:
870 2964 959 2991 eece
999 2954 1231 3001 declinatio,

197 3017 391 3061 quantum
425 3014 477 3052 ad
509 3015 744 3052 convicium.
781 3017 831 3052 De
860 3016 972 3053 tertio
1005 3016 1188 3054 scribitur
1211 3028 1233 3054 a

197 3076 506 3124 psalmographo
525 3078 567 3113 ³:
595 3092 612 3111 «
639 3077 676 3114 Si
703 3077 912 3124 occideris,
939 3080 1058 3125 Deus,
1092 3089 1232 3126 pecca-

198 3143 302 3176 tores
324 3151 332 3175 :
354 3139 429 3175 viri
448 3138 710 3186 sanguinum,
732 3139 924 3177 declinate
945 3151 968 3177 a
987 3150 1073 3187 me,
1093 3154 1110 3175 >³
1135 3141 1234 3179 scili-

199 3203 259 3238 cet
277 3211 326 3238 ne
342 3200 501 3239 occidar
514 3201 723 3238 vobiscum
739 3213 747 3237 :
763 3212 852 3239 ecce
866 3201 1091 3250 declinatio,
1111 3214 1235 3251 quan·

200 3267 284 3302 tum
304 3265 357 3303 ad
378 3265 628 3313 supplicium.

245 3381 252 3399 ¹
279 3381 360 3422 Ira„
390 3389 479 3421 Lm,
515 3382 567 3422 24,
598 3398 635 3404 -—
665 3381 676 3399 ²
711 3382 792 3422 Isa.‚
823 3388 925 3420 xxm,
957 3381 1007 3412 31.
1034 3397 1075 3404 —
1105 3381 1116 3399 ³
1143 3381 1232 3414 Psal.

203 3435 372 3469 cxxxviii,
394 3430 442 3462 19.
462 3446 503 3452 —
521 3429 535 3450 ⁶
549 3428 640 3462 Psal.
662 3436 694 3471 v,
716 3430 746 3462 6.
761 3445 800 3452 -
818 3429 828 3447 ⁵
847 3427 937 3460 Psal.
960 3436 992 3468 c,
1007 3430 1036 3460 4.
1057 3445 1088 3451 -
1110 3428 1123 3450 ⁶
1142 3428 1235 3461 Psal.

203 3480 275 3513 xiv,
297 3476 327 3507 4.
350 3492 391 3498 —
418 3477 426 3495 ⁷
448 3477 458 3508 Ι
480 3476 643 3518 Paralip„
665 3484 796 3516 xxvm,
812 3477 843 3508 9.
862 3493 903 3499 —
924 3476 935 3494 ⁸
957 3475 1050 3516 Sap„
1071 3483 1123 3514 Vl,
1146 3478 1175 3508 4.
1196 3493 1236 3500 —

204 3524 215 3540 ²·
233 3521 324 3554 Psal.
344 3531 440 3563 cvm,
462 3526 513 3556 11.

366 3594 449 3623 ΤΟΜ
477 3594 532 3624 IX.

2258 249 2337 290 465

1620 374 1809 411 Articulus
1834 375 2019 411 secundus.

1351 456 1410 493 Ad
1447 456 1668 494 secundum
1699 457 1818 503 facit,
1853 457 1964 504 quod
1996 458 2089 495 dicit
2120 471 2129 496 ε
2166 460 2336 507 Matiani.

1306 518 1471 561 Quinam
1487 520 1574 556 sunt
1593 518 1654 555 isti
1674 518 1860 565 maligni,
1881 519 1955 555 nisi
1975 520 2070 556 mali
2091 521 2280 568 operarii,
2303 524 2341 558 et

1304 579 1482 626 indigni?
1511 592 1600 618 ecce
1630 580 1845 628 indignitas
1873 581 2124 628 operationis.
2154 585 2197 619 Et
2226 586 2338 629 nota,

1305 641 1416 688 quod
1437 642 1533 678 tales
1554 643 1743 690 maligni,
1763 653 1836 679 nec
1857 642 2058 679 bonorum
2079 644 2339 684 cohabitatio-

1303 713 1376 749 ne,
1399 714 1528 751 neque
1550 705 1795 751 cognitione,
1821 704 1891 742 sed
1916 705 2049 753 potius
2074 705 2340 745 confutatione

1304 767 1395 800 sunt
1425 765 1536 812 digni
1553 779 1564 813 3
1600 767 1791 814 quoniam
1824 767 2064 805 cohabitatio
2093 767 2251 816 signum
2286 772 2342 807 est

1303 825 1489 873 fovendi,
1510 828 1682 875 cognitio
1697 830 1743 876 (a)
1763 828 1947 876 favendi,
1964 829 2035 866 sed
2055 829 2268 868 confutatio
2286 841 2342 868 re-

1304 889 1507 926 movendi.
1537 892 1588 927 De
1607 890 1738 938 primo
1758 889 1772 910 ⁶
1795 903 1803 926 :
1827 904 1845 925 α
1865 893 1998 938 Neque
2018 891 2211 930 habitabit
2231 893 2343 940 Juxta

1305 953 1341 987 te
1362 952 1559 999 malignus
1567 965 1578 999 3
1594 966 1613 987 ³>
1632 953 1745 1001 quod
1763 963 1846 990 non
1862 955 2014 990 tantum
2030 955 2218 1003 competit
2237 955 2343 992 Chri·

1304 1015 1385 1058 sto,
1408 1013 1479 1050 sed
1500 1015 1618 1052 etiam
1649 1015 1785 1052 Christi
1818 1015 2001 1053 membro
2010 1028 2021 1063 ;
2055 1016 2126 1053 ubi
2157 1016 2346 1056 refellitur

1304 1076 1574 1123 malignorum
1601 1077 1856 1115 cohabitatio.
1892 1080 1943 1115 De
1975 1078 2151 1116 secundo
2183 1090 2345 1127 quoque

1304 1138 1510 1185 psallimus
1523 1140 1558 1176 ⁵:
1581 1154 1598 1173 «
1618 1139 1886 1177 Declinantem
1906 1152 1930 1177 a
1950 1151 2013 1178 me
2029 1140 2251 1188 malignum
2263 1151 2346 1180 non

1305 1202 1597 1248 cognoscebam
1619 1214 1628 1239 :
1652 1216 1669 1237 »
1694 1202 1758 1240 hie
1791 1202 1976 1251 exemplo
2009 1203 2240 1252 prophetico
2271 1203 2345 1242 im-

1305 1264 1497 1311 probatur
1526 1265 1794 1312 malignorum
1836 1265 2041 1302 familiaris
2069 1266 2255 1313 cognitio.
2293 1267 2345 1305 Do

1306 1326 1418 1362 tert10
1451 1337 1585 1363 rursus
1610 1327 1754 1374 legitur
1772 1328 1785 1349 ⁸
1806 1339 1815 1364 ε
1841 1327 1934 1364 «Ad
1961 1326 2130 1364 nihilum
2155 1327 2346 1366 deductus

1307 1391 1363 1424 est
1381 1388 1421 1424 in
1435 1391 1649 1437 conspeetu
1665 1390 1748 1436 ejus
1766 1389 1966 1437 malignus
1981 1401 1993 1436 3
2012 1403 2029 1425 »
2049 1389 2121 1427 ubi
2138 1390 2344 1438 Scripturae

1306 1450 1530 1488 testimonio
1559 1451 1845 1500 comprobatur
1873 1451 2140 1499 malignorum
2170 1451 2346 1491 confuta-

1306 1512 1372 1550 tio.

1639 1564 1830 1600 Articulus
1867 1566 2010 1602 tertius.

1354 1638 1413 1675 Ad
1434 1639 1589 1676 tertium
1609 1639 1772 1688 aspicit,
1803 1640 1915 1688 quod
1945 1640 2080 1688 adjicit
2099 1652 2109 1678 z
2130 1642 2178 1678 Et
2202 1644 2345 1679 scruta·

1307 1700 1367 1736 bor
1387 1701 1585 1744 mandata;
1604 1701 1787 1739 videlicet
1819 1702 1987 1750 qualiter
2006 1702 2196 1751 fundata,
2217 1703 2345 1753 quali·

1306 1764 1363 1799 ter
1383 1761 1632 1810 foecundata,
1670 1765 1816 1813 quibus
1848 1766 2002 1804 actibus
2023 1766 2232 1815 insignita,
2259 1767 2346 1816 qui-

1306 1825 1381 1862 bus
1401 1825 1552 1863 viribus
1582 1826 1699 1865 insita
1724 1839 1732 1864 :
1771 1839 1860 1866 ecce
1895 1829 2136 1877 operationis
2161 1830 2343 1878 dignitas.

1307 1888 1374 1924 Hic
1386 1890 1513 1935 potest
1528 1889 1680 1935 notari,
1698 1891 1810 1938 quod
1826 1890 1898 1929 tria
1915 1891 2106 1940 contingit
2119 1892 2223 1931 circa
2237 1902 2346 1930 man·

1309 1949 1401 1987 data
1421 1951 1585 1988 scrutari
1599 1963 1611 1997 3
1640 1952 1825 1990 videlicet
1849 1953 2096 2001 subjectum,
2124 1957 2256 1992 actum
2269 1983 2281 2002 ,
2309 1957 2347 1992 et

1306 2010 1476 2049 fructum
1495 2024 1504 2049 z
1521 2023 1573 2050 an
1590 2013 1768 2061 subjecto
1787 2015 2010 2053 cohaereant
2015 2028 2027 2063 3
2047 2026 2100 2054 an
2120 2018 2228 2055 actus
2247 2016 2346 2054 boni

1308 2079 1587 2122 compareant3
1617 2087 1669 2114 an
1696 2076 1844 2115 fructus
1869 2080 2034 2125 pereant
2047 2106 2061 2125 ,
2092 2082 2159 2116 aut
2185 2089 2344 2127 perma-

1307 2140 1436 2174 neant.
1460 2139 1511 2174 De
1539 2138 1670 2185 primo
1688 2140 1701 2161 ⁷
1723 2150 1732 2175 :
1755 2152 1773 2174 «
1794 2140 1935 2178 Omnia
1962 2140 2068 2178 enim
2093 2140 2216 2180 corda
2242 2151 2347 2180 scru-

1308 2200 1410 2236 tatur
1424 2202 1567 2236 Deus.»
1584 2200 1702 2238 Plane
1719 2202 1841 2239 corda
1856 2205 2048 2250 tanquam
2063 2202 2346 2242 mandatorum

1307 2262 1484 2310 subJ'ecta
1504 2264 1693 2301 Dominus
1714 2265 1759 2313 (b)
1782 2268 1995 2313 scrutatur,
2017 2267 2111 2315 quia
2140 2268 2345 2306 mandato-

1306 2335 1397 2362 rum
1427 2326 1733 2374 cohaerentiam,
1760 2328 1824 2366 vel
1853 2329 2143 2368 distinctionem
2175 2333 2346 2369 contem-

1306 2387 1451 2434 platur.
1479 2390 1530 2425 De
1550 2390 1726 2428 secundo
1747 2391 1760 2413 ⁸
1783 2403 1792 2427 :
1817 2405 1835 2425 «
1850 2391 2068 2429 Altissimus
2088 2392 2345 2440 interrogabit

1308 2459 1430 2496 opera
1449 2453 1597 2497 vestra,
1619 2454 1656 2489 et
1669 2453 1926 2500 cogitationes
1944 2455 2196 2492 scrutabitur.
2212 2469 2229 2491 ›>
2245 2457 2344 2493 Sane

1308 2513 1388 2548 tam
1409 2513 1683 2560 operationes,
1705 2525 1827 2562 quam
1863 2516 2119 2563 cogitationes
2151 2518 2341 2564 scrutari,

1308 2575 1365 2609 est
1397 2577 1505 2611 actus
1537 2575 1743 2614 interiores
1771 2580 1808 2614 et
1839 2578 2051 2616 exteriores
2081 2579 2257 2627 probari.
2290 2582 2342 2618 De

1308 2635 1418 2673 tertio
1440 2635 1534 2673 dicit
1551 2637 1884 2687 psalmographus
1898 2639 1912 2661 ⁰
1933 2652 1942 2678 ;
1969 2655 1987 2674 «
2007 2641 2203 2678 scrutetur
2222 2641 2343 2680 foene·

1307 2698 1414 2734 rator
1433 2708 1595 2737 omnem
1620 2701 1860 2739 subtantiam
1880 2702 1974 2749 eius.
1996 2716 2015 2739 ιο
2037 2705 2109 2742 Iste
2132 2704 2344 2744 foenerator

1308 2761 1363 2796 est
1382 2759 1567 2798 diabolus
1590 2774 1599 2798 :
1622 2773 1745 2810 quare
1766 2763 2007 2802 foenerator?
2034 2765 2134 2811 Quia
2159 2767 2344 2806 termina·

1308 2821 1450 2860 bilium
1477 2824 1797 2863 consolationum
1827 2826 2024 2874 conditor,
2053 2830 2091 2865 et
2117 2828 2344 2869 intermina-

1309 2884 1451 2922 bilium
1471 2886 1764 2925 desolationum
1785 2892 1958 2927 exactor.
1990 2891 2075 2938 lpse
2094 2892 2344 2939 peccantium

1309 2948 1567 2986 substantiam
1588 2953 1794 2998 scrutatur,
1827 2952 1920 3000 quia
1951 2953 2183 2992 meritorum
2203 2966 2344 3004 praece-

1310 3009 1488 3048 dentium
1508 3011 1751 3052 affluentiam
1771 3014 2031 3062 depraedatur.

1638 3120 1830 3157 Articulus
1851 3124 2015 3167 quartus.

1358 3200 1418 3237 Ad
1439 3204 1625 3250 quartum
1639 3203 1808 3250 pertinet
1825 3204 1937 3252 quod
1956 3207 2156 3243 remanet:
2178 3207 2246 3243 Dei
2261 3209 2344 3255 mei,

1311 3265 1347 3300 et
1364 3266 1526 3311 propter
1551 3264 1628 3301 hoe
1658 3264 1822 3312 indigue
1843 3267 2096 3314 separabilis,
2121 3268 2215 3316 quia
2234 3269 2311 3306 mei
2333 3281 2342 3306 :

1311 3325 1521 3373 indignum
1548 3326 1654 3363 enim
1679 3330 1736 3364 est
1762 3327 1813 3364 ab
1841 3327 1975 3376 aliquo
2006 3330 2203 3377 separari,
2235 3331 2347 3379 quod

1312 3398 1428 3426 suum
1449 3391 1515 3426 est.
1536 3388 1612 3426 Sed
1631 3391 1740 3435 nota,
1760 3389 1866 3427 unde
1880 3392 1960 3428 tam
1975 3390 2120 3430 devota
2133 3403 2347 3442 praesump-

1355 3524 1398 3562 (α)
1423 3522 1503 3555 Coet.
1529 3520 1611 3554 edit.
1635 3521 1808 3563 cogitatio.
1825 3539 1865 3546 —
1886 3522 1930 3563 (b)
1954 3523 2034 3556 Item
2056 3526 2216 3559 Domino.

2137 3589 2188 3627 30
