2633 3878
119 2876 243 2902 Pharao.

111 2934 257 2969 AEgyptus

283 237 360 275 472

280 322 450 359 continet
481 322 550 358 iste
593 331 728 358 versus
767 333 775 357 :
817 321 1000 358 videlieet
1037 322 1134 359 duas
1166 333 1306 371 appre-

278 383 486 427 hensivas,
527 385 564 420 et
597 382 762 420 totidem
799 384 1054 431 appetitivas,
1091 395 1178 432 quse
1219 388 1309 422 sunt

279 443 528 492 imaginatio,
550 444 670 490 ratio,
691 445 938 492 sensualitas,
959 449 995 483 et
1014 446 1209 483 voluntas.

610 550 794 586 Articulus
824 552 975 597 primus.

326 633 556 680 Imaginatio
576 634 845 682 praesignatur,
867 645 957 671 cum
980 634 1147 672 dicitur:
1171 636 1308 682 Confiqe

281 696 425 742 timore,
460 695 503 732 id
539 698 613 741 est,
647 695 785 732 timida
820 696 1126 743 imaginatione,
1164 697 1308 734 scilicet

280 757 462 806 supplicii
500 758 750 795 districtione.
790 759 861 803 Qui
899 759 966 796 tali
1010 759 1149 796 timore
1187 760 1307 796 conti-

279 820 396 867 gitur,
423 820 625 868 tripliciter
646 820 900 868 transfigitur,
919 822 1012 869 quia
1036 822 1152 859 timor
1171 822 1306 867 hujus-

278 881 389 918 modi
429 882 653 930 tripartitur.
690 885 753 919 Est
787 883 892 920 enim
924 884 1042 920 timor
1079 884 1306 929 horribilis,

278 943 558 990 intolerabilis,
588 954 670 981 non
697 944 939 981 incredibilis
949 959 958 991 ;
996 945 1146 982 ratione
1182 956 1308 992 poenae

278 1005 453 1053 triplicis,
474 1007 709 1054 superioris,
732 1008 948 1053 interioris,
967 1010 1004 1044 ct
1023 1008 1237 1044 exterioris.
1257 1011 1307 1044 De

278 1068 408 1115 primo
433 1068 443 1089 ¹
476 1081 484 1105 ε
515 1082 534 1103 ι(
563 1069 839 1106 Turbabuntur
868 1069 1006 1106 timore
1038 1070 1240 1116 horribili,
1272 1074 1309 1108 et

278 1129 526 1167 mirabuntur
552 1131 593 1167 in
612 1131 845 1168 subitatione
866 1131 1071 1179 insperatae
1090 1132 1224 1168 salutis
1248 1145 1256 1168 ε
1286 1146 1303 1167 »

278 1201 366 1228 ecce
393 1192 509 1229 timor
528 1192 729 1230 horribilis
747 1193 897 1230 ratione
926 1204 1052 1241 poenae
1071 1195 1305 1242 superioris,

278 1265 365 1302 quae
380 1254 521 1291 dicitur
538 1265 657 1302 poena
673 1255 821 1293 damni.
839 1258 888 1292 De
906 1256 1080 1293 seeundo
1093 1284 1105 1301 ,
1126 1256 1195 1293 ubi
1213 1257 1307 1294 diei-

278 1320 339 1353 tur
362 1317 411 1354 de
438 1316 683 1365 Babyloniis,
710 1317 846 1354 audita
872 1318 1158 1366 decapitatione
1191 1320 1307 1357 Holo-

277 1378 412 1423 semis,
451 1389 521 1426 per
555 1389 676 1426 quam
713 1380 887 1416 innuitur
917 1380 1038 1428 plaga
1075 1382 1215 1418 mentis
1244 1380 1258 1401 ²
1295 1395 1304 1419 z

281 1453 299 1474 «ι
337 1440 466 1477 Timor
503 1441 762 1478 intolerabilis
803 1442 943 1479 cecidit
981 1453 1098 1490 super
1137 1454 1233 1488 eos,
1272 1448 1308 1481 et

277 1501 423 1539 turbati
441 1505 530 1539 sunt
548 1503 669 1540 animi
696 1514 834 1541 eorum
858 1504 975 1542 valde
1001 1517 1009 1541 :
1033 1519 1049 1538 »
1082 1516 1171 1542 ecce
1191 1506 1308 1544 timor

277 1564 534 1602 intolerabilis
559 1566 710 1603 ratione
729 1576 855 1614 poenae
872 1567 1080 1613 interioris,
1101 1579 1188 1616 quae
1210 1569 1306 1606 dici-

277 1630 339 1662 tur
361 1636 478 1672 poena
509 1627 666 1664 vermis.
700 1630 749 1665 De
779 1629 916 1675 tertio,
937 1629 1006 1667 ubi
1037 1630 1218 1667 scribitur
1250 1632 1262 1653 '³
1295 1643 1303 1667 :

281 1702 299 1721 α
318 1691 403 1725 Non
431 1689 482 1725 sis
507 1689 748 1728 incredibilis
779 1692 909 1729 timori
940 1693 1094 1730 Domini
1110 1706 1120 1738 3
1144 1707 1161 1727 s>
1194 1694 1306 1741 quasi

278 1750 382 1788 dicat
404 1764 411 1787 :
434 1751 519 1789 Noli
552 1752 606 1789 sic
627 1763 709 1789 esse
738 1754 921 1790 credulus
949 1754 1124 1793 humano
1153 1756 1305 1802 timori,

278 1812 388 1861 quod
408 1814 460 1849 sis
480 1814 705 1852 incredulus
731 1815 866 1852 divino
892 1816 1044 1862 timori,
1064 1819 1132 1865 qui
1152 1829 1230 1856 non
1252 1825 1308 1858 est

278 1877 519 1914 incredibilis
535 1889 544 1913 :
561 1887 649 1914 ecee
666 1878 783 1914 timor
801 1889 882 1915 non
898 1879 1140 1917 incredibilis
1155 1882 1306 1920 ratione

277 1949 402 1987 poenae
421 1939 636 1986 exterioris,
659 1950 747 1987 quae
768 1940 908 1977 dicitur
924 1952 1042 1989 poena
1063 1943 1176 1990 ignis.

592 2045 778 2081 Artz'culus
803 2046 988 2082 secundus.

323 2126 559 2164 sensualitas
585 2127 859 2175 consignatur,
888 2140 978 2165 cum
1004 2130 1163 2168 additur
1184 2143 1192 2168 :
1218 2133 1305 2169 Car—

276 2199 336 2225 nes
353 2199 467 2235 meas,
488 2189 529 2226 id
550 2192 620 2235 est,
643 2190 820 2227 carnales
841 2192 1187 2239 concupiscentias
1213 2195 1307 2232 Dicit

276 2253 430 2288 autem:
452 2252 601 2296 Carnes,
621 2261 703 2288 non
724 2262 900 2297 carnem,
922 2256 963 2289 ut
982 2253 1153 2290 insinuet
1171 2266 1306 2293 earna—

276 2312 324 2348 lis
337 2312 658 2360 concupiscentiae
673 2312 983 2351 dissolutionem.
1009 2317 1049 2351 Et
1067 2318 1173 2363 nota,
1196 2319 1305 2365 quod

276 2374 348 2411 ista
368 2374 572 2411 dissolutio
601 2374 711 2412 sedet
735 2375 775 2412 in
796 2376 972 2423 quodam
992 2377 1106 2415 trivio
1130 2391 1138 2415 ε
1160 2380 1307 2418 scilieet

277 2437 317 2473 in
334 2436 464 2473 cordis
483 2436 699 2483 voluntate,
720 2438 760 2474 in
781 2438 858 2475 oris
878 2440 1103 2487 voracitate,
1123 2441 1164 2477 in
1184 2444 1306 2479 tactus

276 2498 475 2547 voluptate
511 2513 519 2536 :
558 2499 665 2537 unde
695 2511 830 2538 carnes
858 2501 938 2539 istae
967 2502 1151 2549 leguntur
1188 2516 1306 2552 super

276 2564 429 2598 montes
456 2561 653 2608 locandae,
685 2562 818 2610 gladio
851 2564 1115 2610 devorandae,
1136 2576 1159 2602 a
1188 2567 1304 2604 volu-

276 2623 408 2660 cribus
439 2623 670 2662 lacerandoe.
699 2627 749 2662 De
777 2625 906 2673 primo
926 2627 940 2648 ⁴
961 2639 968 2662 :
1004 2639 1021 2661 «
1041 2628 1149 2665 Dabo
1170 2640 1305 2667 carnes

277 2688 362 2722 tuas
381 2697 499 2734 super
520 2690 685 2734 montes,
720 2702 738 2724 »
773 2688 816 2725 id
845 2691 915 2733 est,
952 2689 1228 2728 dissolutiones
1264 2693 1304 2729 in

276 2748 477 2786 voluntate
514 2749 700 2796 latentes,
739 2750 881 2788 faciam
923 2752 1148 2790 eminentes.
1190 2756 1304 2799 Quod

278 2811 382 2848 enim
401 2810 541 2858 legitur
561 2812 610 2849 de
629 2813 844 2860 Pharaone,
865 2814 1141 2852 convenienter
1162 2816 1305 2853 intelli-

278 2872 380 2920 gitur
404 2873 453 2910 de
477 2874 690 2911 voluntatis
719 2875 987 2913 dissolutione.
1021 2877 1171 2914 Pharao
1191 2889 1302 2916 nam-

277 2945 354 2982 que
396 2934 670 2983 interpretatur
709 2937 902 2985 dissipans
950 2949 1040 2975 eum
1060 2952 1070 2984 3
1116 2942 1303 2988 AEgyptus

276 3000 407 3035 autem
433 2998 706 3047 interpretatur
728 3000 913 3036 tenebrae.
938 3002 981 3037 Et
999 3003 1170 3047 constat,
1192 3004 1302 3049 quod

276 3059 379 3097 dicta
399 3060 605 3097 dissolutio
621 3060 864 3097 voluntatem
883 3062 1059 3109 dissipat,
1081 3066 1117 3100 et
1134 3064 1173 3099 in
1194 3067 1300 3101 tene-

274 3121 356 3158 bris
387 3125 538 3169 regnat.
571 3125 621 3159 De
651 3122 824 3160 secundo
853 3124 866 3145 ⁶
901 3136 908 3159 ε
951 3137 967 3157 «
997 3125 1156 3163 Gladius
1190 3137 1302 3163 meus

274 3183 482 3221 devorabit
516 3195 665 3222 carnes.
702 3199 720 3218 »
762 3185 912 3234 Quippe
947 3186 996 3222 de
1028 3186 1164 3232 lingua
1194 3189 1300 3234 psal-

272 3244 391 3281 limus
418 3246 463 3282 ⁸:
498 3258 516 3280 «
545 3246 695 3294 Lingua
726 3257 864 3284 eorum
896 3246 1050 3294 gladius
1087 3250 1254 3285 acutus:
1279 3262 1295 3282 »

272 3309 536 3354 competenter
555 3319 649 3355 ergo
669 3309 806 3357 lingua
823 3319 949 3346 vorax
968 3311 1130 3346 voratur
1147 3309 1295 3356 gladio.

314 3403 324 3424 ¹
344 3405 436 3445 Sap„
458 3413 490 3446 V,
511 3408 541 3438 2·
561 3424 602 3430 ·-
621 3407 632 3426 ²
652 3407 780 3447 leith,
801 3416 872 3450 xlv,
895 3410 944 3441 Π.
967 3426 1000 3431 —-
1023 3409 1037 3430 ³
1056 3408 1174 3449 Eccli.‚
1201 3415 1221 3446 1,
1245 3410 1294 3438 36.

271 3467 306 3474 —
330 3451 340 3469 ⁴
364 3452 490 3493 Ezech„
512 3461 623 3495 xxxn,
643 3456 673 3486 5.
697 3472 732 3478 —
747 3456 762 3478 ⁸
783 3457 894 3495 Deae„
916 3464 1028 3497 xxxii,
1050 3458 1100 3488 42.
1120 3473 1161 3479 —
1179 3455 1190 3473 ‘³'
1206 3453 1294 3486 Psal.

270 3505 340 3539 LVI,
360 3500 444 3531 5·-
464 3501 474 3517 ⁷
492 3500 584 3541 Gen„
603 3508 660 3541 η,
682 3503 713 3534 9.
727 3520 767 3527 -
787 3503 798 3522 ⁸
813 3503 1022 3544 Psal.xv111,
1044 3506 1094 3535 10.
1115 3519 1155 3526 —
1172 3502 1184 3520 ⁹
1205 3501 1293 3540 Tob„

979 232 1250 276 EXPOSITIO
1281 233 1333 276 IN
1362 234 1715 278 PSALTERIUM.

1381 326 1432 361 De
1452 326 1578 371 tertio,
1598 327 1667 363 ubi
1687 327 1869 364 scribitur
1890 328 1938 364 <ie
1959 328 2151 375 pistorum
2167 330 2353 376 magistro
2367 333 2402 367 ⁷:

1383 399 1401 420 «
1421 388 1663 425 Lacerabunt
1697 389 1880 426 volucres
1914 399 2050 426 carnes
2088 392 2172 426 tuas
2201 401 2209 425 ε
2241 404 2258 426 »
2290 392 2407 429 talem

1379 459 1539 496 poenam
1560 452 1730 488 meretur
1746 453 1869 488 tactus
1887 451 2084 498 voluptas.

1718 554 1907 589 Articulus
1933 554 2076 589 tertius.

1428 634 1538 671 Ratio
1559 634 1803 681 designatur,
1837 645 1927 671 cum
1951 634 2162 672 subditur:
2198 636 2226 671 A
2255 636 2409 682 judiciis

1382 697 1468 740 tuis,
1489 706 1608 742 penes
1628 695 1818 732 rationem
1838 696 2032 743 repositis.
2052 696 2168 734 Plane
2187 696 2286 734 ratio
2303 697 2409 744 Judi-

1382 757 1441 793 cia
1461 757 1653 804 continet,
1677 759 1869 805 quoniam
1889 759 1940 795 ad
1970 758 2099 806 ipsam
2124 759 2302 805 judicare
2320 770 2410 808 per-

1381 819 1486 854 tinet.
1510 821 1552 856 Et
1570 822 1678 866 nota,
1699 819 1809 867 quod
1829 819 1965 857 divina
1990 819 2141 867 Judicia
2170 820 2352 858 dicuntur
2369 821 2410 858 in

1381 880 1577 928 Scriptura
1613 882 1856 929 quandoque
1882 893 1996 928 vera,
2025 882 2268 930 quandoque
2292 883 2410 930 justa,

1382 943 1625 991 quandoque
1654 945 1846 992 pessima;
1870 945 1963 992 quia
1988 948 2076 982 sunt
2106 945 2277 983 veritatis
2306 946 2410 984 indi-

1382 1005 1523 1051 cativa,
1546 1006 1739 1053 aequitatis
1754 1007 1985 1053 judicativa,
2002 1007 2216 1055 iniquitatis
2234 1008 2410 1046 vindica-

1380 1066 1472 1103 tiva.
1512 1069 1563 1104 De
1600 1068 1730 1115 primo
1763 1069 1856 1105 dicit
1885 1068 2086 1106 Psalmista
2114 1070 2127 1091 ⁸
2161 1082 2170 1106 ε
2208 1082 2226 1104 1(
2259 1070 2412 1107 Judicia

1381 1130 1534 1166 Domini
1561 1141 1683 1176 vera,
1709 1144 1726 1164 n
1750 1134 1911 1179 propter
1931 1131 2125 1178 judicium
2146 1132 2328 1170 veritatis.
2360 1134 2410 1169 De

1381 1192 1555 1229 secundo
1575 1193 1588 1214 ⁹
1611 1206 1619 1229 :
1649 1207 1665 1226 (ι
1685 1193 1824 1230 Omnia
1846 1192 1996 1239 judicia
2033 1196 2099 1230 tua
2126 1194 2230 1240 justa
2257 1196 2370 1239 sunt,
2391 1207 2408 1228 1)

1379 1257 1540 1301 propter
1566 1255 1760 1301 judicium
1787 1254 1990 1302 aequitatis.
2023 1257 2073 1291 De
2105 1255 2215 1293 tertio
2245 1257 2303 1293 ¹⁰:
2335 1256 2410 1293 «Si

1381 1318 1549 1362 quatuor
1572 1316 1721 1363 judicia
1741 1327 1829 1353 mea
1854 1316 2048 1363 pessima,
2072 1317 2272 1364 gladium,
2293 1321 2330 1355 et
2356 1318 2411 1356 fa-

1382 1387 1506 1423 mem,
1540 1388 1584 1414 ac
1610 1378 1755 1415 bestias
1781 1378 1928 1425 malas,
1950 1382 1986 1415 et
2003 1379 2263 1426 pestilentiam
2281 1379 2413 1417 immi-

1380 1449 1467 1475 sero
1483 1439 1524 1476 in
1540 1441 1766 1487 Jerusalem,
1783 1455 1800 1474 »
1819 1444 1889 1477 etc.
1895 1468 1906 1487 ,
1923 1444 2115 1488 quantum
2129 1441 2181 1480 ad
2196 1442 2412 1480 vindictam

1380 1502 1607 1551 iniquitatis.

1711 1604 1898 1641 Articulus
1917 1608 2081 1651 quartus.

1428 1693 1614 1730 Voluntas
1656 1694 1902 1740 assignatur,
1947 1705 2036 1730 cum
2081 1693 2360 1741 superadditur
2399 1706 2408 1730 ε

1385 1757 1525 1801 Timui,
1566 1755 1658 1803 quia
1699 1755 1849 1792 timoris
1889 1756 2042 1792 occasio
2088 1755 2158 1792 fuit
2201 1756 2411 1793 voluntatis

1380 1818 1556 1856 violatio.
1586 1819 1726 1855 Timuit
1756 1829 1929 1866 namque
1956 1819 2170 1866 Propheta,
2195 1829 2245 1855 ne
2261 1819 2412 1866 judicia

1380 1880 1541 1917 rationis
1561 1880 1802 1917 violarentur
1828 1891 1899 1927 per
1925 1880 2155 1917 violentiam
2181 1880 2411 1926 affectionis,

1381 1942 1536 1979 violatae
1577 1953 1648 1990 per
1692 1941 1922 1979 violentiam
1964 1942 2158 1979 sensibilis
2203 1942 2409 1990 passionis.

1382 2004 1487 2041 Sicut
1502 2004 1607 2040 enim
1626 2004 1749 2041 Achaz
1766 2014 1834 2040 rex
1847 2004 1948 2040 Juda
1966 2004 2109 2040 vastari
2127 2003 2269 2050 timuit,
2285 2015 2411 2052 quan-

1383 2066 1435 2103 do
1456 2065 1566 2112 Syria
1584 2076 1701 2113 super
1721 2065 1904 2114 Ephraim
1928 2065 2142 2113 requievit,
2162 2068 2205 2102 ut
2222 2065 2410 2114 scriptum
2460 2092 2465 2095 »

1384 2131 1440 2165 est
1460 2128 1485 2150 11
1497 2141 1508 2174 ;
1530 2129 1584 2164 sie
1605 2128 1808 2164 psalmista
1827 2127 1963 2164 timere
1986 2127 2143 2164 videtur
2162 2127 2203 2164 in
2215 2130 2325 2176 parte
2338 2128 2411 2166 ista

1378 2189 1622 2235 judiciorum
1647 2189 1900 2226 rationalium
1916 2189 2154 2235 vastitatem,
2175 2189 2205 2226 si
2229 2189 2410 2229 voluntas

1381 2252 1599 2298 requiescat
1617 2261 1733 2298 super
1749 2251 2051 2287 sensualitatem.
2072 2254 2167 2288 Nam
2179 2251 2318 2297 Achaz,
2339 2253 2409 2300 qui

1382 2314 1647 2359 apprehendens
1661 2313 1946 2359 interpretatur,
1967 2312 2068 2349 bene
2087 2312 2296 2350 psalmistae
2311 2324 2406 2351 ⁰0¹1·
2427 2310 2567 2378 ‘grprete-

2474 2264 2566 2291 Achaz

2469 2302 2497 2329 id
2519 2303 2565 2330 in-

1381 2375 1509 2421 gruit,
1532 2374 1659 2422 Syria,
1681 2385 1767 2421 quae
1787 2375 1949 2411 sublimis
1964 2402 1975 2420 ,
1998 2374 2193 2410 affectioni
2214 2375 2409 2422 superiori
2427 2386 2487 2412 tur.

1382 2437 1591 2484 competit;
1611 2436 1815 2483 Ephraim,
1839 2446 1927 2483 quae
1952 2438 2148 2482 frugyiferffi
2169 2437 2408 2475 sensualitati

1382 2499 1579 2544 convenit,
1601 2509 1647 2535 eo
1664 2498 1770 2545 quod
1787 2498 1834 2534 sit
1852 2498 2038 2544 frugifera
2050 2498 2281 2546 passionum
2296 2499 2408 2546 fruge

1379 2560 1573 2610 pestifera.
1596 2560 1819 2597 Notandum
1835 2560 1966 2607 itaque
1987 2561 2035 2597 de
2054 2560 2234 2608 praesenti
2252 2561 2406 2608 timore,

1380 2623 1491 2672 quod
1510 2623 1702 2670 Propheta
1727 2623 1882 2659 videtur
1910 2622 2083 2659 timuisse
2109 2633 2133 2660 a
2153 2622 2295 2670 triplici
2320 2623 2408 2661 vio-

1379 2686 1549 2732 latione3
1586 2684 1768 2722 videlicet
1812 2695 1835 2721 a
1871 2684 2085 2721 violatione
2123 2685 2407 2732 sensualitatis,

1379 2747 1605 2792 voluntatis,
1624 2748 1661 2783 et
1673 2746 1848 2783 rationis.
1869 2747 1997 2783 Prima
2010 2746 2174 2783 violatio
2189 2748 2245 2784 est
2257 2749 2383 2785 activa
2393 2761 2404 2795 ;

1379 2810 1541 2855 ultima,
1575 2808 1756 2856 passiva3
1793 2809 1947 2853 media,
1982 2808 2137 2855 passiva
2166 2809 2333 2856 pariter,
2371 2814 2408 2847 et

1380 2871 1506 2908 activa
1524 2883 1532 2907 :
1554 2873 1732 2918 respectu
1752 2870 2011 2907 sensualitatis
2041 2873 2097 2907 est
2125 2871 2306 2918 passiva;
2326 2882 2406 2909 res-

1378 2937 1493 2981 pectu
1528 2933 1688 2970 rationis
1704 2960 1714 2978 ‚
1754 2933 1892 2969 activa.
1929 2932 2056 2969 Primo
2094 2932 2217 2970 modo
2246 2934 2408 2971 timebat

1378 2996 1609 3044 Apostolus,
1638 3006 1729 3031 cum
1748 2995 1904 3031 dicebat
1923 2995 1949 3016 ¹²
1972 3006 1979 3031 :
2014 2994 2202 3040 «Timeo,
2228 3006 2278 3032 ne
2309 2996 2409 3034 sieut

1378 3068 1538 3105 serpens
1559 3060 1679 3094 Evam
1698 3057 1854 3094 seduxit
1877 3057 2015 3093 astutia
2034 3067 2126 3103 sua,
2147 3057 2200 3094 ita
2226 3068 2403 3095 corrum-

1377 3122 1520 3168 pantur
1551 3130 1685 3157 sensus
1716 3119 1845 3156 vestri.
1881 3133 1899 3154 »
1936 3119 2037 3164 Quid
2069 3119 2173 3156 enim
2201 3123 2258 3157 est
2285 3122 2405 3157 Evam

1377 3183 1510 3220 seduci
1538 3194 1560 3219 a
1582 3184 1782 3230 serpente,
1810 3182 1884 3218 nisi
1905 3182 2147 3219 voluntatem
2168 3192 2192 3218 a
2216 3182 2403 3218 sensuali-

1377 3247 1452 3281 tate
1466 3246 1483 3280 ?
1504 3244 1677 3282 Secundo
1696 3243 1818 3280 modo
1838 3243 2072 3291 timuitipse,
2089 3254 2179 3280 cum
2191 3242 2341 3290 scripsit
2351 3243 2400 3278 ¹³:

1379 3319 1395 3339 α
1415 3306 1546 3342 Timeo
1563 3305 1688 3349 enim,
1708 3316 1758 3342 ne
1777 3305 1894 3350 forte,
1915 3316 2004 3341 cum
2022 3315 2186 3350 venero,
2208 3314 2289 3341 non
2307 3315 2400 3351 qua-

1375 3368 1430 3403 les
1459 3367 1574 3412 volo,
1601 3367 1801 3403 inveniam
1821 3377 1921 3403 vos:
1951 3380 1968 3401 »
1997 3366 2038 3402 in
2067 3376 2147 3413 quo
2175 3365 2330 3401 timetur
2348 3365 2399 3402 ab

1374 3458 1433 3490 111,
1452 3452 1481 3481 2.
1512 3467 1546 3472 —
1577 3449 1605 3470 ¹⁰
1626 3449 1756 3488 Ezec11.,
1780 3456 1851 3489 x1V,
1880 3450 1931 3480 21.
1951 3466 1993 3472 —
2025 3449 2050 3470 ¹¹
2080 3449 2159 3487 lm„
2189 3455 2221 3479 vi
2243 3456 2273 3489 1,
2307 3450 2338 3481 2.
2361 3467 2396 3473 -

1379 3498 1403 3520 ¹²
1419 3498 1445 3529 ll
1468 3497 1557 3538 Com,
1578 3505 1626 3538 xr,
1650 3499 1679 3529 3.
1704 3514 1743 3521 —
1767 3497 1791 3519 ¹³
1811 3494 1910 3535 ibid„
1932 3503 1995 3537 xu,
2015 3496 2067 3529 20.
