2633 3878
250 170 328 209 130

246 256 387 311 plena.
409 254 514 295 Item
533 252 646 305 apud
671 250 1013 304 conjunctionem
1037 249 1099 288 est
1125 259 1148 287 e
1173 257 1274 286 con-

248 339 393 376 verso,
425 324 525 377 quia
549 326 650 364 tunc
678 321 939 363 illuminatur
967 319 1105 371 magis
1124 330 1273 359 secun-

249 397 349 438 dum
379 395 619 444 veritatem,
649 396 689 434 et
715 394 858 433 minus
881 391 1114 432 secundum
1145 401 1276 441 appa-

248 467 428 508 rentiam
460 469 663 516 nostram,
691 464 791 518 quia
819 467 917 504 tunc
946 461 1053 502 nihil
1081 460 1276 500 videmus

248 539 298 579 de
309 539 424 579 luna.
443 537 557 590 Ergo
572 537 661 578 sive
675 533 980 577 consummatio
995 531 1273 583 intelligatur,

249 610 315 652 vel
335 613 542 664 quantum
564 609 617 650 ad
636 607 957 661 oppositionem,
981 604 1048 645 vel
1069 606 1276 656 quantum

246 682 299 723 ad
318 681 671 734 conjunctionem,
703 682 932 730 utrumque
964 687 1115 717 verum
1135 678 1210 725 est,
1237 678 1277 715 et

245 754 358 807 quod
380 753 626 794 mirabiliter
643 750 804 799 crescit,
828 752 868 789 et
897 747 1008 801 quod
1030 746 1277 786 mirabiliter

244 827 456 866 minuitur
477 826 518 865 in
539 822 916 865 consummatione.
939 819 1060 860 Luna
1078 830 1174 871 quae
1192 829 1278 858 cre-

245 899 334 948 scit,
361 902 400 938 et
434 898 660 947 minuitur,
695 896 836 947 signat
868 892 1086 934 hominem
1114 890 1160 930 in
1190 891 1277 931 vita

245 970 397 1018 activa,
420 978 460 1010 et
490 966 832 1020 contemplativa,
859 965 968 1004 sicut
997 962 1113 1003 stella
1138 965 1278 1002 matu-

245 1041 348 1091 tina,
371 1053 465 1094 quae
486 1038 711 1092 aliquando
735 1036 932 1090 praecedit
954 1035 1098 1085 solem,
1119 1037 1160 1074 et
1178 1036 1278 1073 tunc

246 1113 388 1164 signat
416 1110 800 1163 contemplativam3
826 1111 866 1148 et
886 1106 1112 1159 aliquando
1133 1104 1276 1158 sequi-

246 1187 329 1234 tur,
353 1186 392 1223 et
410 1187 509 1223 tunc
526 1183 667 1234 signat
686 1180 866 1221 activam
887 1179 1035 1220 vitam.
1059 1176 1158 1218 Ilaec
1177 1176 1280 1216 luna

246 1258 307 1296 est
325 1254 520 1302 Ecclesia,
542 1265 695 1295 vacans
714 1258 754 1293 et
773 1248 1130 1302 contemplationi,
1152 1252 1191 1288 et
1209 1260 1279 1287 ac-

245 1327 350 1367 tioni
379 1339 388 1366 :
424 1325 592 1379 quando
624 1326 745 1365 vacat
776 1319 1144 1373 contemplationi,
1179 1322 1280 1358 tunc

246 1409 411 1438 summe
441 1396 707 1436 illuminatur
742 1392 979 1444 fulgoribus
1013 1389 1276 1439 coelestibus3

246 1468 413 1521 quando
433 1480 534 1508 vero
551 1466 705 1507 actioni
725 1467 846 1505 vacat
861 1495 870 1512 ,
891 1466 994 1503 tunc
1020 1462 1162 1502 minus
1181 1461 1278 1501 illu-

247 1540 448 1580 minatur.
469 1538 520 1579 Et
540 1551 625 1578 non
640 1537 743 1578 vivit
763 1536 906 1585 homo,
926 1534 1105 1587 quinon
1120 1533 1282 1573 minua-

247 1614 332 1661 tur,
354 1611 524 1664 quando
542 1612 610 1651 dat
630 1622 673 1650 se
692 1608 859 1658 actioni,
883 1609 1056 1659 excepto
1089 1605 1278 1653 Cflinsro,

248 1684 321 1737 qui
342 1684 419 1724 l‘uit
447 1683 652 1736 perfectus
680 1682 725 1721 in
751 1680 915 1721 acilone
951 1682 990 1719 et
1021 1678 1279 1730 contempla-

250 1756 378 1796 tione.
414 1754 529 1795 [nde
554 1754 700 1794 nullus
734 1753 865 1792 homo
899 1751 1065 1803 sapiens
1092 1762 1283 1801 unquam

249 1827 462 1868 descendit
492 1827 544 1866 ad
570 1826 799 1874 actionem,
829 1823 1019 1863 maxime
1051 1821 1281 1874 praesiden-

249 1901 374 1948 tium,
402 1899 483 1939 nisi
504 1899 689 1952 quadani
709 1896 958 1937 necessitate
979 1909 987 1934 :
1011 1894 1113 1946 quia
1132 1905 1282 1933 secun-

250 1973 347 2013 dum
372 1972 623 2024 Grcgorium
644 1971 689 2010 in
705 1967 1002 2011 Pastoralcbus
1016 1968 1026 1987 ²
1041 1978 1054 2007 .·
1081 1981 1100 2004 «
1119 1965 1285 2006 Pollens

249 2044 481 2084 virtutibus
502 2043 658 2083 invitus
678 2040 854 2090 accedit;
890 2051 1038 2080 carens
1056 2037 1287 2079 virtutibus

252 2116 408 2155 accedit
425 2127 511 2155 non
530 2116 713 2163 coactus,
737 2126 756 2149 n
783 2111 883 2164 quia
903 2122 958 2150 ex
977 2110 1057 2149 hoc
1076 2107 1287 2148 minuitur

252 2187 400 2227 lumen
414 2187 452 2225 id
466 2186 580 2239 quod
591 2188 653 2225 est
667 2184 865 2224 maxima}
883 2182 936 2234 (a)
950 2179 1286 2228 illuminationis,

254 2259 408 2299 scilicet
429 2256 811 2310 contemplationis.
835 2254 918 2296 Sed
944 2266 966 2294 e
999 2256 1161 2302 contra,
1183 2252 1291 2292 sicut

253 2342 407 2383 sponsa
428 2329 635 2369 desiderat
660 2339 880 2380 sponsum,
912 2329 952 2366 et
971 2329 984 2350 2
1008 2323 1182 2365 materia
1203 2324 1287 2363 for-

254 2415 385 2453 mam,
407 2405 448 2442 et
467 2404 591 2454 turpe
611 2400 856 2453 pulchrum3
879 2399 938 2438 ita
973 2398 1114 2438 anima
1135 2397 1293 2450 appetit

255 2475 368 2515 uniri
389 2486 464 2527 per
484 2485 704 2514 excessum
719 2469 1085 2523 contemplationis
1102 2483 1111 2510 :
1132 2471 1172 2508 et
1190 2472 1292 2508 tunc

255 2545 424 2597 quando
446 2543 805 2597 hemisphaerium
826 2542 981 2582 animae
1004 2543 1141 2582 totum
1161 2540 1290 2581 lumi-

256 2618 382 2658 nibus
408 2617 583 2670 plenum
611 2617 701 2666 est,
736 2617 839 2656 tunc
870 2614 999 2655 homo
1030 2612 1215 2654 exterius
1244 2612 1292 2652 fit

256 2692 368 2730 totus
396 2688 608 2737 deformis,
633 2691 735 2728 ωηο
762 2687 891 2727 homo
916 2687 964 2726 fit
995 2686 1080 2725 fine
1108 2684 1290 2737 loquela.

262 2759 375 2801 Unde
401 2764 502 2801 tunc
527 2760 655 2800 habet
678 2758 902 2799 veritatem
935 2757 1041 2798 illud
1074 2756 1121 2796 in
1144 2755 1290 2797 Cami-

257 2833 320 2873 οἰδ
337 2835 350 2856 ³
371 2845 386 2871 .·
413 2830 588 2872 «Nolite
619 2843 688 2871 me
720 2829 999 2879 considerare,
1036 2827 1149 2880 quod
1177 2828 1294 2868 fusca

258 2905 357 2955 sim3
393 2904 493 2957 quia
523 2902 778 2944 decoloravit
811 2913 878 2941 me
898 2900 982 2950 sol,
1018 2914 1037 2937 ›>
1072 2899 1174 2953 quia
1194 2902 1294 2939 ωηο

260 2976 445 3016 maxime
462 2977 552 3027 conj
562 2975 738 3025 ungitur
751 2972 988 3013 luminibus
1003 2971 1292 3012 interioribus.

260 3046 377 3088 Unde
397 3047 551 3087 dicitur
570 3046 583 3066 ¹·
605 3057 615 3085 :
645 3061 663 3083 a
682 3044 746 3085 EX
769 3056 853 3097 quo
870 3043 1038 3084 locutus
1059 3055 1102 3083 es
1132 3042 1186 3083 ad
1205 3054 1295 3083 ser-

259 3131 363 3159 vum
385 3121 524 3168 tuum,
547 3116 828 3169 impeditioris
849 3117 889 3154 et
914 3114 1110 3154 tardioris
1130 3113 1295 3164 linguae

260 3191 393 3231 factus
413 3202 523 3231 sum.
536 3203 556 3227 ›>
582 3187 784 3229 Similiter
799 3185 942 3236 Israel,
959 3185 1000 3226 id
1012 3189 1074 3225 est
1095 3200 1113 3222 (ι
1122 3185 1188 3225 vir
1206 3184 1292 3224 sor-

306 3348 317 3368 1
337 3348 449 3388 Greg.‚
464 3348 608 3387 Pastor„
629 3348 717 3387 part.
739 3352 763 3385 Ι,
783 3354 814 3376 c.
834 3352 871 3376 lx
894 3353 902 3375 :
920 3354 937 3373 «
956 3342 1142 3375 Virtutibus
1163 3341 1295 3382 pollens

265 3397 400 3426 coactus
420 3395 461 3425 ad
478 3395 630 3435 regimen
647 3393 779 3434 veniat,
793 3391 975 3423 virtutibus
992 3398 1117 3421 vacuus
1133 3397 1175 3420 ne
1195 3398 1296 3420 coac-

266 3443 317 3471 tu<
332 3441 467 3481 quidem
481 3442 630 3473 accedat.
649 3453 665 3470 »
678 3459 719 3465 -
734 3443 746 3462 ⁰³
790 3440 877 3478 ri÷t.,
894 3439 1008 3479 Phys„
1022 3437 1080 3468 lib.
1099 3437 1123 3477 1,
1141 3439 1222 3468 text.
1242 3438 1294 3468 81.

266 3505 306 3511 -
322 3488 336 3509 ³
356 3490 508 3528 Cant.,1,
524 3492 554 3519 ϋ.
567 3506 607 3511 --
621 3489 634 3510 Β
650 3489 769 3527 [ἐῖσαι]Ἷ
787 3496 833 3528 ιν,
855 3490 903 3519 io.
916 3504 957 3509 —
972 3486 986 3507 5
1000 3486 1095 3523 Gen„
1112 3492 1224 3523 xxxii,
1241 3485 1294 3514 25.

942 154 1389 200 ILLUMINATIONES
1423 157 1685 201 ECCLESIAE

1352 247 1436 287 tis»
1462 248 1508 288 in
1529 250 1631 300 vita,
1653 247 1899 289 fortificatus
1917 246 1997 287 fuit
2013 247 2058 287 in
2077 248 2191 289 lucta
2209 249 2377 303 Angeli,

1352 319 1558 359 emarcuit
1571 321 1714 360 tamen
1732 322 1745 344 ⁵
1766 312 1924 358 nervus
1944 317 2113 358 semoris
2126 320 2234 371 ejus,
2247 321 2379 362 etfac-

1351 393 1420 430 tus
1439 394 1501 431 est
1521 391 1697 432 claudus
1716 405 1724 431 :
1747 390 1850 443 quia
1864 389 1957 429 haec
1969 390 2263 442 contemplatio
2285 392 2382 433 facit

1352 460 1526 512 nigram
1546 462 1734 502 animam
1755 472 1958 514 apparere
1977 459 2236 511 hominibus,
2253 473 2383 513 quan-

1352 531 1405 572 do
1436 545 1605 573 summo
1634 533 1711 573 soli
1733 532 2026 585 conjungitur.
2063 530 2164 572 Haec
2191 534 2252 572 est
2277 532 2386 572 sicut

1351 604 1515 656 Esther,
1544 617 1640 657 quae
1660 605 1673 626 ⁶
1700 619 1719 642 «
1749 616 1836 644 non
1868 603 2022 656 quaerit
2051 603 2263 644 mundum
2287 616 2385 644 mu-

1350 674 1542 726 liebrem,
1566 690 1584 713 ›)
1609 676 1680 716 sed
1699 678 1896 716 contenta
1916 679 1978 716 est
1995 675 2179 716 naturali
2199 676 2386 728 pulchri-

1351 746 1513 797 tudine,
1536 759 1612 787 nec
1626 747 1778 800 quaerit
1798 746 1900 787 istos
1914 750 2089 787 ornatus
2110 746 2384 788 meretricios.

1353 817 1461 858 Nam
1492 818 1656 859 dicebat
1675 819 1823 859 beatus
1848 817 2114 868 Franciscus,
2137 819 2239 872 quia
2263 834 2283 859 <‹
2298 819 2388 860 dico

1353 964 1490 1014 potest
1516 962 1662 1003 venire
1695 962 1747 1003 ad
1772 961 2223 1015 contemplationem.»
2250 960 2389 1002 Tertio

1354 1036 1624 1086 comparatur
1643 1033 1759 1074 lunae
1776 1036 1946 1086 propter
1962 1032 2262 1085 refulgentiam
2281 1032 2392 1073 ordi-

1353 1108 1512 1156 natam3
1545 1106 1657 1146 unde
1691 1106 1845 1146 dicitur
1866 1109 1878 1130 ⁷
1903 1118 1912 1146 ε
1942 1104 2061 1146 «Vas
2090 1107 2327 1145 castrorum
2347 1103 2391 1143 in

1353 1177 1624 1218 firmamento
1644 1177 1738 1218 coeli
1762 1177 2020 1229 resplendet:
2043 1191 2061 1215 >)
2087 1176 2242 1217 dicitur
2259 1176 2309 1216 de
2323 1175 2392 1216 lu-

1354 1262 1422 1290 na.
1445 1248 1595 1290 Omnia
1615 1249 1742 1300 enim,
1768 1261 1865 1301 quae
1887 1252 1985 1289 sunt
2004 1249 2049 1289 in
2070 1248 2267 1300 Ecclesia,
2293 1250 2391 1289 sunt

1355 1321 1589 1362 secundum
1621 1321 1828 1361 rationem
1858 1319 2018 1360 ordinis
2037 1319 2300 1360 ordinatione
2319 1330 2389 1359 ro-

1354 1392 1502 1442 busta,
1533 1392 1731 1444 pulchra,
1759 1391 1965 1444 jucunda.
1995 1390 2170 1443 Propter
2201 1389 2390 1442 primum

1355 1463 1509 1504 dicitur
1537 1475 1613 1505 vas
1645 1467 1895 1512 castrorum,
1919 1465 1932 1485 8
1967 1477 1986 1501 «
2005 1462 2115 1502 acies
2145 1461 2386 1502 ordinata.»

1355 1538 1369 1559 ⁹
1397 1535 1538 1584 «Quid
1556 1535 1717 1576 videbis
1733 1535 1777 1574 in
1792 1534 2009 1584 Sulamite,
2029 1533 2111 1574 nisi
2131 1533 2281 1573 choros
2301 1544 2392 1573 cas-

1356 1610 1517 1648 trorum
1531 1610 1549 1648 ‘2
1563 1623 1581 1646 »
1600 1608 1700 1661 quia
1712 1608 1789 1648 iste
1809 1607 1911 1648 ordo
1925 1610 2038 1647 totus
2058 1609 2120 1647 est
2137 1606 2189 1646 ad
2202 1617 2394 1658 pugnan-

1357 1679 1460 1719 dum
1475 1683 1621 1720 contra
1634 1679 1955 1719 universitatem
1973 1677 2176 1718 hostium.
2196 1675 2300 1716 Item
2318 1675 2392 1716 ha-

1357 1751 1427 1791 bet
1443 1751 1777 1803 jucunditatem3
1800 1750 1893 1791 ideo
1914 1749 2012 1790 dicit
2034 1763 2042 1788 z
2060 1746 2307 1800 Resplendel
2323 1746 2390 1799 (b).

1358 1821 1408 1862 Ei
1427 1823 1520 1863 haec
1546 1825 1609 1863 est
1644 1822 1797 1872 gloria,
1824 1833 1920 1873 quae
1944 1823 2007 1860 est
2035 1819 2274 1860 formositas
2294 1831 2394 1859 cum

1354 1895 1633 1947 Jucunditate.
1662 1892 1778 1934 Unde
1807 1895 1847 1933 et
1877 1892 2029 1933 divites
2056 1891 2283 1932 ostendunt
2302 1890 2392 1943 glo·

1359 1965 1468 2005 riam
1489 1977 1626 2014 suam,
1649 1963 1879 2005 incedendo
1899 1963 1943 2003 in
1959 1961 2099 2014 gloria
2117 1962 2323 2012 vestium,
2355 1964 2396 2002 et

1360 2038 1566 2087 laetitiam,
1590 2037 1696 2077 sicut
1721 2036 1764 2076 in
1792 2035 1951 2088 nuptiis
1983 2038 2024 2075 et
2048 2034 2180 2075 sestis.
2215 2033 2315 2074 Haec
2334 2036 2397 2073 est

1362 2109 1546 2149 secunda
1577 2120 1673 2161 pars
1706 2106 2096 2159 contemplationis,
2129 2105 2396 2146 considerare

1362 2180 1518 2221 scilicet
1540 2179 1767 2221 Ecclesiam
1787 2178 2023 2219 secundum
2043 2177 2156 2230 quod
2172 2180 2235 2217 est
2251 2188 2395 2230 super-

1363 2252 1514 2293 vestita
1532 2251 1688 2304 figuris
1707 2253 1747 2291 et
1766 2249 1957 2300 theoriis,
1976 2252 2015 2289 et
2030 2248 2263 2289 secundum
2283 2247 2398 2301 quod

1363 2323 1571 2364 illustrata
1588 2336 1613 2364 a
1632 2322 1732 2373 sole,
1752 2325 1793 2363 et
1812 2321 2046 2362 secundum
2067 2320 2181 2373 quod
2200 2322 2264 2360 est
2282 2318 2395 2360 ordi-

1363 2400 1463 2436 nata
1482 2395 1533 2436 ad
1568 2393 1878 2448 pugnandum3
1902 2395 1942 2432 et
1962 2392 2020 2432 sic
2040 2394 2103 2432 est
2131 2391 2235 2431 luna
2259 2390 2304 2430 in
2324 2391 2397 2431 fir-

1365 2471 1582 2509 mamento
1602 2468 1771 2518 animae,
1794 2469 1842 2506 ut
1874 2464 2168 2505 consideratur
2187 2475 2262 2517 per
2278 2463 2398 2504 theo-

1365 2542 1474 2582 riam
1512 2539 1789 2593 symbolicam
1810 2569 1823 2589 ,
1864 2549 1940 2590 per
1985 2536 2195 2577 theoriam
2232 2534 2401 2588 proprie

1365 2614 1538 2655 dictam.
1577 2611 1716 2653 Tertia
1744 2622 1842 2664 pars
1875 2607 2240 2662 contemplationis
2259 2613 2321 2648 est
2355 2606 2402 2647 in

1367 2684 1699 2726 consideratione
1736 2682 1953 2723 luculenta
1996 2679 2153 2721 mentis
2199 2679 2401 2719 humanae

1366 2756 1685 2798 hierarchizatae
1708 2768 1718 2795 z
1742 2759 1782 2795 et
1802 2754 1894 2794 haec
1919 2752 2179 2803 intelligitur
2207 2762 2283 2804 per
2308 2749 2402 2790 stel-

1366 2828 1442 2879 las,
1466 2828 1555 2869 sive
1574 2839 1650 2880 per
1668 2827 1808 2867 lucem
1841 2824 2075 2875 stellarum,
2103 2834 2202 2877 quae
2230 2821 2403 2876 quidem

1367 2898 1497 2939 habet
1520 2897 1800 2939 radiationem
1830 2895 2085 2947 mansivam,
2119 2894 2404 2943 decoram‚·et

1364 2971 1616 3024 Jucundam.
1638 2969 1796 3010 Anima
1814 2979 1912 3021 quae
1944 2967 2072 3008 habet
2100 2966 2193 3007 haec
2223 2965 2318 3016 tria,
2341 2966 2405 3005 est

1369 3043 1688 3084 hierarchizata.
1723 3041 1780 3082 De
1809 3038 2045 3080 radiatione
2075 3037 2283 3088 mansiva,
2305 3047 2403 3089 quae

1369 3114 1494 3154 estin
1525 3113 1669 3154 anima
1691 3110 2008 3161 hierarchizata,
2040 3109 2194 3150 dicitur
2224 3108 2269 3148 in
2295 3107 2403 3147 libro

1370 3185 1573 3227 Jadicum
1600 3185 1660 3225 1⁰:
1686 3199 1705 3222 «
1726 3183 1863 3224 Stellae
1895 3183 2114 3222 manentes
2132 3180 2177 3219 in
2195 3178 2344 3219 ordine
2363 3180 2404 3218 et

1370 3269 1501 3298 cursu
1521 3268 1611 3306 suo,
1644 3255 1955 3308 pugnaverunt
1985 3254 2132 3293 contra
2151 3250 2355 3291 Sisaram.
2377 3262 2398 3286 a>

1370 3388 1412 3396 -
1437 3371 1449 3389 θ
1474 3369 1585 3408 Εετ]ι.,
1606 3376 1642 3407 η,
1665 3369 1696 3400 3.
1721 3383 1760 3390 -
1783 3366 1796 3388 ⁷
1818 3364 1939 3404 Ecoli„
1961 3371 2060 3405 me,
2081 3365 2112 3395 9.
2132 3380 2173 3387 -
2190 3364 2201 3382 ⁸
2221 3362 2331 3404 Cant„
2352 3370 2402 3404 Vl,

1371 3420 1404 3457 3,
1425 3419 1454 3449 9.
1469 3435 1509 3440 —
1526 3419 1536 3435 ³
1555 3418 1667 3455 Cant„
1689 3423 1747 3451 VII,
1769 3416 1798 3445 1.
1815 3431 1856 3437 -—
1879 3413 1902 3434 ¹⁰
1916 3411 2040 3450 Judic„
2058 3418 2092 3452 v,
2112 3412 2164 3442 20.

1415 3483 1457 3523 (a)
1479 3482 1560 3514 Cret.
1580 3481 1658 3513 edit.
1680 3479 1842 3511 maxime.
1862 3493 1903 3499 —
1925 3477 1967 3517 (b)
1987 3478 2070 3507 item
2089 3476 2313 3517 Resplendeat.

2455 834 2548 859 Fran·-

2407 874 2477 902 cisci
2491 875 2549 902 dic-

1353 889 1497 940 vobis,
1534 890 1648 943 quod
1678 902 1902 943 nunquam
1935 890 2010 943 qui
2040 889 2132 931 vult
2160 901 2386 943 apparere,
2409 918 2482 944 mm·
