2633 3878
923 170 974 212 IN
1005 168 1386 212 HEXAEMERON.
1414 170 1589 212 SERMO
1620 173 1686 214 VI.
2325 190 2376 229 65

234 262 391 302 natura
409 261 610 314 patiatur,
630 272 728 315 quae
744 259 933 313 corporis
945 271 1050 300 usus
1063 258 1263 312 requirit;

233 331 514 384 fortitudinis,
535 345 623 374 non
646 331 795 373 terreri
820 331 1008 372 animam
1030 342 1054 371 a
1075 342 1263 384 corpore,

232 403 544 456 quodammodo
575 403 705 444 ductu
736 401 1031 455 philosophiae,
1068 401 1266 442 receden-

231 476 333 522 tem,
367 487 445 515 nec
473 473 739 515 altitudinem
771 473 964 526 perfectae
993 473 1042 513 ad
1079 484 1264 525 superna

230 546 484 587 ascensionis
514 545 709 596 horrere;
728 545 905 598 Justitiae
921 577 931 595 ‚
953 545 1003 585 ad
1026 556 1157 585 unam
1177 545 1263 584 hu-

225 618 299 670 jns
315 616 512 671 propositi
536 616 646 657 viam
669 616 906 658 consentire
922 615 1263 668 uniuscnjusque

231 688 400 730 virtutis
429 688 696 741 obsequium.
722 703 742 726 »
779 688 919 741 Atque
945 688 1003 728 ita
1032 688 1107 737 fit,
1129 690 1177 728 ut
1196 700 1261 728 se-

229 759 415 800 cundum
436 759 516 800 hoc
540 762 629 800 tam
653 760 804 812 rigidae
837 759 1100 801 diffinitionis
1131 759 1260 800 abru-

229 834 372 884 ptum,
394 831 465 872 alii
493 844 639 873 rerum
667 831 936 885 publicarum
955 833 1139 871 rectores
1161 831 1261 871 boni

228 903 403 944 omnino
419 916 509 945 esse
528 916 617 945 non
638 904 815 957 possint.
837 903 918 944 Sed
940 902 1130 943 Plotinus
1150 902 1262 943 inter

227 974 506 1028 philosophiae
532 976 788 1029 professores
818 988 916 1016 cum
940 974 1111 1015 Platone
1140 975 1256 1028 prin-

189 1034 193 1043 '
225 1058 337 1099 ceps,
359 1047 402 1087 in
423 1047 529 1088 libro
549 1048 608 1088 De
631 1047 890 1098 Virtutibus,
911 1047 1073 1100 gradus
1093 1059 1257 1097 earum,

224 1131 325 1161 vera
345 1122 386 1161 et
403 1119 587 1160 naturali
607 1120 812 1161 divisione
838 1122 880 1161 et
902 1120 1064 1160 ratione
1085 1131 1258 1173 compo-

75 1212 205 1244 Quatuor
224 1191 338 1241 sitos,
363 1204 438 1244 per
465 1191 656 1232 ordinem
684 1191 855 1243 digerit.
891 1206 910 1230 «
944 1191 1148 1243 Quatuor,
1190 1191 1256 1232 in-

81 1260 189 1287 genera

62 1295 203 1322 virtutum

223 1263 342 1316 quit,
365 1265 466 1304 sunt
490 1266 799 1316 quaternarum
824 1274 984 1314 genera
1012 1263 1224 1305 virtutum
1246 1277 1253 1301 :

222 1347 276 1376 ex
304 1335 372 1375 his
400 1334 550 1387 primae
580 1334 762 1388 politicae
791 1337 1026 1386 vocantur,
1058 1335 1256 1376 secundae

222 1407 513 1460 purgatoriae,
552 1407 688 1448 tertiae
737 1407 868 1447 animi
907 1408 998 1459 Jam
1049 1407 1252 1460 purgati,

220 1481 384 1531 quartas
410 1478 687 1531 exemplares.
710 1478 760 1519 Et
781 1481 883 1519 sunt
910 1478 1090 1530 politicae
1114 1478 1252 1519 homi-

218 1549 310 1598 nis,
333 1549 434 1602 quia
461 1549 613 1590 sociale
639 1549 798 1590 animal
822 1553 885 1590 est
906 1564 914 1590 :
942 1549 1011 1589 his
1044 1550 1144 1590 honi
1170 1549 1253 1592 viri

218 1618 474 1672 Reipublicae
502 1621 758 1673 consulunt,
796 1621 925 1662 urbes
957 1624 1154 1672 tuentur3
1186 1621 1253 1661 his

215 1690 410 1741 parentes
444 1693 723 1741 venerantur,
758 1689 914 1731 liberos
952 1692 1109 1739 amant,
1151 1701 1251 1742 pro—

212 1759 352 1800 ximos
369 1760 582 1812 diligunt;
606 1761 675 1802 his
704 1761 866 1803 civium
887 1762 1065 1803 salutem
1090 1761 1251 1813 guber-

212 1834 334 1882 nant;
374 1831 442 1872 his
477 1832 613 1873 socios
644 1832 948 1886 circumspecta
980 1832 1250 1887 providentia

211 1906 460 1956 protegunt,
479 1904 599 1956 ,iusta
616 1903 866 1946 liberalitate
890 1905 1125 1946 devincunt
1149 1919 1156 1945 ε

284 2050 411 2092 Hisque
429 2049 482 2082 sui
500 2058 672 2083 memores
693 2049 776 2082 alios
795 2049 907 2082 fecere
927 2049 1092 2082 merendo
1111 2053 1130 2080 ¹.

260 2212 279 2236 n
298 2197 350 2238 Et
369 2199 430 2238 est
446 2196 603 2250 politici
623 2196 847 2249 prudentia
868 2195 921 2236 ad
941 2195 1117 2237 rationis
1143 2208 1245 2238 nor-

208 2282 346 2321 mam,
365 2281 462 2323 quae
482 2269 668 2322 cogitat,
693 2280 979 2322 quaecumque
1000 2269 1118 2321 agit,
1142 2270 1242 2311 uni-

206 2353 329 2383 versa
347 2341 532 2394 dirigere
544 2372 556 2392 ,
579 2353 628 2381 ac
648 2340 756 2381 nihil
776 2342 932 2393 praeter
950 2343 1116 2382 rectum
1135 2341 1244 2383 velle

183 2397 275 2455 ἸνεᾰΙ
303 2414 462 2463 facere,
492 2412 784 2464 humanisque
812 2411 1003 2462 actibus,
1033 2416 1242 2465 tanquam

203 2483 358 2525 divinis
392 2483 592 2534 arbitriis,
627 2483 864 2536 providere.
902 2483 1143 2525 Prudentiae
1173 2484 1239 2524 in-

204 2557 304 2594 sunt
321 2554 442 2604 ratio,
465 2553 719 2602 intellectus,
742 2553 1080 2607 circumspectio,
1095 2552 1238 2607 provi-

202 2624 365 2676 dentia,
407 2625 595 2666 docilitas
612 2657 622 2674 ‚
663 2625 818 2667 cautio.
863 2624 1139 2666 Fortitudinis
1178 2628 1241 2667 est

201 2696 395 2738 animum
415 2709 542 2750 supra
562 2697 735 2751 periculi
753 2700 918 2738 metum
943 2709 1088 2749 agere,
1113 2697 1239 2738 nihil-

199 2779 283 2820 que
303 2768 383 2808 nisi
406 2769 548 2824 turpia
568 2769 735 2820 timere,
759 2768 942 2810 tolerare
960 2768 1144 2819 fortiter,
1170 2769 1237 2810 vel

198 2851 416 2893 prospera,
432 2841 500 2882 vel
514 2841 707 2882 adversa.
730 2840 950 2882 Fortitudo
963 2844 1136 2894 praestat
1150 2853 1236 2882 ma-

200 2911 542 2963 gnanimitatem,
561 2913 856 2962 constantiam,
879 2912 1097 2963 fiduciam,
1120 2924 1236 2953 secu—

197 2981 381 3031 ritatem,
397 2984 778 3036 magnificentiam,
794 2982 1079 3035 tolerantiam,
1102 2984 1234 3024 firmi-

198 3053 660 3108 tatem.Temperantiae
676 3058 738 3096 est
755 3054 862 3095 nihil
881 3058 1077 3108 appetere
1091 3055 1232 3096 dimit-

197 3126 394 3178 tendum,
423 3127 468 3167 in
485 3127 602 3168 nullo
626 3128 766 3180 legem
786 3126 1087 3167 moderationis
1106 3140 1229 3168 exce-

195 3197 309 3250 dere,
331 3199 409 3239 sub
425 3200 538 3252 Jugo
555 3199 731 3240 rationis
748 3198 1023 3252 cupiditatem
1038 3198 1227 3241 domare.

194 3268 537 3324 Temperantiam
557 3270 749 3324 sequitur
770 3269 974 3311 modestia
988 3302 997 3318 ,
1021 3282 1230 3311 verecun-

193 3341 278 3393 dia,
306 3342 576 3395 abstinentia,
606 3342 788 3394 castitas,
825 3341 1049 3392 honestas,
1077 3342 1228 3384 mode-

237 3503 244 3521 ¹
269 3501 378 3544 virg.,
397 3500 547 3543 AEneid.,
567 3500 626 3534 nb.
646 3501 703 3534 v1.

360 3571 460 3602 Tou.
490 3573 551 3603 lx.

1344 260 1481 301 rantia
1492 261 1559 302 vel
1568 263 1814 316 moderatio,
1826 268 2019 320 parcitas,
2028 271 2245 324 sobrietas,
2258 276 2376 327 pudi-

1343 331 1454 372 citia.
1487 332 1668 375 Justitiae
1700 338 1762 375 est
1799 349 1968 381 servare
2002 343 2235 398 unicuique
2262 347 2374 399 quod

1342 414 1471 443 suum
1485 406 1560 444 est.
1577 403 1625 445 Et
1638 405 1688 446 de
1699 407 1867 458 Justitia
1878 412 1995 452 venit
2008 413 2262 468 innocentia,
2274 418 2376 458 ami-

1342 473 1451 524 citia,
1472 477 1709 527 concordia,
1730 478 1876 530 pietas,
1897 481 2067 535 religio,
2089 486 2279 539 affectus,
2296 490 2375 530 hu-

1341 545 1537 586 manitas.
1562 546 1634 587 His
1653 549 1909 601 virtutibus,
1931 553 1998 593 vir
2026 554 2162 597 bonus
2185 560 2374 612 primum

1341 616 1422 667 sui,
1444 620 1572 671 atque
1593 619 1742 661 deinde
1756 622 2001 674 reipublicae
2022 630 2157 667 rector
2177 631 2372 684 efficitur,

1334 686 1450 737 Juste
1468 700 1516 728 ac
1535 690 1711 742 provide
1733 694 1979 744 gubernans
2000 696 2210 751 humana,
2233 701 2375 745 divina

1339 769 1424 798 non
1447 759 1658 801 deserens.

1391 845 1409 868 »
1436 830 1656 885 Secundae,
1681 847 1786 888 quas
1805 840 2077 890 purgatorias
2110 847 2277 895 vocant,
2300 846 2373 886 ho-

1338 902 1468 944 minis
1488 907 1589 945 sunt
1611 907 1684 959 qui
1718 908 1851 949 divini
1885 922 2019 964 capax
2051 916 2125 964 est,
2149 916 2373 970 solumque

1337 974 1531 1015 animum
1563 978 1657 1029 ejus
1684 980 1940 1032 expediunt,
1972 984 2047 1035 qui
2072 985 2256 1027 decrevit
2285 1000 2328 1028 se
2350 1001 2375 1029 a

1337 1046 1524 1098 corporis
1569 1050 1825 1102 contagione
1865 1064 2074 1105 purgare,
2115 1059 2156 1097 et
2188 1058 2372 1110 quadam

1335 1117 1629 1160 humanorum
1659 1121 1789 1174 fuga,
1818 1123 1916 1164 solis
1950 1125 2162 1168 inhaerere
2197 1129 2368 1170 divinis.

1335 1188 1410 1230 Hae
1439 1194 1538 1232 sunt
1567 1193 1824 1247 otiosorum⁷
1852 1197 1925 1249 qui
1952 1210 1977 1237 a
2005 1210 2151 1239 rerum
2184 1202 2373 1253 publica-

1333 1272 1432 1301 rum
1470 1263 1634 1305 actibus
1672 1278 1716 1306 se
1755 1271 2034 1320 sequestrant.
2069 1270 2230 1312 Harum
2270 1274 2372 1326 quid

1333 1332 1517 1384 singulae
1537 1335 1690 1386 velint,
1716 1339 1911 1390 superius
1940 1343 2250 1394 expressimus,
2274 1357 2371 1385 cum

1331 1403 1382 1444 de
1414 1405 1648 1448 virtutibus
1683 1409 2076 1464 philosophantium
2104 1415 2367 1468 diceremus,

1330 1487 1437 1528 quas
1466 1477 1574 1519 solas
1601 1479 1776 1532 quidem
1807 1483 2130 1527 aestimaverunt
2158 1499 2247 1528 esse
2276 1488 2369 1530 vir-

1329 1550 1457 1589 tutes.

1382 1635 1400 1658 ))
1421 1620 1572 1664 Tertiae
1585 1626 1685 1664 sunt
1699 1627 1874 1678 purgati
1887 1628 1976 1679 jam
1993 1629 2267 1685 defaecatique
2282 1634 2369 1674 ani-

1327 1692 1410 1743 mi,
1449 1696 1490 1734 et
1524 1695 1577 1734 ab
1619 1696 1738 1736 omni
1778 1697 1912 1751 hujus
1953 1701 2101 1742 mundi
2141 1706 2368 1757 aspergine

1325 1775 1468 1816 presse
1499 1778 1691 1820 pureque
1722 1767 1889 1810 detersi.
1924 1769 2011 1812 lllic
2042 1774 2282 1826 prudentias
2305 1780 2367 1819 est

1325 1835 1470 1877 divina
1489 1849 1577 1879 non
1605 1839 1725 1891 quasi
1746 1839 1792 1880 in
1821 1840 2024 1884 electione
2043 1846 2258 1899 praeferre,
2292 1850 2364 1890 sed

1324 1907 1413 1948 sola
1432 1920 1578 1960 nosse,
1602 1913 1642 1950 et
1662 1910 1755 1951 haec
1774 1943 1785 1963 ,
1808 1915 2011 1966 tanquam
2034 1917 2142 1958 nihil
2161 1918 2276 1960 aliud
2295 1920 2362 1971 sit,

1323 1979 1496 2021 intueri.
1543 1981 1853 2035 Temperantiae
1882 1989 1944 2027 est
1976 1990 2164 2031 terrenas
2197 1992 2361 2045 cupidi-

1322 2054 1426 2093 tates
1454 2066 1540 2094 non
1565 2055 1798 2108 reprimere
1815 2089 1824 2107 ‚
1857 2059 1928 2099 sed
1953 2061 2120 2112 penitus
2150 2063 2358 2107 oblivisci.

1321 2123 1600 2167 Fortitudinis
1639 2131 1702 2169 est
1749 2130 1966 2182 passiones
2002 2133 2229 2188 ignorare,
2272 2149 2360 2178 non

1320 2197 1446 2238 modo
1478 2198 1669 2251 vincere,
1698 2204 1746 2241 ut
1771 2202 1930 2243 nesciat
1954 2204 2102 2258 irasci,
2133 2208 2358 2262 cupiatque

1317 2269 1440 2312 nihil.
1462 2270 1484 2312 J
1488 2271 1644 2313 ustitiae
1664 2275 1727 2313 est
1746 2273 1804 2315 ita
1824 2287 1924 2316 cum
1946 2289 2131 2331 superna
2151 2282 2192 2320 et
2209 2281 2357 2323 divina

1319 2345 1459 2384 mente
1478 2343 1653 2396 sociari,
1673 2347 1721 2386 ut
1740 2349 1880 2389 servet
1908 2360 2005 2390 cum
2027 2361 2076 2391 ea
2098 2356 2352 2406 perpetuum

1315 2413 1453 2454 foedus
1475 2414 1696 2457 imitando.

1369 2499 1387 2522 n
1415 2484 1590 2533 Quartae
1616 2490 1718 2528 sunt
1744 2491 2029 2545 exemplares,
2059 2505 2156 2546 quae
2184 2496 2228 2536 in
2260 2497 2351 2550 ipsa

1315 2555 1458 2597 divina
1478 2561 1618 2598 mente
1638 2560 1888 2611 consistunt,
1911 2575 2041 2616 quam
2061 2565 2249 2608 diximus
2269 2573 2349 2609 νοῦν

1314 2628 1480 2679 vocari,
1509 2641 1534 2669 a
1562 2642 1748 2683 quarum
1770 2635 1965 2687 exemplo
1997 2636 2173 2691 reliqua}
2201 2651 2348 2682 omnes

1313 2711 1389 2753 per
1415 2701 1609 2743 ordinem
1638 2703 1846 2746 defluunt.
1876 2705 1982 2748 Nam
2011 2710 2045 2749 si
2074 2723 2220 2752 rerum
2247 2713 2347 2754 alia-

1312 2783 1432 2823 rum,
1465 2773 1599 2814 multo
1631 2776 1772 2827 magis
1802 2777 2012 2821 virtutum
2044 2782 2149 2824 ideae
2185 2796 2276 2826 esse
2301 2786 2346 2827 in

1310 2846 1453 2885 mente
1479 2845 1624 2887 divina
1648 2848 1894 2891 creduntur.
1925 2851 2013 2894 Illic
2039 2855 2265 2907 prudentia
2283 2862 2346 2900 est

1308 2915 1402 2969 ipsa
1420 2929 1540 2958 mens
1559 2918 1721 2960 divina.
1755 2920 2075 2977 Temperantia,
2099 2928 2211 2979 quod
2232 2928 2277 2970 in
2300 2942 2343 2971 se

1306 2992 1509 3041 perpetua
1530 2989 1763 3033 intentione
1780 3005 1986 3037 conversa
2005 3000 2080 3038 est.
2105 2997 2339 3052 Fortitudo,

1306 3059 1420 3111 quod
1440 3072 1609 3113 semper
1627 3061 1740 3103 idem
1762 3067 1846 3116 est,
1863 3079 1939 3108 nec
1959 3067 2186 3121 aliquando
2206 3075 2341 3113 muta-

1305 3134 1389 3172 tur.
1412 3130 1581 3173 Justitia
1613 3136 1780 3187 autem,
1821 3138 1936 3190 quod
1971 3142 2145 3192 perenni
2182 3142 2277 3195 lege
2314 3156 2339 3184 a

1304 3203 1560 3256 sempiterna
1600 3207 1742 3259 operis
1783 3209 1850 3249 sui
1892 3211 2208 3254 continuatione
2250 3227 2337 3256 non

1303 3275 1500 3317 flectitur.
1534 3276 1634 3318 Haec
1670 3282 1770 3320 sunt
1809 3284 2112 3334 quaternarum
2153 3288 2337 3338 quatuor

1301 3358 1461 3399 genera
1479 3348 1709 3401 virtutum,
1731 3363 1828 3404 quae
1850 3355 2004 3405 praeter
2023 3356 2175 3397 caetera
2195 3358 2332 3398 maxi-

1302 3431 1417 3460 mam
1454 3420 1495 3460 in
1542 3422 1808 3474 passionibus
1849 3423 2006 3466 habent
2051 3427 2332 3470 differentiam

1300 3492 1381 3532 sui.
1406 3505 1425 3530 n
1453 3492 1680 3547 Hucusque
1702 3494 1908 3537 Plotinus.

2149 3575 2173 3612 5

2421 356 2538 382 ,lustitia

2397 401 2476 429 quid.
