2633 3878
243 269 319 307 474

241 354 433 391 infrunitas
453 363 501 389 ne
521 352 652 389 tradas
670 362 747 388 me.
767 364 785 386 »
805 352 923 398 liujus
936 361 1054 388 causa
1070 349 1268 397 petitionis

242 419 296 452 est
336 414 508 451 formido
545 412 746 450 rationalis
793 412 1021 449 aversionis.
1064 413 1114 448 De
1159 411 1267 448 tertio

240 476 421 514 scribitur
451 487 474 514 a
503 474 835 522 Psalmograph0¹
872 486 879 509 :
924 487 941 508 α
973 476 1024 511 Ne
1053 473 1170 510 simul
1192 476 1267 510 tra-

241 539 309 575 das
328 538 377 585 (a)
399 548 461 574 me
482 548 572 574 cum
591 536 864 585 peccatoribus
878 564 889 581 ,
918 539 953 572 ct
984 545 1073 571 cum
1095 545 1266 582 operan-

239 601 343 637 tibus
366 599 610 647 iniquitatem
630 609 677 635 ne
702 598 844 645 perdas
869 607 944 634 me.
967 611 985 631 ι)
1006 597 1125 644 Hujus
1150 607 1270 634 causa

239 661 435 709 petitionis
449 689 460 707 ,
482 664 538 698 est
567 659 739 697 formido
759 658 987 706 gehennalis
1018 658 1267 695 animadver-

241 723 376 761 sionis.

570 769 758 805 Articulus
779 771 943 815 quartus.

291 846 462 884 Defectus
479 846 692 893 superandi
710 844 967 882 subscribitur
983 855 1053 893 per
1064 845 1140 882 hoc
1154 844 1271 892 scrip·

240 912 324 945 tum
345 920 354 944 :
379 908 687 944 Calumniantibus
705 918 778 954 me,
800 907 912 955 quasi
932 917 1114 954 superare
1135 906 1268 943 valen-

242 970 344 1007 tibus
377 980 459 1007 non
497 969 694 1006 valentem
731 980 929 1016 superare.
968 968 1075 1005 Tales
1117 968 1267 1004 calum-

241 1033 411 1070 niatores
439 1035 528 1069 sunt
560 1033 833 1080 poenitentium
864 1032 1144 1076 subversores,
1173 1031 1272 1068 sicut

243 1096 410 1144 AEgyptii
444 1095 693 1132 Hebraeorum
731 1093 938 1130 infantium
973 1093 1268 1141 submersores3

241 1160 303 1197 vel
333 1159 601 1207 incipientium
632 1167 896 1205 perversores,
925 1156 1033 1193 velut
1061 1156 1270 1194 Herodiani

241 1222 499 1270 parvulorum
520 1219 784 1256 innocentium
810 1221 1091 1266 peremptores.
1115 1221 1158 1254 Et
1177 1221 1271 1256 nota

241 1284 313 1320 tria
339 1283 441 1319 circa
469 1281 751 1318 calumniantes
775 1279 993 1316 maleficia:
1019 1280 1163 1317 scilicet
1189 1281 1270 1317 cul-

239 1355 332 1393 pam
352 1343 614 1388 inferentium,
629 1352 789 1389 poenam
809 1341 1092 1386 sufferentium,
1112 1342 1270 1378 ruinam

240 1405 483 1444 audientium
511 1417 519 1441 ;
546 1415 632 1452 quae
651 1406 834 1441 curantur
861 1414 932 1451 per
960 1404 1033 1440 tria
1053 1403 1270 1450 beneficia,

239 1469 422 1505 videlicet
440 1477 510 1515 per
529 1466 875 1511 interventionem,
896 1466 1214 1512 subventionem,
1233 1469 1272 1503 et

241 1530 391 1567 consilii
418 1528 682 1566 convenientis
709 1527 1040 1565 adinventionem.
1063 1527 1099 1564 Si
1119 1528 1178 1563 vis
1198 1528 1270 1564 ita-

241 1603 317 1640 que
338 1591 588 1628 inserentium
606 1591 822 1627 calumnias
840 1590 1000 1637 culpam
1024 1600 1178 1635 curare,
1201 1589 1270 1626 de-

241 1655 310 1691 bes
348 1653 599 1699 intervenire3
634 1653 666 1689 si
703 1652 762 1688 vis
802 1652 1070 1690 sufferentium
1107 1662 1270 1699 poenam

242 1727 405 1762 curare,
437 1716 559 1753 debes
593 1715 826 1760 subvenire3
864 1715 895 1751 si
934 1715 991 1750 vis
1025 1714 1271 1751 audientium

241 1779 398 1815 ruinam
429 1788 594 1823 curare,
634 1777 756 1814 debes
794 1776 1002 1814 consilium
1034 1776 1273 1814 conveniens

241 1840 483 1877 adinvenire.
515 1842 565 1877 De
597 1839 725 1887 primo
745 1840 758 1861 2
791 1850 798 1874 :
837 1852 854 1872 «
883 1839 994 1875 Orate
1014 1848 1087 1886 pro
1119 1838 1271 1875 calum-

239 1902 438 1939 niantibus
466 1911 537 1938 vos
557 1913 565 1937 ε
587 1914 606 1935 »
629 1911 718 1937 ecce
744 1900 982 1937 beneficium
1007 1899 1272 1936 intervenien-

238 1964 338 2000 tium
357 1965 493 2000 contra
513 1963 671 2010 culpam
689 1962 949 1999 inferentium.
966 1964 1017 1998 De
1037 1961 1211 1998 secundo
1228 1963 1242 1985 ³
1259 1973 1268 1998 :

243 2039 259 2056 ι(
281 2025 408 2062 Eruite
422 2026 459 2061 vi
476 2035 710 2073 oppressum
728 2024 777 2061 de
796 2035 918 2061 manu
935 2023 1210 2060 calumniantis
1225 2035 1234 2060 ε
1249 2037 1267 2058 n

241 2099 330 2125 ccce
351 2088 587 2125 beneficium
613 2087 929 2124 subvenientium
951 2089 1086 2123 contra
1112 2096 1272 2133 poenam

240 2150 523 2187 sufferentium.
544 2151 594 2186 De
615 2149 728 2187 tertio
746 2150 759 2171 ¹⁶
782 2161 790 2186 ε
822 2162 840 2183 ι(
868 2148 932 2184 Vir
956 2158 1109 2195 pauper
1128 2148 1272 2184 calum-

240 2214 352 2250 nians
370 2224 585 2261 pauperes,
606 2212 743 2249 similis
764 2216 820 2249 est
838 2212 956 2249 imbri
976 2212 1212 2258 vehementi,
1232 2212 1272 2248 in

243 2287 324 2324 quo
361 2279 522 2322 paratur
560 2275 696 2311 fames.
745 2288 764 2309 n
804 2274 896 2319 Quis
932 2276 989 2310 est
1024 2273 1084 2310 vir
1121 2283 1273 2321 pauper

242 2337 486 2374 calumnians
518 2346 712 2384 pauperes
723 2364 734 2382 ,
764 2335 838 2371 nisi
869 2335 928 2371 vir
958 2337 1135 2382 apostata
1166 2335 1272 2372 viros

242 2398 487 2436 calumnians
521 2397 750 2444 regulares?
786 2397 851 2434 Hic
888 2397 1025 2433 similis
1062 2401 1117 2434 est
1154 2397 1272 2434 imbri

244 2460 464 2498 vehementi
497 2459 785 2497 calumniarum
821 2459 997 2507 pluviam
1030 2459 1271 2497 effundendo

244 2524 284 2559 in
316 2521 514 2560 audientia
539 2521 741 2558 saeculari:
777 2521 817 2557 in
837 2532 916 2569 quo
939 2521 1061 2558 sames
1091 2524 1270 2569 paratur,

245 2584 339 2632 quia
359 2583 455 2621 dum
479 2583 602 2632 pietas
627 2583 871 2620 saecularium
901 2583 1130 2629 obturatur,
1149 2584 1272 2621 fames

245 2646 486 2693 regularium
516 2647 772 2693 procuratur3
809 2645 879 2682 sed
909 2645 1145 2682 conveniens
1178 2657 1272 2683 con-

247 2709 379 2745 silium
424 2707 620 2744 invenitur
638 2736 647 2752 ‚
687 2708 718 2744 si
756 2707 871 2744 stulto
909 2707 1122 2744 secundum
1161 2719 1273 2745 suam

248 2770 448 2807 stultitiam
482 2771 768 2817 respondetur,
801 2769 996 2814 dicendo,
1033 2770 1223 2817 quoniam
1260 2772 1273 2793 ⁵

253 2845 269 2865 α
286 2832 408 2869 homo
431 2834 621 2879 apostata,
640 2831 700 2868 vir
715 2831 874 2877 inutilis,
890 2844 907 2865 »
937 2833 993 2868 est
1014 2830 1271 2868 incredibilis.

249 2895 324 2929 Nec
344 2892 526 2936 dubium,
546 2892 655 2940 quod
674 2892 738 2929 ille
754 2903 824 2940 per
844 2893 1085 2930 calumniam
1104 2893 1232 2930 audiri
1251 2904 1275 2930 a

250 2954 433 3002 proximo
474 2964 553 2990 non
590 2957 785 3001 meretur,
824 2956 892 3002 qui
929 2965 1000 3001 per
1037 2956 1274 3003 apostasiam

249 3015 405 3052 mentiri
426 3016 590 3052 Domino
610 3026 692 3052 non
711 3019 866 3053 veretur
897 3028 904 3052 :
928 3027 1016 3053 ecce
1036 3017 1274 3054 beneficium

250 3077 584 3115 adinvenientium
603 3080 739 3114 contra
753 3078 910 3114 ruinam
928 3078 1184 3116 audientIum.

676 3184 848 3226 Epilogus.

298 3264 356 3301 Ait
373 3274 468 3311 ergo
482 3263 689 3311 Propheta,
706 3266 895 3312 tanquam
908 3274 1077 3313 persona
1095 3265 1275 3302 nondum

253 3326 304 3362 ad
328 3326 517 3373 aequitatis
535 3325 815 3373 perfectionem
844 3329 1053 3374 provecta:
1075 3328 1156 3363 Feci
1171 3327 1276 3372 judi-

253 3389 368 3431 cium,
402 3391 593 3434 quantum
617 3388 670 3425 ad
693 3387 912 3436 profectum
938 3388 1208 3435 deliberandi3
1230 3390 1276 3425 Et

295 3471 307 3493 ¹
323 3470 410 3504 Psal.
431 3479 540 3513 xxvii,
565 3474 595 3504 3.
619 3490 654 3498 —
673 3472 685 3491 ²
700 3473 790 3513 Luc„
812 3481 859 3509 v1,
884 3474 936 3505 28.
956 3490 995 3496 —
1015 3472 1028 3494 ³
1044 3474 1182 3513 Jerem„
1202 3479 1275 3513 xxi,

257 3519 305 3550 12.
321 3535 361 3541 —
380 3518 394 3540 ⁸
411 3518 521 3559 Prov.,
541 3527 665 3560 xxviii,
685 3521 715 3552 3.
736 3537 777 3544 -
795 3521 808 3543 ⁸
827 3520 940 3560 Prov.,
961 3526 1006 3561 vr,
1027 3521 1078 3552 12.
1098 3536 1134 3544 —
1158 3519 1170 3538 ⁸
1186 3517 1275 3552 psal.

938 260 1208 303 EXPOSlTlO
1239 260 1289 302 IN
1322 261 1668 303 PSALTERlUM.

1335 351 1539 397 justitiam,
1576 353 1765 398 quantum
1803 350 1854 387 ad
1891 350 2110 396 profectum
2147 352 2338 397 operandi
2353 365 2364 398 3

1341 423 1410 448 non
1430 413 1551 449 Irazlus
1567 422 1633 458 me,
1655 414 1846 460 quantum
1865 411 1916 448 ad
1936 410 2131 448 defectum
2149 411 2366 459 tolerandi3

1345 475 1655 511 Calumm'antibus
1676 484 1740 515 mc,
1763 476 1955 521 quantum
1971 473 2022 510 ad
2042 472 2237 509 defectum
2256 483 2368 520 supe-

1341 535 1468 572 randi.

1716 631 1936 658 VERSICULUS
1961 633 1998 657 X.

1395 726 1475 761 122.
1492 723 1640 769 Suscipc
1659 732 1797 758 servum
1818 725 1931 768 tuum,
1947 724 2017 759 etc.
2032 722 2135 759 Sicut
2149 722 2373 759 audivimus

1342 796 1413 832 per
1432 795 1591 821 versum
1604 784 1890 831 praecedentem
1905 783 2239 820 adolescentulam
2254 784 2373 832 aequi-

1343 849 1461 883 tatem
1482 846 1698 883 calumnias
1731 844 1989 893 expaventem
2005 874 2015 891 ,
2036 846 2090 882 sic
2118 845 2253 882 audire
2280 855 2372 893 pos—

1343 919 1478 945 sumus
1525 918 1595 955 per
1641 910 1869 955 praesentem
1915 907 2041 955 ipsam
2090 907 2373 944 calumniantes

1342 969 1509 1018 provide
1543 972 1848 1017 praecaventem
1881 969 1975 1017 quia
2006 969 2198 1017 Propheta
2230 968 2296 1005 tali
2332 979 2372 1006 se

1344 1042 1666 1069 commensurans
1685 1031 1783 1068 aetati
1799 1060 1810 1078 ,
1832 1030 1899 1068 tali
1929 1041 1968 1067 se
1996 1030 2231 1068 collimitans
2250 1031 2372 1079 aequi-

1343 1095 1424 1141 tati,
1455 1094 1551 1142 petit
1578 1093 1769 1142 acceptari
1808 1104 1923 1130 suum
1961 1092 2161 1130 servitium
2196 1095 2374 1140 respectu

1343 1156 1544 1193 bonorum
1574 1155 1851 1203 operabilium,
1885 1166 1967 1192 non
2003 1155 2201 1192 malorum
2231 1154 2374 1192 tolera-

1343 1218 1512 1255 bilium:
1545 1217 1735 1265 quoniam
1768 1218 1844 1254 hoc
1871 1217 2071 1254 servitium
2107 1217 2239 1263 facile,
2274 1216 2375 1253 illud

1345 1280 1504 1317 difficile
1516 1292 1527 1323 ;
1550 1279 1626 1316 hoc
1646 1280 1747 1316 aetati
1771 1291 1848 1316 suae
1874 1279 2102 1327 comparile,
2122 1278 2224 1315 illud
2243 1278 2373 1327 dispa-

1343 1343 1414 1380 rile
1437 1356 1445 1379 :
1477 1343 1653 1379 scribens
1678 1343 1730 1379 ita
1753 1354 1760 1379 :
1793 1343 1961 1388 Suscipe,
1991 1344 2088 1388 etc.;
2112 1341 2224 1389 quasi
2244 1341 2372 1377 dicat:

1345 1407 1396 1443 Sit
1415 1406 1485 1443 tibi
1506 1406 1668 1443 servitus
1688 1405 1955 1453 acceptabilis,
1978 1404 2150 1450 humilis,
2170 1403 2319 1450 hilaris,
2339 1406 2376 1441 et

1344 1469 1546 1506 rationalis
1569 1481 1577 1504 :
1598 1480 1687 1506 ecce
1715 1472 1884 1517 quatuor
1916 1468 2160 1505 conditiones
2190 1468 2376 1514 morales,

1346 1532 1567 1568 secundum
1603 1531 1766 1568 totidem
1805 1530 2138 1568 considerationes
2174 1530 2374 1577 causales3

1345 1594 1526 1630 videlicet
1547 1593 1693 1630 servitii
1713 1593 2020 1640 acceptabilitas,
2039 1592 2252 1639 humilitas,
2277 1592 2375 1629 hila-

1344 1657 1460 1702 ritas,
1495 1655 1812 1692 rationabilitas:
1853 1666 2022 1703 quarum
2058 1655 2186 1702 prima
2221 1653 2377 1702 respicit

1347 1729 1506 1755 causam
1533 1718 1718 1763 finalem3
1741 1717 1914 1754 secunda
1934 1728 2094 1754 causam
2115 1716 2372 1764 efficientem3

1345 1780 1456 1817 tertia
1476 1790 1636 1817 causam
1654 1779 1863 1816 formalem
1880 1792 1890 1826 3
1913 1781 2054 1826 quarta
2072 1788 2232 1816 causam
2250 1781 2373 1815 mate·

1345 1842 1497 1879 rialem.

1679 1889 1869 1924 Articulus
1890 1890 2044 1934 primus.

1394 1964 1690 2014 Acceptabilitas
1728 1965 1987 2012 praenotatur,
2031 1975 2122 2001 cum
2162 1964 2373 2002 scribitur:

1346 2029 1520 2075 Suscipe:
1548 2027 1648 2064 illud
1680 2037 1853 2074 namque
1886 2027 2028 2074 suscipi
2064 2026 2231 2073 dicitur,
2266 2028 2376 2075 quod

1346 2094 1501 2138 gratum
1533 2092 1569 2126 et
1602 2091 1806 2137 acceptum
1836 2089 2016 2125 habetur.
2048 2088 2156 2125 Unde
2188 2082 2375 2126 Dominus

1346 2153 1435 2189 illos
1460 2150 1638 2199 suscipit,
1661 2161 1761 2198 quos
1781 2150 1855 2187 sibi
1886 2152 2018 2196 gratos
2041 2152 2078 2187 et
2096 2152 2276 2198 acceptos
2294 2150 2377 2188 effi-

1347 2215 1409 2251 cit.
1450 2213 1515 2250 Hic
1552 2212 1803 2257 notandum,
1844 2212 1956 2259 quod
1994 2212 2180 2249 Dominus
2217 2213 2377 2260 suscipit

1347 2274 1601 2312 multifariam
1617 2285 1625 2309 :
1643 2273 1835 2321 quosdam
1853 2283 1921 2320 per
1936 2273 2101 2319 gratiam
2119 2271 2374 2318 initiativam;

1348 2336 1544 2385 quosdam
1567 2347 1637 2383 per
1670 2335 1836 2382 gratiam
1865 2334 2132 2382 provectivam
2147 2347 2156 2381 3
2180 2335 2376 2382 quosdam

1346 2409 1417 2447 per
1438 2398 1605 2446 gratiam
1623 2396 1889 2444 perfectivam.
1915 2396 2043 2433 Primo
2064 2396 2198 2441 {modo
2218 2397 2378 2444 suscipit

1347 2460 1500 2498 bonum
1520 2459 1805 2505 desiderantes;
1825 2457 2020 2504 secundo,
2039 2458 2192 2494 bonum
2210 2468 2377 2506 operan-

1348 2528 1427 2570 tes3
1449 2525 1585 2569 tertio,
1607 2523 1757 2560 malum
1784 2522 1824 2559 in
1850 2522 1958 2559 bono
1981 2523 2222 2570 superantes.
2249 2522 2378 2559 Prima

1349 2586 1544 2634 susceptio
1561 2585 1800 2632 significatur
1812 2585 1853 2621 in
1873 2584 1944 2621 illo
1958 2584 2082 2620 verbo
2096 2583 2326 2632 prophetico
2340 2585 2373 2621 ⁶:

1354 2648 1563 2696 «Suscepit
1593 2658 1659 2684 eos
1692 2647 1741 2683 de
1770 2646 1835 2683 via
1865 2646 2078 2694 iniquitatis
2109 2656 2261 2682 eorum.
2283 2659 2301 2681 »
2324 2647 2377 2683 lta

1348 2711 1612 2758 suscipiuntur
1629 2710 1862 2757 poenitentes
1887 2708 2037 2745 malum
2065 2707 2319 2753 detestantes,
2340 2711 2377 2745 et

1348 2773 1501 2810 bonum
1541 2771 1819 2809 desiderantes.
1847 2770 2024 2808 Secunda
2050 2769 2243 2817 susceptio
2275 2769 2375 2806 desi-

1348 2837 1489 2881 gnatur
1508 2862 1520 2880 ,
1546 2833 1615 2871 ubi
1645 2833 1784 2869 dicitur
1820 2832 1868 2869 de
1906 2831 2152 2879 adjutoribus
2190 2829 2310 2868 David
2332 2833 2373 2867 ⁷:

1354 2909 1371 2929 «
1399 2896 1572 2944 Suscepit
1605 2906 1671 2932 eos
1705 2894 1852 2940 David,
1888 2896 1925 2930 et
1955 2892 2149 2930 constituit
2180 2892 2376 2940 principes

1349 2963 1516 2995 turmae:
1550 2971 1566 2991 ι)
1600 2957 1640 2994 hi
1678 2958 1767 2992 sunt
1804 2956 1958 2993 bonum
1995 2957 2215 3003 operantes,
2253 2954 2377 2992 Tertia

1350 3019 1544 3067 susceptio
1582 3019 1833 3065 consignatur
1852 3019 1866 3040 ⁸
1897 3029 1905 3053 z
1938 3029 1956 3051 «
1987 3016 2158 3064 Suscepit
2191 3016 2377 3053 Dominus

1349 3082 1489 3119 faciem
1516 3081 1588 3118 Job
1611 3092 1619 3116 z
1642 3095 1659 3112 n
1684 3090 1753 3127 per
1785 3089 1906 3127 quam
1940 3080 2125 3115 notantur
2154 3078 2306 3116 malum
2336 3077 2377 3114 in

1350 3144 1457 3181 bono
1478 3143 1718 3190 superantes

1665 3247 1853 3283 Articulus
1878 3245 2062 3282 secundus.

1398 3329 1599 3367 Humilitas
1618 3329 1870 3373 subnotatur,
1892 3338 1981 3365 cum
2000 3326 2181 3363 subditur
2204 3335 2212 3360 ε
2231 3325 2376 3361 Servum

1351 3395 1476 3438 tuum,
1506 3394 1696 3440 quantum
1726 3391 1778 3427 ad
1809 3389 1957 3427 humile
1990 3387 2202 3426 servitium.
2236 3387 2376 3423 Servus

1352 3471 1426 3503 cvi,
1459 3464 1506 3495 17.
1534 3480 1574 3486 —
1601 3464 1610 3482 ⁷
1641 3465 1650 3495 Ι
1683 3462 1846 3503 paralip„
1873 3468 1941 3499 xii,
1967 3462 2016 3492 18.
2041 3477 2074 3482 -—
2094 3459 2108 3481 8
2139 3457 2212 3498 Job,
2240 3465 2316 3498 xm,
2343 3460 2374 3490 9.

1396 3517 1439 3556 (α)
1464 3516 1559 3558 Vulq.
1578 3516 1703 3550 trahas.
