2633 3878
59 1668 185 1693 Damnat

59 1709 188 1743 magicas

63 1750 200 1778 scientias

213 285 238 324 8
845 264 1150 312 PRINCIPIUM
1178 263 1364 309 SACRAE
1393 263 1716 308 SCRIPTURAE.

213 370 395 413 tualitim
424 360 874 416 volucrum10antibus
904 356 1239 407 amoenissimus,

215 440 496 484 circumsonat
514 447 638 477 aures
657 435 841 482 nostras3
865 430 938 484 qui
957 428 1099 480 tangit
1119 426 1244 468 corda

216 515 380 561 nostra,
419 511 458 550 et
498 509 683 549 mentem
728 506 916 545 nostram
957 499 1244 540 contristatam

217 582 470 631 consolatur,
508 579 614 620 sicut
635 579 645 599 ¹
670 593 689 616 α
722 574 917 617 columba
943 571 1241 622 deargentata,

218 655 338 707 quus
357 651 590 706 posteriora
610 649 654 689 in
674 646 830 701 pallore
851 644 959 686 auri.
982 657 1000 681 1>
1027 641 1099 684 Est
1118 640 1246 681 etiam

216 724 376 766 fluvius
416 719 827 775 impetuosissimuS‚
865 716 1038 769 propter
1073 713 1247 766 vigores

217 794 620 839 sublimissimarum
634 789 934 832 elevationum.
944 786 1001 828 De
1011 797 1096 839 quo
1112 784 1247 826 fluvio

218 868 316 911 dicit
347 866 422 909 ιΙοὺ
441 867 454 888 ²
476 877 485 905 :
510 880 528 903 «
546 862 724 904 Fluvius
755 858 964 902 subvertit
994 857 1245 898 fundamen-

217 943 310 982 tum
338 949 485 980 eorum
520 936 547 977 ³.
569 949 586 973 n
620 950 638 973 ε(
661 931 866 975 Fluminis
888 931 1092 983 impetus,
1112 942 1131 967 >³
1168 930 1245 969 etc.

221 1028 240 1052 α
264 1016 276 1037 ⁸
298 1010 409 1052 Fons
427 1009 666 1057 hortorum,
688 1007 843 1059 puteus
869 1013 1081 1056 aquarum
1102 1000 1248 1043 viven-

221 1084 345 1133 tium,
364 1092 461 1134 quae
480 1080 622 1121 fluunt
640 1078 804 1130 impetu
819 1075 870 1116 de
884 1074 1060 1116 Libano.
1077 1086 1096 1111 »
1113 1072 1250 1122 Quam

221 1153 392 1205 torridi,
425 1155 465 1193 et
491 1163 620 1205 quam
650 1148 802 1202 tepidi,
837 1158 967 1201 quam
996 1144 1177 1196 turbidi,
1210 1146 1251 1186 et

221 1237 351 1279 quam
371 1223 531 1276 turgidi
558 1222 641 1263 sint
660 1219 783 1262 fluvii
809 1218 1044 1260 arescentes
1064 1215 1248 1257 munda·

220 1309 375 1339 narum
389 1295 675 1345 scientiarum,
689 1293 822 1345 liquet
837 1302 891 1332 ex
909 1301 958 1331 eo
975 1287 1088 1342 quod
1104 1286 1248 1339 Hugo,

219 1370 327 1411 libro
355 1366 676 1417 Didascalicon,
706 1363 855 1407 dividit
881 1362 1019 1416 prima
1044 1359 1251 1402 divisione

220 1442 413 1484 scientias
450 1441 495 1481 in
533 1438 726 1481 scientias
767 1446 906 1477 sacras
921 1465 931 1485 ‚
972 1435 1013 1474 et
1057 1431 1251 1473 scientias

220 1514 432 1564 ethnicas;
461 1510 679 1553 scientiam
707 1508 920 1551 ethnicam
944 1505 1013 1559 (a),
1043 1504 1088 1545 in
1113 1503 1248 1545 scien-

219 1586 320 1627 tiam
346 1583 677 1638 superstitiosam
693 1583 733 1622 et
752 1578 955 1629 illicitam,
973 1579 1013 1618 et
1029 1576 1248 1617 scientiam

218 1659 393 1699 licitam.
417 1655 698 1698 Scientiarum
719 1650 1125 1705 superstitiosarum,
1148 1660 1250 1702 qua-

219 1731 279 1772 les
300 1732 397 1771 sunt
422 1727 626 1780 magicae,
655 1725 736 1766 alia
763 1725 825 1765 est
854 1721 1143 1776 pyromantia,
1169 1719 1252 1760 alia

1316 367 1415 396 eum
1443 355 1496 396 sit
1523 354 1694 396 scientia
1718 354 1770 397 de
1794 366 2002 407 sermone,
2023 356 2105 398 alia
2123 356 2342 399 Gramma-

1317 428 1419 477 tica,
1444 427 1524 468 alia
1553 427 1791 479 Dialectica,
1815 427 1898 469 alia
1924 427 2161 470 Rhetorica.
2183 428 2343 471 Harum

1318 499 1416 540 duae
1435 499 1593 552 absque
1610 498 1883 551 dubitatione,
1901 512 1998 541 cum
2011 500 2108 553 plus
2129 500 2212 541 sint
2231 501 2345 542 modi

1318 571 1589 612 scientiarum
1602 602 1612 622 ,
1647 582 1778 623 quam
1809 570 1994 612 scientias
2007 602 2018 621 ,
2052 571 2344 612 fundamenta-

1320 641 1414 682 liter
1444 641 1603 682 faciunt
1633 641 1685 682 ad
1722 640 2052 694 intelligentiam
2087 642 2344 684 divinorum.

1319 712 1457 754 Tertia
1475 724 1577 754 vero
1598 712 1819 753 Rhetorica
1836 744 1847 763 ,
1869 724 1967 753 cum
1985 712 2126 754 buccis
2145 714 2346 754 tumenti-

1320 786 1422 835 bus,
1456 784 1551 838 plus
1585 786 1647 825 est
1673 783 1866 824 inflatrix
1895 783 2186 825 intellectuum
2206 786 2349 838 {quam

1322 856 1619 899 illuminatrix.
1641 855 1824 897 Scientia
1844 867 1946 898 vero
1967 854 2159 908 Physica,
2177 858 2351 898 extenso

1321 928 1515 979 nomine,
1547 927 1629 969 alia
1661 930 1721 968 est
1741 927 2025 981 Metaphysica
2038 959 2048 977 ,
2083 927 2164 968 alia
2191 927 2350 969 Mathe·

1323 1001 1492 1052 matica,
1514 999 1595 1041 alia
1613 999 1838 1042 Naturalis,
1862 998 2044 1040 Scientia
2068 998 2353 1054 Metaphysica

1327 1085 1426 1114 cum
1445 1071 1779 1113 consideratione
1800 1070 2083 1124 quidditatum
2105 1071 2354 1114 nudissima-

1324 1156 1439 1196 rum,
1462 1146 1502 1185 01
1521 1143 1963 1195 abstractissimarum,
1986 1155 2033 1184 ac
2054 1155 2130 1197 per
2148 1144 2229 1185 hoc
2248 1144 2350 1185 insi-

1325 1216 1659 1271 pidissimarum,
1675 1215 1842 1256 nullum
1863 1227 2056 1269 saporem
2077 1215 2147 1257 dat
2166 1216 2352 1257 affectui.

1326 1288 1508 1331 Scientia
1527 1299 1629 1330 vero
1657 1287 1969 1339 Mathematica,
1996 1299 2095 1328 cum
2117 1287 2355 1328 considera-

1323 1362 1436 1403 tione
1464 1359 1810 1413 magnitudinum
1830 1370 1928 1412 quae
1948 1358 2199 1400 abstrahunt
2215 1372 2241 1400 a
2259 1371 2351 1400 ma-

1324 1432 1429 1474 teria
1449 1436 1490 1473 et
1508 1445 1532 1473 a
1551 1434 1687 1484 motu,
1714 1443 1793 1473 nec
1813 1442 1986 1472 sensum
2006 1431 2255 1483 devotionis,
2278 1443 2357 1472 nec

1325 1507 1491 1546 motum
1509 1505 1634 1546 bonae
1656 1503 1910 1557 operationis
1934 1503 2003 1544 dat
2018 1502 2203 1544 affectui.
2218 1502 2357 1544 Scien-

1325 1576 1382 1618 tia
1400 1589 1504 1619 vero
1523 1575 1734 1618 Naturalis
1748 1606 1758 1626 ‚
1780 1587 1878 1629 quae
1899 1576 2064 1616 motum
2084 1574 2298 1615 concernit
2314 1576 2356 1615 et

1326 1648 1570 1700 materiam,
1592 1650 1634 1689 et
1653 1659 1730 1688 sua
1749 1646 2003 1688 obscuritate
2022 1645 2214 1687 obfuscat
2231 1645 2352 1686 intel-

1325 1720 1496 1771 lectum,
1513 1722 1554 1761 et
1572 1726 1743 1773 propter
1763 1718 2023 1760 dubietatem
2043 1729 2268 1759 causarum
2284 1730 2356 1759 na-

221 1801 545 1857 Hydromantia‚
585 1799 666 1841 alia
700 1794 994 1845 Aeromantia,
1027 1793 1109 1834 alia
1145 1792 1251 1834 Geo-

221 1874 393 1925 mantia,
418 1875 458 1914 et
478 1872 519 1913 id
538 1882 677 1925 genus
695 1869 887 1921 reliquae.
909 1867 1099 1916 Quarum
1119 1865 1251 1906 scien-

221 1949 380 1990 tiarum
409 1945 665 1999 professores
687 1939 858 1982 nefandi
884 1937 1249 1990 anathematizati,

1327 1792 1532 1834 turalium
1559 1804 1666 1846 pene
1684 1791 1728 1833 iu
1748 1791 1946 1833 omnibus
1969 1791 2235 1832 naturalibus
2254 1802 2352 1833 con-

1325 1863 1469 1905 tristat
1489 1863 1703 1905 affectum.
1725 1862 1844 1904 Unde
1872 1865 1913 1904 et
1938 1862 2180 1904 Aristoteles
2198 1862 2354 1904 harum
2374 1867 2515 1915 Ariston?-

1328 1936 1615 1987 scientiarum,
1633 1935 1702 1977 vel
1716 1935 1926 1985 inventor,
1941 1934 2010 1977 vel
2028 1935 2237 1987 professor
2249 1946 2356 1988 prae-
2374 1910 2515 1981 issffie‘iissd

222 2023 262 2062 et
298 2014 649 2060 excommunicati
680 2025 705 2054 a
731 2014 829 2066 Jure
863 2009 1064 2051 canonico
1086 2012 1117 2061 ⁵,
1159 2012 1199 2052 et
1228 2022 1254 2051 a

217 2091 361 2146 judice
387 2090 470 2131 Deo
484 2093 513 2138 ⁶,
537 2089 636 2128 sunt
662 2085 946 2125 instrumenta
974 2081 1152 2132 diaboli,
1182 2082 1252 2124 de-

223 2164 464 2215 mergentes
483 2162 523 2201 et
543 2159 705 2200 animas
723 2167 833 2205 suas,
855 2157 897 2196 et
915 2154 1079 2195 animas
1100 2154 1245 2207 proxi-

222 2246 394 2276 morum
430 2233 476 2273 in
505 2230 759 2272 barathrum
790 2225 1018 2276 infernale;
1057 2237 1107 2267 eo
1139 2225 1253 2279 quod

224 2305 469 2361 perquirant
497 2302 715 2356 auguriis,
742 2298 965 2353 auspiciis,
998 2300 1038 2339 et
1067 2298 1255 2351 profanis

225 2377 452 2430 sortilegiis
473 2388 542 2426 ea,
565 2386 662 2429 quae
687 2372 899 2415 contraria
916 2372 1017 2412 sunt
1037 2371 1077 2411 et
1097 2369 1252 2411 divinis

225 2449 460 2505 praeceptis,
481 2450 522 2489 et
542 2446 697 2488 divinis
716 2443 914 2485 consiliis,
938 2442 1118 2483 Istarum
1143 2453 1253 2495 qua-

227 2526 324 2564 tuor
340 2533 427 2563 non
442 2519 727 2568 scientiarum,
745 2516 818 2557 sed
837 2515 1118 2564 insaniarum,
1134 2513 1256 2555 fluvii

228 2593 454 2635 infernales
473 2593 593 2633 sunt:
619 2589 740 2643 Styx,
759 2587 903 2638 Lethe,
926 2585 1116 2638 Cocytus,
1140 2583 1258 2625 Phle-

229 2669 372 2719 geton.
395 2664 516 2717 Styx,
547 2662 711 2712 odium;
746 2659 890 2709 Lethe,
918 2657 1098 2707 oblivio·,
1129 2656 1254 2698 Phle-

229 2739 375 2790 geton,
398 2735 548 2775 ardens
558 2749 567 2784 ;
600 2733 796 2784 Cocytus,
823 2730 975 2770 luctus.
998 2728 1048 2769 Et
1076 2727 1161 2768 illae
1189 2728 1257 2768 in-

226 2808 358 2850 saniae
377 2807 539 2848 ducunt
567 2804 611 2844 in
637 2802 893 2843 oblivionem
918 2799 1161 2840 divinorum
1180 2799 1253 2840 be-

225 2879 474 2923 neficiorum
494 2879 535 2918 et
553 2876 876 2929 praeceptorum,
898 2872 942 2912 in
962 2871 1132 2913 ardores
1152 2883 1255 2924 pru-

223 2951 428 2994 rientium
474 2946 907 3001 concupiscentiarum
928 2977 938 2995 ,
987 2943 1032 2984 in
1088 2943 1256 2995 algores

225 3024 420 3066 odiorum
436 3054 446 3074 ,
470 3024 510 3063 et
528 3022 572 3062 in
590 3021 730 3062 luctus
749 3020 1008 3060 aeternorum
1029 3015 1255 3069 supplicio-

224 3107 338 3137 rum.
359 3094 641 3136 Scientiarum
661 3094 805 3133 autem
829 3088 1094 3130 ethnicarum
1124 3087 1253 3128 licita-

225 3179 338 3219 rum,
359 3166 442 3208 alia
460 3165 631 3218 Logica,
654 3163 737 3205 alia
763 3162 958 3215 Physica,
984 3159 1066 3201 alia
1092 3159 1254 3210 Ethica,

227 3240 460 3282 secundum
480 3238 790 3290 Hieronymum
808 3234 838 3286 ⁷,
861 3236 901 3275 et
922 3232 1153 3274 secundum
1172 3231 1259 3273 Au-

234 3311 458 3363 gustinum
474 3309 488 3331 ⁸
507 3309 564 3351 ad
589 3308 882 3351 Volusianum.
903 3304 1084 3346 Scientia
1100 3302 1255 3356 logica,

272 3419 281 3436 ¹
301 3416 391 3448 Psal.
413 3424 519 3457 vau,
546 3418 595 3449 14.
618 3433 653 3438 -
675 3415 686 3434 ²
704 3414 774 3454 Job,
795 3420 881 3452 xxm,
909 3414 959 3444 10.
976 3429 1016 3434 —
1037 3411 1048 3429 ³
1066 3410 1153 3443 Psal.
1175 3417 1253 3448 xnv,

231 3468 261 3498 5.
279 3465 516 3504 -⁴Cant.,1v,
535 3466 582 3495 15.
593 3480 631 3487 ——
642 3464 654 3486 ⁵
667 3462 738 3495 Vid.
752 3462 858 3502 Grat.,
873 3460 910 3492 (Ie
922 3458 1152 3498 Sortz'l.,caus.
1163 3465 1257 3499 xxw,

231 3522 264 3554 q.
278 3519 317 3553 11,
333 3522 362 3543 c.
376 3513 393 3543 2
409 3513 539 3552 etseq.;
565 3520 599 3551 q.
612 3518 646 3551 V,
662 3520 723 3551 per
736 3512 864 3550 totum,
886 3517 920 3549 q.
935 3514 994 3545 vu,
1017 3515 1047 3537 c.
1070 3507 1105 3536 13
1131 3507 1163 3537 et
1187 3514 1257 3547 seq.

232 3569 264 3606 2,
284 3567 433 3606 3;xxv1,
453 3574 485 3605 q.
508 3572 532 3604 1,
551 3566 635 3595 5.-
651 3564 754 3595 ⁶Vid.
772 3562 896 3601 Erech,
915 3567 974 3599 XX,
995 3560 1045 3600 18,
1065 3560 1122 3598 193
1141 3559 1258 3598 Levz’t..

231 3620 296 3654 XX,
319 3614 370 3646 27.
393 3628 432 3637 —
459 3612 469 3630 ⁷
493 3611 645 3652 Hieron„
670 3611 705 3642 in
733 3610 844 3650 Cant„
869 3609 964 3642 hom.
992 3614 1022 3647 1,
1045 3605 1146 3649 paulo
1174 3610 1262 3642 ante,

1329 2008 1496 2061 cipuuS,
1531 2008 1704 2060 propter
1733 2006 1951 2047 latentiam
1980 2017 2118 2047 causae
2145 2006 2289 2048 fluxus
2315 2008 2356 2047 et

1327 2078 1519 2120 refluxus
1549 2077 1700 2128 maris,
1724 2077 1770 2117 in
1789 2075 2047 2130 profundum
2067 2075 2216 2127 maris,
2239 2078 2288 2117 ut
2307 2073 2381 2117 de‘

1330 2162 1379 2190 eo
1416 2149 1622 2201 legimus,
1663 2161 1707 2190 se
1750 2148 1992 2189 submersit.
2033 2147 2216 2189 Scientia
2256 2159 2359 2190 vero

1330 2220 1498 2273 Ethica,
1523 2221 1604 2262 alia
1624 2223 1685 2262 est
1701 2220 1954 2272 monastica,
1985 2219 2068 2261 alia
2086 2219 2356 2273 oeconomica,

1332 2293 1414 2335 alia
1435 2293 1618 2346 politica.
1654 2293 1706 2334 Et
1736 2293 1916 2334 istarum
1945 2292 2218 2333 scientiarum
2246 2303 2361 2334 unus

1332 2366 1395 2406 est
1413 2364 1526 2415 finis,
1549 2364 1702 2406 scilicet
1724 2364 1938 2405 beatitudo
1958 2366 2112 2416 creata,
2134 2363 2257 2417 plena
2276 2364 2359 2404 mi-

1331 2436 1469 2478 seriis:
1493 2448 1590 2490 quae
1611 2436 1784 2490 quidem
1803 2435 2017 2477 beatitudo
2032 2447 2119 2476 non
2140 2438 2201 2477 est
2220 2436 2233 2457 ⁹
2250 2450 2269 2475 α
2284 2438 2364 2477 sta·

1331 2509 1400 2549 tus
1419 2508 1614 2550 omnium
1636 2509 1849 2549 bonorum
1868 2507 2180 2560 aggregatione
2200 2507 2364 2561 perfec-

1332 2584 1416 2631 tus,
1437 2593 1456 2617 ›>
1474 2579 1546 2621 sed
1567 2591 1590 2620 0
1609 2581 1754 2620 contra
1775 2581 1837 2620 est
1855 2580 1996 2620 motus
2012 2578 2150 2619 omnis
2165 2578 2249 2621 viri
2262 2579 2364 2621 boni

1333 2651 1618 2692 consolatione
1631 2651 1838 2704 privatus.
1850 2649 2001 2691 Contra
2015 2650 2194 2691 istorum
2207 2662 2363 2692 unum-

1333 2734 1546 2776 quemque
1566 2722 1784 2764 invehitur
1815 2721 2050 2763 Hieremias
2077 2721 2286 2775 Propheta
2303 2721 2361 2763 ¹⁰:

1337 2794 1416 2835 «Et
1427 2806 1540 2834 nunc
1551 2792 1652 2846 quid
1665 2792 1755 2844 tibi,
1771 2792 1924 2846 inquit,
1941 2792 2007 2833 vis
2022 2792 2069 2833 in
2081 2792 2153 2834 via
2173 2791 2362 2847 AEgypti,

1332 2868 1380 2907 ut
1399 2865 1520 2906 bibas
1545 2875 1701 2917 aquam
1725 2864 1973 2905 turbidam?
2000 2878 2020 2903 ›>
2046 2863 2164 2905 Unde
2187 2864 2365 2918 Augus-

1332 2938 1461 2987 1111115,
1484 2937 1535 2979 de
1552 2936 1661 2979 Vera
1680 2937 1899 2989 Reliqione
1914 2936 1939 2964 ²¹
1957 2947 1968 2977 ι
1983 2935 2201 2987 «Omissis,
2223 2936 2302 2988 ait,
2325 2938 2366 2978 01

1333 3009 1563 3063 repudiatis
1588 3008 1722 3061 nugis
1748 3007 1989 3060 theatricis,
2013 3010 2053 3048 et
2081 3007 2274 3061 poeticis,
2296 3008 2362 3050 di-

1332 3081 1534 3123 vinarum
1579 3079 1894 3133 Scripturarum
1948 3079 2281 3121 consideratione
2322 3081 2364 3121 01

1333 3153 1583 3194 tractatione
1614 3161 1836 3204 pascamus
1868 3150 2062 3191 animum
2088 3153 2214 3204 atque
2245 3153 2361 3204 pote-

1334 3236 1451 3276 111115,
1476 3234 1599 3267 vanae
1624 3221 1874 3265 curiositatis
1897 3223 2006 3263 fame
2030 3223 2071 3263 et
2094 3222 2162 3262 siti
2188 3222 2360 3274 fessum,

1335 3301 1376 3340 et
1404 3297 1673 3347 aestuantem,
1700 3297 1741 3336 et
1758 3294 1956 3336 inanibus
1975 3293 2359 3347 phantasmatibuS,

1335 3372 1536 3422 tanquam
1565 3366 1686 3420 pictis
1708 3365 1866 3420 epulis,
1886 3366 2041 3407 frustra
2059 3365 2175 3407 refici
2195 3365 2363 3407 satiari-

1335 3448 1426 3481 med.
1452 3463 1492 3470 —-
1515 3445 1529 3467 ὓ
1557 3446 1656 3487 Aug„
1682 3445 1728 3476 ad
1755 3444 1879 3485 volus„
1912 3444 2010 3485 epist.
2042 3451 2101 3486 111,
2132 3444 2175 3476 al.
2205 3451 2360 3484 cxxxvii,

1335 3505 1369 3529 n.
1392 3496 1443 3528 Π.
1460 3511 1501 3518 -
1518 3494 1530 3513 ⁹
1546 3494 1655 3534 Boet.,
1672 3501 1763 3534 pros.
1785 3493 1816 3532 2,
1836 3491 1925 3524 circa
1939 3491 2050 3532 princ.
2071 3509 2107 3516 -
2127 3491 2150 3512 ¹⁰
2165 3491 2299 3532 Jerem„
2322 3499 2361 3534 11,

1337 3546 1388 3577 18.
1411 3560 1452 3567 —
1473 3542 1496 3564 ¹1
1515 3543 1617 3582 Aug„
1635 3540 1674 3572 cle
1691 3549 1759 3572 ver.
1780 3539 1902 3581 Relz'9.‚
1921 3548 1952 3571 c.
1971 3546 2019 3573 ιι.

1374 3601 1420 3643 (α)
1454 3600 1534 3635 Coet.
1554 3599 1634 3634 edit.
1656 3599 1796 3634 scientia
1813 3599 1958 3633 ethnica.
