2633 3878
60 2835 191 2863 statuere

51 2875 132 2909 quid.

1079 165 1321 207 PSALMUS
1351 167 1523 209 CXVlll.

236 257 302 294 Cor
332 255 444 302 dicit,
476 257 638 304 propter
663 255 913 292 intrinsecam
940 254 1127 291 unitatem
1154 255 1270 293 affec-

235 317 352 355 tionis
361 331 371 365 ;
392 320 514 364 viam,
539 320 702 366 propter
720 317 908 354 unitatem
930 316 1189 354 extrinsecam
1206 328 1268 355 ac-

235 380 365 425 tionis,
379 381 440 417 vel
456 379 649 427 regularis
662 379 962 417 observationis,
976 381 1027 416 De
1043 379 1218 417 secundo
1231 380 1242 401 ¹
1256 393 1263 416 :

238 455 256 477 α
272 445 387 480 Justae
415 445 452 480 et
478 452 579 479 vcrae
606 443 695 478 sunt
722 441 796 478 viae
822 443 896 478 tuae
916 440 986 489 (a),
1011 442 1174 479 Domine
1198 452 1268 480 rex

233 509 472 543 sanctorum.
506 518 522 539 »
551 506 680 546 Jusloe,
719 504 829 550 dico,
863 504 957 552 quia
992 505 1074 541 sine
1109 504 1268 542 alterius

233 567 481 616 praejudicio,
501 570 694 615 quantum
713 567 764 603 ad
779 567 1015 615 temporalia
1025 579 1036 614 ;
1052 578 1156 613 verae,
1173 567 1268 615 quia

233 631 315 668 sine
334 629 564 676 mendacio,
587 630 781 677 quantum
801 629 851 666 ad
871 629 1102 678 spiritualia.
1125 631 1176 667 De
1197 633 1268 668 ter-

234 692 286 730 tio
306 691 344 729 ²:
372 693 510 730 «Doce
536 702 603 730 eos
632 691 738 728 viam
768 692 938 739 bonam,
965 703 1035 740 per
1066 703 1188 741 quam
1207 693 1266 730 in—

232 754 476 802 grediantur,
499 767 517 788 »
542 753 655 802 quasi
674 753 799 792 dicat:
827 756 926 791 Doce
947 754 1137 792 Israelitas
1164 755 1267 792 viam

231 817 380 854 honam
420 817 620 854 bonorum
658 816 937 864 temporalium
971 817 1268 855 communicati-

231 889 340 924 vam,
363 888 434 926 per
453 889 573 926 quam
592 878 863 926 ingrediantur
883 879 934 915 ad
955 879 1086 916 vitam.

662 989 834 1031 Epilogus.

276 1070 371 1108 Dicit
398 1080 522 1118 ergo:
553 1072 680 1108 Averte
707 1071 824 1107 oculos
851 1081 963 1116 meos,
995 1073 1190 1119 quantum
1214 1073 1267 1110 ad

229 1132 424 1181 appetitus
461 1132 729 1179 debilitatem,
765 1142 889 1180 quam
922 1133 1015 1181 petit
1044 1134 1185 1182 averti;
1212 1136 1267 1174 Ne

227 1196 384 1240 videam,
395 1197 588 1243 quantum
603 1194 657 1232 ad
668 1194 879 1243 appetendi
891 1194 1131 1243 facilitatem,
1144 1208 1266 1246 quam
1296 1223 1299 1227 ψ

230 1258 486 1307 vultreverti5
507 1260 732 1304 Vanitatem,
753 1260 946 1306 quantum
967 1259 1019 1296 ad
1039 1260 1266 1308 appetibilis

229 1320 499 1368 inutilitatem,
529 1332 552 1358 a
578 1331 658 1368 qua
689 1320 828 1368 quaerit
855 1320 994 1357 diverti
1004 1335 1014 1367 3
1046 1323 1090 1358 In
1115 1324 1177 1359 via
1204 1326 1266 1360 tua

227 1385 372 1428 vivifica
396 1394 464 1430 me,
487 1386 679 1431 quantum
705 1383 755 1421 ad
783 1384 1008 1432 appetibilis
1038 1385 1262 1432 utilitatem,

229 1445 280 1482 ad
301 1455 422 1494 quam
443 1446 549 1494 cupit
569 1447 756 1483 converti.

597 1593 816 1621 VERSICULUS
841 1595 892 1620 vt.

272 1699 330 1736 38.
347 1699 472 1736 Statue
485 1708 584 1735 servo
597 1701 668 1744 tuo,
681 1701 752 1735 etc.
765 1700 904 1735 Versus
916 1699 1142 1746 praecedens
1155 1700 1263 1737 timo-

222 1771 307 1798 rem
327 1760 502 1809 primum
523 1761 748 1809 supposuit,
776 1762 874 1798 sieut
892 1761 1114 1799 remedium
1131 1763 1262 1811 requi-

197 1822 201 1824 ’
223 1824 340 1860 situm
355 1823 558 1871 exposuit3
581 1834 717 1860 versus
732 1834 904 1871 praesens
926 1824 1110 1861 timorem
1127 1835 1262 1862 secun-

223 1886 320 1923 dum
345 1886 552 1933 supponit,
583 1886 683 1922 sicut
709 1886 932 1923 remedium
960 1887 1175 1934 expetitum
1195 1898 1262 1925 ex-

221 1948 345 1996 ponit.
369 1950 604 1996 Supponens
635 1948 741 1985 enim
762 1948 895 1985 anima
925 1948 1127 1996 timorata,
1150 1951 1262 1998 quod

221 2010 432 2048 affabilitas
458 2011 662 2048 hominem
695 2011 868 2048 declinat
895 2012 947 2048 ad
975 2011 1159 2049 timorem
1190 2012 1260 2050 hu·

220 2084 385 2111 manum
406 2074 558 2121 potius,
581 2084 702 2121 quam
723 2073 926 2119 divinum,
947 2074 1042 2121 petit
1061 2085 1081 2111 e
1103 2077 1257 2119 contra,

220 2136 332 2185 quod
354 2135 565 2173 affabilitas
592 2146 664 2173 sua
691 2146 713 2173 a
741 2136 907 2173 Domino
934 2136 1193 2184 producatur,
1219 2138 1259 2174 in

218 2209 377 2236 servum
394 2197 680 2244 introducatur,
698 2198 749 2235 ad
765 2208 980 2236 conservos
996 2199 1260 2246 conducatur,

218 2261 270 2299 ad
290 2260 501 2299 Dominum
520 2261 753 2299 reducatur:
787 2261 1046 2310 producatur,
1067 2262 1256 2310 inquam,

216 2335 288 2372 per
315 2324 556 2372 potentiam
589 2324 866 2362 introducatur
895 2335 967 2373 per
1000 2324 1255 2373 sapientiam3

217 2386 462 2424 conducatur
482 2397 553 2434 per
573 2387 838 2434 eloquentiam
852 2399 863 2433 ;
890 2387 1102 2424 reducatur
1125 2390 1257 2425 autem

216 2459 287 2496 per
314 2448 516 2494 timorem,
549 2459 618 2485 seu
647 2448 931 2485 reverentiam:
962 2449 1060 2486 sicut
1084 2449 1257 2487 seriatim

217 2510 450 2559 exprimitur
467 2521 539 2559 per
554 2510 882 2559 quadripartitam
898 2521 1034 2548 versus
1052 2512 1255 2559 praesentis

216 2572 510 2612 continentiam.

554 2676 738 2712 Articulus
763 2677 917 2722 primus.

260 2763 457 2808 Quantum
491 2761 544 2799 ad
575 2761 749 2810 primum
779 2762 988 2800 articulum
1001 2790 1012 2808 ,
1043 2763 1249 2800 subditur:

211 2825 349 2862 Statue.
373 2824 475 2870 Quid
504 2825 561 2862 est
583 2826 771 2871 statuere,
793 2825 867 2862 nisi
889 2827 1078 2862 statutum
1097 2826 1249 2873 produ-

212 2888 327 2925 cere?
347 2890 390 2925 Et
415 2887 544 2934 qualis
564 2887 773 2935 productio
794 2887 879 2934 ista,
901 2887 975 2924 nisi
994 2889 1249 2936 potestativa?

211 2949 306 2987 Dicit
325 2960 420 2996 ergo
438 2949 571 2986 anima
585 2949 767 2987 timorata
783 2949 949 2987 Domino
964 2954 1245 2997 congruenter:

211 3012 352 3055 Semne,
381 3010 527 3048 scilicet
554 3011 816 3059 producendo
842 3015 1036 3060 potenter,
1063 3013 1157 3060 quia
1182 3017 1248 3051 tua

212 3073 386 3120 potentia
404 3075 461 3110 est
480 3074 661 3110 omnium
683 3073 931 3121 productiva.
949 3076 993 3111 Et
1012 3078 1120 3121 nota,
1135 3076 1247 3123 quod

211 3135 399 3173 Dominus
418 3135 614 3172 invenitur
628 3135 669 3172 in
683 3136 888 3183 Scripturis
902 3139 1068 3173 statuere
1089 3137 1247 3175 diversa

211 3197 494 3243 diversimode,
507 3196 602 3245 quia
614 3197 802 3234 nimirum
814 3197 891 3236 alia
902 3198 1033 3236 statuit
1046 3199 1097 3236 ad
1112 3199 1246 3239 unien-

210 3259 321 3308 dum,
342 3259 422 3298 alia
440 3259 493 3298 ad
510 3259 787 3307 muniendum,
808 3259 887 3299 alia
905 3260 958 3298 ad
973 3261 1243 3309 puniendum:

255 3362 260 3378 ¹
283 3360 396 3401 Apoc„
422 3367 478 3400 xv,
500 3362 531 3391 3.
555 3375 596 3382 -
624 3360 682 3391 211
708 3359 870 3401 Par-alili„
892 3367 944 3399 v1,
970 3361 1021 3390 27.
1042 3377 1083 3384 —
1109 3360 1120 3378 ³
1149 3362 1242 3402 Gen„

211 3414 302 3445 xvn,
330 3409 359 3439 7.
393 3425 427 3430 --
460 3408 474 3429 ⁴
500 3407 637 3449 Barac„
668 3415 714 3448 ιι,
743 3410 796 3440 352'.
827 3425 854 3430 -
890 3408 903 3430 ⁸
926 3409 1014 3447 Act„
1041 3415 1106 3449 vu,
1134 3411 1184 3441 59.
1203 3428 1243 3433 —

211 3455 222 3471 ’ἱ
244 3454 251 3484 Ι
274 3455 367 3495 Κεφ,
386 3464 442 3496 ιιι,
461 3458 492 3489 9.
510 3473 551 3479 -
574 3457 682 3494 ⁷1m„
706 3463 768 3497 Lu,
790 3458 841 3488 13.
865 3471 898 3479 -·
928 3459 937 3473 ³
956 3455 1047 3488 Psal.
1067 3464 1169 3498 xviii,
1192 3460 1241 3490 ¹2.

394 3528 494 3556 TOM.
523 3528 577 3557 lX.

2297 182 2373 220 360

1343 257 1450 294 unde
1469 258 1599 296 statuit
1624 263 1805 307 pactum,
1827 265 1957 301 statuit
1977 267 2271 314 testamentum,
2297 272 2374 306 sta-

1342 318 1414 355 tuit
1439 322 1658 366 peccatum.
1688 324 1740 360 De
1767 324 1896 371 primo
1917 327 1951 362 ³:
1978 339 1995 361 «
2018 327 2190 366 Statuam
2214 332 2374 377 paetum

1341 389 1475 417 meum
1495 381 1595 419 inter
1614 393 1676 420 me
1697 386 1733 421 et
1752 386 1808 432 te,
1830 389 1866 422 et
1885 398 2018 424 semen
2037 392 2148 426 tuum
2164 394 2254 438 post
2273 395 2307 429 te
2326 404 2334 429 :
2354 407 2371 427 »

1342 452 1430 478 ecce
1455 444 1660 491 statutum,
1687 456 1758 493 per
1790 448 1902 494 quod
1927 449 1999 485 sibi
2032 451 2156 489 univit
2188 454 2374 492 Dominus

1340 503 1540 542 Abraham
1572 508 1609 544 et
1638 507 1905 555 posteritatem
1933 521 2066 557 suam,
2100 514 2199 552 sicut
2230 517 2375 563 pariter

1341 565 1530 604 uniuntur
1561 568 1802 619 quicumque
1833 573 2083 611 concorditer
2110 577 2372 622 paciscuntur.

1342 630 1394 666 De
1418 632 1594 670 secundo
1617 632 1761 681 legitur
1777 636 1812 672 ⁰⁵:
1833 649 1850 669 α
1871 636 2042 674 Statuam
2064 637 2141 675 illis
2164 642 2375 679 testamen·

1340 695 1424 731 tum
1452 695 1620 734 alterum
1648 699 1951 746 sempiternum,
1978 702 2022 738 ut
2048 702 2123 739 sim
2148 702 2222 740 illis
2243 704 2283 741 in
2304 707 2375 742 Do·

1340 757 1515 806 minum,
1537 762 1574 797 et
1601 760 1675 809 ipsi
1695 762 1791 799 mihi
1811 767 1924 801 erunt
1944 764 1983 801 in
2000 765 2221 813 populum:
2244 782 2260 802 >2
2286 779 2375 805 ecce

1340 821 1546 869 statutum,
1569 832 1650 870 quo
1669 823 1919 872 muniuntur,
1947 827 2015 874 qui
2043 829 2236 866 testatoris
2255 830 2376 868 heere-

1327 880 1503 920 .ditatem
1535 884 1761 922 sortiuntur.
1791 887 1841 922 De
1868 888 1979 925 tertio
2000 890 2035 925 5:
2072 902 2090 924 «
2117 892 2299 940 Domine,
2326 903 2375 930 ne

1341 946 1485 983 statuas
1503 945 1581 983 illis
1599 946 1676 985 hoc
1696 951 1901 996 peccatum
1915 961 1924 987 z
1940 964 1958 984 »
1982 960 2071 988 ecce
2091 955 2292 998 statutum,
2305 966 2376 1003 per

1341 1007 1452 1054 quod
1468 1008 1700 1056 puniuntur,
1716 1020 1803 1058 quoe
1820 1015 1955 1051 contra
1971 1013 2152 1052 divinum
2166 1016 2376 1065 imperium

1339 1074 1641 1116 praesumuntur.

1628 1184 1629 1187 ¹
1659 1176 1847 1213 Articulus
1873 1179 2060 1216 secundus.

1390 1259 1587 1304 Quantum
1617 1260 1669 1298 ad
1698 1263 1940 1310 secundum,
1966 1265 2247 1306 subscribitur:
2270 1269 2376 1307 Servo

1342 1322 1414 1357 tuo.
1445 1320 1596 1369 Optime
1628 1324 1771 1370 cantat,
1800 1327 1836 1362 et
1859 1325 2122 1373 pulcherrime
2152 1330 2374 1377 continuat;

1340 1380 1435 1429 quia
1455 1383 1553 1421 sicut
1570 1386 1754 1432 potentiae
1775 1389 1831 1424 cst
1849 1388 2083 1436 producere,
2104 1391 2159 1429 sic
2178 1393 2378 1441 sapientiae

1339 1444 1610 1493 introducere3
1632 1457 1706 1486 nec
1724 1450 1900 1497 potentia
1914 1450 2050 1490 divina
2069 1454 2151 1492 sine
2171 1456 2375 1504 sapientia,

1339 1515 1412 1543 nec
1441 1508 1652 1556 productio
1690 1511 1759 1549 illa
1794 1513 1878 1550 sine
1919 1514 2238 1556 introductione:
2270 1519 2376 1557 unde

1337 1569 1541 1615 praemisso
1561 1583 1570 1608 ε
1601 1572 1747 1617 Statue,
1772 1577 1954 1622 potenter
1985 1578 2266 1627 producendo,
2288 1592 2378 1619 con·

1339 1629 1450 1668 tinuo
1477 1632 1708 1681 subJungit:
1736 1635 1843 1674 Servo
1871 1642 1947 1684 tuo,
1976 1639 2172 1688 sapienter
2202 1643 2378 1681 introdu-

1339 1693 1479 1731 cendo.
1512 1697 1555 1732 Et
1581 1698 1688 1744 nota,
1716 1699 1828 1746 quod
1845 1710 1981 1738 servus
2000 1701 2070 1740 iste
2090 1703 2209 1742 debet
2231 1705 2378 1744 hahere

1339 1756 1671 1804 apprehensivam
1691 1770 1892 1810 capacem,
1916 1764 2167 1804 discretivam
2179 1778 2376 1817 sagacem,

1338 1821 1641 1860 memorativam
1661 1826 1861 1872 tenacem,
1882 1829 1924 1864 ut
1940 1828 2136 1875 capaciter
2156 1830 2303 1877 audiat,
2322 1842 2379 1869 sa·

1337 1882 1482 1927 gaciter
1510 1883 1726 1933 intelligat,
1759 1889 1944 1927 tenaciter
1973 1891 2180 1930 custodiat.
2218 1893 2268 1930 De
2300 1895 2379 1941 pri-

1337 1953 1405 1980 mo
1433 1946 1475 1981 ⁶:
1501 1958 1519 1980 (ι
1545 1948 1734 1995 Loquere,
1760 1950 1947 1997 Domine,
1974 1953 2069 2000 quia
2102 1954 2213 1992 audit
2243 1965 2379 1993 servus

1336 2007 1449 2044 tuus:
1478 2021 1496 2043 »
1520 2019 1610 2046 ecce
1633 2011 1737 2048 servi
1764 2013 1978 2060 capacitas,
2007 2018 2200 2063 quantum
2228 2017 2281 2054 ad
2309 2029 2378 2066 ap-

1336 2068 1627 2117 prehensivam.
1661 2073 1713 2110 De
1744 2075 1920 2112 secundo
1944 2077 1981 2112 ⁷:
2016 2089 2034 2111 «
2060 2079 2157 2115 Ecce
2188 2078 2377 2128 intellige,

1336 2141 1472 2169 servus
1491 2143 1626 2171 meus:
1653 2149 1670 2169 »
1694 2146 1783 2174 ecce
1805 2138 1907 2174 servi
1940 2139 2153 2186 sagacitas,
2183 2144 2378 2189 quantum

1336 2193 1389 2230 ad
1416 2193 1680 2234 discretivam.
1714 2200 1766 2235 De
1800 2199 1912 2238 tertio
1943 2202 1979 2238 8:
2015 2202 2208 2240 «Etenim
2238 2214 2376 2241 servus

1334 2258 1424 2294 tuus
1439 2259 1608 2297 custodit
1624 2270 1690 2298 ea:
1707 2275 1724 2296 »
1743 2256 1832 2299 ecce
1847 2263 1949 2301 servi
1967 2265 2165 2313 tenacitas,
2181 2269 2374 2314 quantum

1333 2318 1386 2356 ad
1404 2322 1728 2362 memorativam.

1677 2431 1863 2468 Articulus
1890 2435 2031 2470 tertius.

1379 2510 1575 2553 Quantum
1595 2510 1647 2548 ad
1664 2513 1841 2560 tertium,
1869 2516 2156 2553 conscribitur:
2178 2519 2371 2567 Eloquium

1333 2574 1450 2617 tuum,
1471 2572 1567 2620 quia
1585 2573 1787 2621 sapientiae
1808 2574 2027 2615 'nstitutum
2048 2579 2281 2618 conducitur
2299 2593 2372 2630 per

1331 2633 1537 2682 eloquium
1556 2635 1608 2674 ab
1625 2646 1707 2674 uno
1728 2647 1843 2675 servo
1857 2639 1898 2675 in
1911 2649 2118 2678 servorum
2139 2642 2364 2691 collegium.

1329 2695 1541 2746 Eloquium
1575 2701 1707 2736 autem
1741 2699 1970 2747 hujusmodi
1999 2702 2198 2741 interdum
2226 2705 2369 2752 legitur

1329 2760 1464 2806 emitti,
1478 2760 1677 2799 interdum
1689 2762 1811 2799 emitti
1826 2763 1888 2811 (b),
1899 2764 2097 2802 interdum
2111 2765 2265 2804 dimitti.
2285 2768 2368 2806 Elo—

1328 2821 1468 2870 quium
1488 2823 1689 2871 emittitur,
1706 2834 1796 2862 cum
1817 2825 2005 2863 deorsum
2025 2827 2239 2866 effunditur
2250 2843 2260 2877 ;
2283 2831 2368 2868 mit-

1327 2884 1433 2931 titur,
1459 2896 1550 2923 cum
1569 2889 1789 2924 extrorsum
1818 2888 2120 2938 transfunditur3
2146 2892 2363 2941 dimittitur,

1326 2957 1417 2985 cum
1437 2947 1651 2986 introrsum
1676 2950 1912 2990 refunditur.
1935 2953 1986 2990 De
2006 2953 2136 3001 primo
2161 2955 2303 3002 legitur
2323 2959 2359 2993 ‘³2

1329 3011 1433 3056 «Qui
1452 3011 1590 3049 emittit
1604 3012 1810 3060 eloquium
1830 3024 1946 3051 suum
1967 3018 2088 3053 terroe.
2112 3031 2130 3051 ι)
2152 3020 2234 3056 Haec
2249 3021 2362 3058 emis-

1323 3074 1382 3112 sio
1402 3074 1445 3112 fit
1464 3085 1486 3112 a
1509 3075 1724 3124 superiori,
1744 3076 1988 3114 effundendo
2009 3078 2169 3117 inferius
2188 3092 2257 3128 per
2276 3081 2359 3120 elo·

1324 3137 1464 3186 quium
1482 3137 1715 3185 inspiratum
1729 3138 1916 3177 divinitus
1934 3151 1943 3177 ε
1960 3144 2122 3189 propter
2139 3143 2249 3190 quod
2266 3145 2359 3182 utile

1322 3209 1378 3237 est
1398 3199 1728 3247 theologizantem
1751 3201 1802 3239 ab
1826 3201 2003 3240 oratione
2026 3203 2220 3251 incipere,
2246 3208 2288 3242 ut
2307 3206 2360 3244 ait

1322 3262 1529 3310 Dionysius
1547 3263 1587 3310 ¹⁰,
1603 3263 1698 3311 quia
1715 3273 1797 3301 non
1810 3267 1937 3312 potest
1955 3265 2089 3312 eloqui
2109 3265 2268 3316 utiliter,
2283 3267 2357 3306 nisi

1318 3378 1360 3385 —
1378 3365 1389 3382 ²·
1406 3361 1494 3395 Psal.
1516 3368 1650 3401 chvu,
1671 3363 1766 3393 ¹5.-
1791 3363 1816 3384 ¹·
1836 3362 1951 3403 Dion.,
1967 3363 2006 3394 de
2024 3363 2099 3397 Diu.
2121 3363 2234 3405 Nom„
2250 3375 2280 3399 c.
2304 3375 2352 3401 ιιι.

1319 3427 1359 3433 -
1375 3409 1416 3451 (α)
1437 3409 1518 3442 Caee.
1533 3409 1595 3441 (lit.
1617 3418 1681 3441 non
1694 3408 1814 3441 habent
1828 3412 1947 3442 tuae.—
1964 3410 2004 3450 (b)
2021 3411 2096 3453 [κῃ.
2117 3411 2219 3446 niittit
2236 3414 2281 3446 rel
2295 3415 2355 3446 im·

1318 3456 1417 3489 mitti.

2115 3523 2166 3561 24
