2633 3878
890 223 941 265 IN
973 220 1352 265 HEXAEMERON.
1382 221 1556 262 SERMO
1584 222 1690 264 viu.

220 314 391 366 regale,
409 315 600 367 Justitia3
629 314 873 365 coccineus,
904 314 986 354 hoc
1015 315 1100 364 est,
1134 312 1256 353 flam-

225 396 370 436 meus,
394 385 594 426 fortitudo
617 399 626 425 :
649 387 804 425 ornant
823 397 930 437 ergo
951 385 1127 426 domum
1148 396 1253 437 qua-

220 459 318 497 tuor
336 457 493 507 latera;
516 456 618 496 item
639 455 885 506 stabiliunt,
914 460 954 496 et
980 455 1257 496 introducunt

218 541 294 582 per
332 531 525 581 portam,
562 539 638 580 per
675 530 858 580 quatuor
896 528 1030 569 latera
1073 527 1255 568 civitatis

218 599 412 640 stabilitae
450 610 523 652 per
560 611 678 651 spem
711 599 761 639 ad
793 611 988 640 normam
1024 598 1250 652 aequalem.

218 669 441 723 Adjunctis
476 682 583 722 ergo
621 670 757 711 tribus
793 671 1055 721 virtutibus,
1097 669 1255 710 scilicet

217 742 313 792 fide,
335 753 420 794 spe,
444 744 486 781 et
505 742 709 783 charitate
723 775 733 794 ,
758 744 1026 794 consurgunt
1045 741 1090 781 in
1110 743 1252 794 septe-

216 812 387 853 narium
406 813 680 866 designatum
706 826 781 868 per
807 817 967 866 septem
998 813 1153 863 stellas,
1177 824 1253 865 per

214 887 372 938 septem
394 884 608 936 mulieres,
632 888 672 925 et
689 897 764 938 per
782 889 941 938 septem
963 896 1093 937 panes
1119 896 1252 925 evan-

214 956 372 1009 gelicos
386 971 395 1007 ;
419 959 460 997 et
481 957 584 1008 hoc,
613 956 660 997 in
680 959 892 1009 quantum
925 959 1027 997 sunt
1052 956 1246 1008 fulgidae,

212 1028 440 1079 t'oecundae,
470 1028 698 1080 vigorosae.
735 1027 782 1068 In
810 1031 1021 1081 quantum
1047 1030 1146 1068 sunt
1165 1027 1247 1067 ful-

214 1099 349 1152 gidae,
385 1112 461 1153 per
491 1102 653 1153 septem
684 1100 849 1151 stellas3
881 1100 991 1141 unde
1019 1099 1172 1140 dicitur
1203 1099 1248 1140 in

210 1172 284 1215 Job
309 1173 321 1194 ¹
355 1184 366 1213 ε
393 1171 647 1226 «Numquid
676 1173 942 1225 conjungere
973 1171 1134 1213 valebis
1167 1172 1249 1212 mi-

212 1246 353 1284 cantes
379 1244 520 1285 stellas
542 1243 753 1295 Pleiades,
777 1247 850 1285 aut
881 1256 1042 1298 gyrum
1074 1243 1246 1285 Arcturi

210 1317 443 1370 dissipare?
464 1331 483 1354 »
501 1316 689 1358 Pleiades
711 1319 810 1357 sunt
830 1317 913 1358 illae.
933 1319 1095 1369 septem
1115 1316 1247 1357 stellae

211 1389 465 1442 conjunctae,
488 1401 594 1442 quas
610 1389 746 1441 vulgo
769 1389 978 1429 Gallinam
999 1401 1096 1429 cum
1118 1389 1246 1442 pullis

212 1464 379 1502 vor-ant.
402 1460 477 1502 Hae
503 1461 685 1501 virtutes
708 1461 867 1501 faciunt
894 1473 1053 1513 gyrum
1078 1460 1242 1513 imper-

211 1532 479 1573 turbabilem.
504 1532 711 1582 Secundo,
731 1534 780 1572 ut
799 1531 1028 1580 foecundae,
1050 1544 1125 1584 per
1146 1544 1242 1584 sep-

208 1607 293 1644 tem
331 1604 555 1654 mulieres3
596 1604 712 1645 unde
748 1604 793 1643 in
833 1604 954 1645 Isaz'a
992 1603 1146 1644 dicitur
1177 1605 1191 1626 2
1233 1618 1242 1644 z

213 1692 232 1713 «
273 1676 604 1730 Apprehendent
642 1678 804 1729 septem
847 1676 1052 1716 mulieres
1097 1676 1242 1718 virum

204 1761 358 1800 unum,
382 1762 401 1785 ι)
446 1750 524 1788 etc.
563 1746 736 1798 Virum,
774 1747 875 1800 quia
910 1747 1070 1788 faciunt
1106 1748 1244 1789 homi-

205 1833 303 1861 nem
346 1820 535 1870 virilem3
575 1822 617 1860 et
656 1832 816 1871 unum,
861 1819 964 1873 quia
1006 1833 1094 1862 non
1130 1820 1242 1861 divi-

204 1894 312 1931 dunt
338 1903 459 1942 eum,
489 1892 561 1932 sed
590 1891 783 1932 stabilem
813 1892 974 1933 faciunt
1003 1895 1044 1933 et
1074 1893 1240 1934 foecun-

205 1963 323 2004 dum.
356 1962 516 2014 Tertio,
550 1963 595 2003 in
622 1966 831 2017 quantum
859 1964 1099 2016 vigorosae,
1127 1965 1240 2006 desi-

204 2037 393 2085 guantur
412 2047 488 2088 per
509 2037 668 2088 septem
690 2047 819 2088 panes
839 2036 1113 2088 evangelicos
1133 2037 1162 2087 ³,
1184 2049 1238 2078 ex

201 2105 356 2158 quibus
391 2106 579 2160 pascitur
612 2106 870 2147 universitas
902 2108 1149 2149 electorum.
1187 2109 1235 2150 In

201 2177 462 2232 philosophis
483 2179 551 2220 hae
577 2182 760 2232 quatuor
786 2180 970 2221 virtutes
1000 2184 1100 2221 sunt
1130 2181 1236 2234 lapi-

200 2249 298 2301 des;
325 2250 396 2291 sed
419 2251 546 2291 modo
564 2253 664 2291 sunt
683 2253 845 2304 septem
867 2265 999 2305 panes
1019 2252 1136 2294 vitae.
1159 2252 1236 2294 Pa-

200 2332 274 2361 nes
293 2321 429 2374 Moysi
452 2322 628 2362 fuerunt
651 2323 842 2376 quinque
869 2324 1091 2365 hordeacei
1112 2325 1139 2374 t,
1163 2325 1235 2366 sed

173 2404 180 2408 ·
197 2395 357 2446 septem
372 2394 575 2434 frumenti
588 2395 630 2434 in
650 2395 840 2435 doctrina
853 2396 1104 2449 evangelica
1119 2400 1132 2422 ⁵
1146 2412 1165 2435 «
1180 2409 1234 2438 ex

196 2464 318 2516 adipe
348 2464 566 2504 frumenti.
599 2479 618 2502 ))
649 2464 755 2505 Item
786 2453 970 2518 quatuor
1001 2468 1233 2509 cardinales

197 2533 325 2575 ducas
345 2535 390 2574 in
415 2537 501 2575 tres
528 2535 810 2587 theologicas,
835 2540 876 2578 et
907 2538 966 2577 sic
994 2541 1096 2579 sunt
1121 2539 1228 2580 duo-

195 2606 355 2657 decim,
389 2607 492 2660 quia
521 2608 749 2660 prudentia
781 2609 904 2650 debet
937 2622 1029 2651 esse
1063 2611 1226 2662 fidelis,

194 2692 360 2732 amans,
390 2683 429 2722 et
458 2681 517 2722 sic
545 2681 596 2723 de
629 2681 737 2722 aliis.
769 2682 820 2723 Et
845 2682 1129 2735 designantur
1154 2697 1230 2738 per

192 2751 413 2793 duodecim
452 2753 589 2793 fontes
618 2754 651 2801 ⁵2
694 2766 770 2807 per
809 2755 1033 2796 duodecim
1070 2756 1229 2810 lapides

190 2823 394 2877 pretiosos
407 2823 420 2845 ⁷
438 2823 483 2864 in
503 2825 756 2865 vestimento
779 2826 1012 2878 pontificis;
1034 2840 1110 2882 per
1129 2830 1228 2870 duo-

189 2894 324 2935 decim
346 2898 487 2948 portas
508 2896 522 2917 ⁸
541 2896 747 2947 civitatis3
772 2902 812 2938 et
837 2898 915 2939 hoc
944 2899 989 2939 in
1015 2903 1226 2953 quantum

190 2965 412 3015 inchoant,
439 2971 711 3019 promovent,
734 2971 775 3009 et
795 2970 1033 3022 perducunt
1053 2986 1060 3011 :
1086 2972 1225 3024 primo

189 3049 263 3091 per
285 3037 507 3079 duodecim
534 3040 693 3091 fontes,
716 3041 811 3094 quia
841 3044 889 3082 ut
919 3055 964 3083 se
993 3043 1224 3085 circumin-

189 3109 363 3160 cedant,
385 3109 543 3151 faciunt
571 3112 759 3153 animam
789 3114 1016 3165 mundam3
1040 3117 1224 3158 secundo

190 3192 265 3234 per
283 3181 506 3222 duodecim
533 3182 714 3236 lapides,
737 3184 839 3237 quia
860 3189 1015 3227 ornant
1034 3188 1223 3229 animam

189 3251 234 3292 in
260 3252 379 3292 omni
405 3253 586 3305 vlrtute,
609 3254 655 3295 in
679 3258 866 3308 pectore,
896 3256 1004 3297 sicut
1030 3258 1090 3298 illi
1114 3258 1220 3312 lapi-

188 3323 261 3365 des
289 3323 334 3364 in
362 3327 529 3378 pectore
562 3326 793 3379 pontificis;
815 3327 938 3369 tertio
962 3341 1036 3383 per
1060 3330 1219 3373 duode-

230 3405 242 3428 1
258 3406 331 3446 Job‚
354 3415 505 3450 xxxvm,
526 3411 580 3440 31.
595 3426 637 3432 —
656 3409 667 3428 ²
687 3409 766 3450 Isa.,
788 3418 835 3448 1v,
858 3413 885 3442 1.
905 3428 946 3435 -
964 3411 978 3435 ⁸
1002 3412 1125 3453 Marc„
1145 3422 1220 3455 uu,

186 3455 218 3486 6.
234 3470 275 3477 -
300 3455 312 3473 ⁴
331 3455 439 3494 Joan.,
467 3464 514 3498 νι,
540 3458 572 3489 9.
594 3473 635 3480 -
661 3457 674 3479 5
693 3457 785 3489 Psal.
810 3466 914 3499 mxx,
937 3461 997 3501 175
1017 3467 1145 3502 cxnvu,
1170 3464 1218 3494 14.

186 3516 226 3525 —
246 3501 393 3543 maeoti„
417 3511 473 3544 xv,
495 3505 546 3536 27.
563 3522 603 3527 —
624 3503 636 3525 ⁷
663 3505 779 3546 Exod„
800 3514 922 3547 xxxa,
947 3509 994 3540 ¹4.
1014 3525 1056 3532 —
1077 3509 1088 3527 ⁸
1106 3509 1218 3551 Apoc„

188 3551 262 3587 xxx,
286 3550 336 3582 12.
353 3566 394 3575 -
413 3551 552 3592 ⁹Apoc.‚
575 3558 621 3592 ιν,
643 3553 675 3584 8.
691 3569 731 3576 --
751 3553 779 3575 ¹0
796 3553 891 3594 Gen„
914 3561 937 3594 1,
953 3555 984 3586 8.
1003 3572 1044 3579 -
1065 3556 1084 3575 ¹¹
1105 3556 1218 3594 Prov„

2318 237 2369 274 (59

1335 311 1418 352 cim
1437 314 1603 362 portas,
1632 311 1677 352 in
1703 318 1913 365 quantum
1942 317 2243 370 i11troducunt;
2266 333 2367 362 nam

1333 382 1384 423 ad
1403 382 1625 433 orientem,
1646 383 1863 425 sinceritas
1878 388 2188 441 temperantiae-3
2211 391 2264 431 ad
2286 404 2368 434 me-

1333 453 1501 504 ridiem,
1523 454 1729 495 serenitas
1750 457 2009 508 prudentiae;
2033 461 2085 500 ad
2104 462 2363 515 aquilonem,

1332 525 1536 565 stabilitas
1559 527 1832 575 constantiae;
1859 527 1911 567 ad
1932 530 2205 583 occidentem,
2229 537 2367 576 suavi-

1330 598 1395 636 tas
1411 596 1605 648 Justitice.
1624 595 1808 638 Ulterius
1825 599 1916 640 istae
1932 600 2109 642 virtutes
2126 604 2361 660 duodecim,

1331 669 1560 720 geminatae
1595 668 1641 708 in
1681 670 1892 722 prosperis
1929 675 1970 712 et
2006 673 2216 727 adversis,
2254 679 2365 719 desi-

1332 741 1522 790 gnantur
1550 752 1625 792 per
1653 740 1813 792 viginti
1843 744 2026 794 quatuor
2051 744 2178 786 horas
2211 761 2219 788 ε
2255 750 2364 792 duo-

1328 810 1463 851 decim
1483 811 1527 850 in
1548 814 1668 852 nocte
1694 812 1978 865 adversitatis,
2003 819 2044 856 et
2068 817 2289 860 duodecim
2318 823 2362 863 in

1327 882 1393 923 die
1416 884 1728 937 prosperitatis3
1753 886 1854 927 item
1874 899 1950 940 per
1969 890 2173 942 activam,
2194 895 2236 933 et
2261 906 2361 935 con-

1327 955 1643 1008 templativam3
1667 960 1709 998 et
1728 958 1787 999 sic
1806 972 1882 1012 per
1900 961 2059 1013 viginti
2085 967 2269 1016 quatuor
2297 980 2360 1009 se-

1326 1027 1488 1078 niores,
1520 1028 1595 1080 qui
1634 1030 1759 1071 modo
1790 1031 2024 1074 volvuntur
2050 1035 2103 1075 ad
2136 1037 2360 1093 actionem,

1326 1098 1453 1139 modo
1472 1099 1525 1140 ad
1544 1101 1960 1154 contemplationem,
1977 1105 2078 1157 quia
2094 1107 2255 1150 faciunt
2271 1123 2362 1152 sen-

1324 1172 1463 1210 satum
1495 1173 1535 1211 et
1563 1174 1797 1214 maturum.
1827 1173 1932 1215 Item
1959 1179 2306 1232 contemplativa,
2327 1183 2359 1222 si

1324 1240 1538 1282 dividatur
1575 1255 1651 1296 per
1689 1246 1916 1297 practicam
1954 1249 1995 1288 et
2033 1251 2359 1305 speculativam,

1324 1313 1524 1364 signficat
1551 1326 1649 1355 cum
1680 1316 1770 1357 istis
1798 1317 2020 1359 duodecim
2048 1321 2270 1374 duplicatis
2292 1326 2361 1366 vi-

1322 1384 1433 1436 ginti
1469 1389 1655 1438 quatuor
1694 1388 1781 1429 alas
1818 1392 2002 1443 quatuor
2040 1393 2290 1436 animalium
2319 1397 2357 1446 ⁹,

1321 1468 1506 1509 quorum
1538 1460 1757 1512 quodlibet
1787 1473 1910 1502 senas
1939 1462 2026 1504 alas
2059 1464 2200 1506 hahet.
2234 1467 2284 1508 Et
2314 1468 2359 1509 in

1320 1528 1401 1569 hoc
1427 1530 1684 1573 terminatur
1705 1533 1844 1586 prima
1868 1534 1995 1586 visio,
2021 1538 2061 1576 et
2081 1549 2187 1590 opus
2207 1539 2358 1592 primae

1319 1599 1417 1642 diei.

1666 1709 1859 1756 SERMO
1893 1711 2008 1758 VIII.

1320 1815 1395 1859 Quo
1416 1818 1623 1863 eoeplicatur
1646 1821 1800 1856 secunda
1826 1823 1917 1857 vz'sz'o
1942 1822 1983 1858 de
2008 1823 2233 1863 sublimitate
2253 1828 2353 1873 fidei,

1365 1880 1398 1913 et
1418 1879 1588 1922 quomodo
1608 1883 1838 1926 comparatur
1853 1884 2093 1928 firmamento,
2110 1896 2150 1922 ac
2165 1886 2206 1923 cle
2218 1889 2353 1924 visione

1362 1938 1610 1984 intelliyentiae
1626 1951 1694 1986 per
1711 1941 1814 1987 fidem
1833 1942 2037 1979 sublevatae.

1368 2042 1396 2065 ¹⁰
1420 2044 1591 2087 Vocavz‘c
1613 2047 1723 2088 Deus
1743 2047 2060 2099 firmamentum
2079 2051 2244 2103 coelum,
2267 2055 2346 2094 etc.

1313 2114 1516 2168 Sequitur
1549 2129 1658 2170 opus
1693 2119 1891 2160 secundae
1923 2120 2028 2172 diei,
2060 2135 2158 2175 quae
2190 2127 2252 2164 est
2282 2137 2346 2165 se-

1311 2188 1450 2228 cunda
1481 2188 1587 2230 visio
1620 2189 1916 2243 intelligentiae
1950 2205 2025 2245 per
2057 2194 2186 2235 fidem
2212 2196 2348 2237 suble-

1309 2261 1436 2310 vatae,
1459 2262 1500 2300 et
1520 2260 1570 2301 de
1592 2273 1641 2301 ea
1660 2274 1745 2302 uon
1768 2262 1922 2304 dicitur
1944 2278 1952 2304 :
1984 2265 2114 2316 Vidit,
2137 2267 2232 2307 sed:
2258 2267 2343 2310 Vo-

1308 2333 1438 2373 ccwz'c.
1461 2332 1525 2373 Ad
1544 2332 1725 2374 litteram
1748 2335 1829 2376 hoc
1856 2336 2011 2377 coelum
2038 2340 2100 2378 est
2132 2339 2314 2380 sublime
2330 2373 2340 2391 ,

1307 2403 1476 2455 stabile,
1513 2407 1553 2444 et
1584 2407 1811 2458 spectabile
1849 2423 1857 2449 z
1893 2409 2095 2461 sublime,
2130 2415 2339 2464 quantum

1306 2474 1358 2514 ad
1395 2474 1552 2526 situm;
1594 2477 1764 2528 stabile,
1803 2482 2012 2531 quantum
2048 2481 2101 2522 ad
2135 2481 2315 2523 formam
2328 2497 2340 2536 ;

1305 2546 1347 2584 et
1385 2546 1632 2598 spectabile,
1665 2552 1875 2601 quantum
1910 2551 1961 2591 ad
1999 2551 2248 2594 claritatem.
2285 2555 2341 2596 De

1303 2616 1442 2668 primo
1476 2616 1633 2658 dicitur
1668 2619 1711 2659 in
1746 2619 1986 2662 Proverbiis
2022 2624 2049 2649 ¹¹
2085 2638 2094 2662 ε
2125 2639 2144 2662 α
2176 2625 2337 2667 Coelum

1303 2698 1498 2739 sursum,
1533 2692 1645 2731 terra
1672 2691 1894 2744 deorsum,
1923 2707 1942 2730 >³
1971 2694 2053 2735 hoc
2081 2695 2194 2748 ipso,
2226 2699 2339 2751 quod

1302 2759 1459 2802 coelum
1480 2765 1542 2803 est
1561 2763 1703 2804 nobile
1729 2764 1772 2805 in
1802 2766 1950 2808 ordine
1972 2768 2186 2821 universi,
2210 2784 2336 2824 supe-

1300 2831 1458 2873 riorem
1478 2833 1617 2875 locum
1638 2836 1813 2888 obtinet,
1835 2842 1875 2879 et
1894 2841 2006 2880 terra
2025 2840 2242 2884 infimum.
2265 2844 2338 2885 Est

1301 2902 1428 2943 etiam
1463 2905 1611 2947 stabile
1637 2911 1847 2960 quantum
1876 2911 1926 2951 ad
1957 2911 2160 2965 formam,
2184 2915 2288 2967 quia
2309 2918 2337 2939 ¹²

1301 2978 1498 3016 movetur
1526 2989 1611 3018 nou
1638 2981 1843 3021 mutando
1867 2982 2032 3032 locum,
2056 2985 2126 3025 sed
2156 2986 2200 3026 in
2226 2986 2330 3038 loco,

1298 3045 1340 3084 et
1361 3044 1471 3085 circa
1499 3046 1702 3088 medium.
1727 3048 1844 3091 Unde
1864 3051 1907 3091 in
1933 3052 2005 3093 Job
2031 3052 2246 3095 dicebatur
2267 3056 2296 3080 ¹³
2322 3070 2329 3096 :

1299 3115 1407 3156 «Tu
1439 3116 1615 3158 forsitan
1648 3131 1746 3160 cum
1779 3133 1828 3162 eo
1860 3123 2087 3164 fabricatus
2117 3137 2160 3165 cs
2189 3126 2329 3177 coelos,

1297 3187 1374 3239 qui
1406 3187 1652 3230 solidissimi
1686 3193 1808 3244 quasi
1839 3206 1923 3235 aere
1952 3195 2031 3235 susi
2063 3199 2193 3237 sunt?
2212 3212 2231 3234 »
2258 3197 2331 3239 Est

1297 3257 1424 3299 etiam
1445 3262 1672 3312 spectabile
1701 3268 1910 3316 quantum
1938 3268 1989 3307 ad
2013 3267 2330 3311 multitudinem

1297 3334 1551 3383 ornatuum,
1575 3334 1683 3376 sicut
1703 3335 1747 3376 in
1767 3337 1914 3378 eodem
1931 3338 2083 3380 dicitur
2104 3341 2131 3363 ¹⁵
2155 3355 2163 3381 :
2193 3357 2212 3380 «
2231 3342 2329 3396 Spi-

1295 3401 1404 3443 ritus
1423 3404 1458 3456 ej
1468 3416 1515 3444 us
1537 3407 1708 3448 ornavit
1732 3407 1882 3458 coelos;
1908 3424 1927 3446 »
1956 3413 1997 3450 et
2025 3410 2070 3451 in
2094 3412 2330 3457 Ecclesias-

1295 3518 1376 3549 xxv,
1395 3514 1428 3543 3.
1447 3529 1480 3534 -
1506 3512 1532 3533 ¹²
1551 3512 1666 3554 Arist„
1688 3513 1802 3555 Phys„
1824 3515 1881 3549 lib.
1906 3517 1961 3559 tv,
1983 3521 2064 3552 text.
2085 3521 2136 3553 43.
2156 3539 2189 3544 —
2215 3522 2239 3544 ¹³
2256 3521 2328 3562 lob,

1295 3566 1428 3599 xxxvn,
1453 3561 1501 3593 18.
1525 3578 1565 3584 —
1591 3561 1617 3584 ¹⁴
1634 3560 1706 3603 Job,
1727 3569 1821 3602 xxvi,
1843 3565 1893 3596 13.

2401 2358 2474 2384 Coeli

2371 2399 2502 2434 proprie-

2370 2442 2424 2467 tas.
