2633 3878
1059 212 1303 255 PSALMUS
1334 213 1509 256 CXVIII.

206 313 258 348 De
283 309 414 358 prima
431 308 564 357 psallit
591 305 811 355 Propheta¹
837 317 844 341 z
872 318 889 338 α
905 303 1019 349 Vide,
1047 303 1239 351 quoniam

205 372 395 410 mandata
415 375 482 408 tua
502 370 636 416 dilexi,
658 368 821 406 Domine
840 378 848 403 ε
865 380 882 400 n
906 376 994 403 ecce
1014 365 1240 402 mandantis

203 436 413 473 honorem.
438 437 489 471 De
515 431 689 470 secunda
705 431 746 467 2;
774 443 791 464 «
812 427 933 466 Dilexi
960 427 1148 464 mandata
1174 429 1240 465 tua

203 509 322 545 super
331 507 473 534 aurum
486 498 522 532 et
533 493 730 542 topazium
748 493 794 540 (α)
814 504 822 528 :
840 505 857 525 »
879 502 967 527 ecce
981 490 1159 527 mandati
1170 500 1240 526 va-

203 559 343 596 lorem.
367 562 418 595 Dc
433 558 542 595 tertia
558 558 595 592 ³:
617 554 912 602 «Expectabam
931 553 1099 590 salutare
1114 556 1238 595 tuum,

205 622 366 659 Domine
380 650 392 667 ,
414 623 450 657 et
469 618 658 656 mandata
676 620 743 655 tua
769 617 889 654 dilexi
911 629 920 654 ε
941 630 959 650 »
992 627 1079 653 ecce
1108 615 1239 653 salarii

206 683 386 721 salutaris
406 692 597 720 amorem.

536 787 730 823 Articulus
756 788 922 832 quartus.

252 875 442 917 Quartum
463 869 656 919 operandi
676 868 845 906 modum
865 870 1103 904 annotamus
1117 895 1130 912 ,
1149 877 1240 904 cum

201 935 442 970 annectimus
464 946 472 970 :
496 935 543 969 Et
563 933 750 970 exercebar
772 931 814 977 (b)
846 933 886 966 in
916 931 1240 976 justificacionibus

202 999 274 1032 tuis
296 1008 304 1032 ι
330 996 522 1043 quoniam
541 995 612 1032 ubi
633 993 878 1037 exercitatio,
899 992 955 1029 ibi
975 993 1160 1040 frequens
1181 1003 1241 1029 ac-

201 1058 268 1094 tio.
305 1060 348 1095 Et
377 1060 471 1094 nota
498 1057 609 1105 quod
642 1057 774 1093 bonus
807 1057 1007 1103 operator,
1040 1055 1241 1092 bonorum

202 1131 369 1168 operum
400 1119 683 1167 frequentator,
714 1121 816 1155 recte
850 1118 945 1154 dicit
975 1130 984 1154 :
1018 1119 1238 1164 Eoeercebar,

200 1182 385 1219 videlicet
404 1184 595 1229 tanquam
630 1180 770 1227 cultor,
792 1180 912 1226 ultor,
943 1182 1094 1223 rector;
1121 1180 1240 1228 plane

198 1246 388 1292 tanquam
410 1244 550 1288 cultor,
573 1246 765 1291 quantum
785 1244 837 1280 ad
858 1243 1043 1280 vitiorum
1063 1243 1238 1280 eradica-

198 1306 369 1351 tionem;
392 1309 585 1354 tanquam
604 1306 724 1351 ultor,
746 1308 940 1354 quantum
970 1306 1022 1342 ad
1047 1306 1238 1342 virtutum

198 1369 529 1415 vindicationem3
562 1370 754 1416 tanquam
783 1372 926 1413 rector,
957 1371 1150 1416 quantum
1185 1368 1240 1404 ad

197 1432 344 1468 virium
369 1431 702 1468 rectificationem.
733 1433 782 1467 De
808 1431 938 1478 primo
956 1431 969 1453 Β
991 1443 999 1467 :
1023 1433 1241 1478 «praepara

197 1494 292 1531 foris
312 1505 414 1539 opus
444 1498 578 1538 tuum,
612 1497 649 1530 et
681 1493 893 1540 diligenter
925 1504 1064 1531 exerce
1097 1504 1240 1540 agrum

199 1561 335 1605 tuum,
356 1573 374 1593 »
395 1558 507 1606 quasi
526 1559 630 1595 dicat
648 1572 658 1595 .·
681 1558 910 1595 Forinsecus
932 1561 968 1595 te
987 1569 1168 1607 praepara
1188 1558 1240 1594 ad

200 1621 402 1658 bonorum
428 1632 594 1668 operum
618 1621 993 1668 multiplicationem
1008 1649 1018 1666 ,
1042 1623 1080 1657 et
1099 1620 1238 1656 intrin-

201 1694 310 1720 secus
330 1683 383 1720 ad
401 1683 589 1720 vitiorum
602 1711 614 1728 ,
628 1684 822 1730 tanquam
841 1683 1082 1719 tribulorum
1097 1682 1139 1718 in
1156 1693 1241 1719 cor—

202 1746 261 1783 dis
280 1756 376 1793 agro
397 1745 703 1792 germinantium
717 1773 730 1790 ,
756 1744 1079 1782 eradicationem.
1107 1746 1158 1781 De
1179 1755 1238 1781 se-

201 1808 332 1844 cundo
351 1809 364 1829 ⁵
387 1819 395 1843 :
428 1807 652 1844 «Viderunt
683 1807 886 1855 AEgyptios
914 1809 1093 1844 mortuos
1123 1817 1241 1854 super

202 1870 308 1906 littus
331 1870 474 1916 maris,
496 1872 533 1906 et
559 1880 724 1906 manum
745 1880 933 1916 magnam
949 1898 959 1916 ,
990 1880 1112 1917 quam
1133 1880 1240 1906 exer-

203 1932 282 1968 cuit
308 1931 496 1969 Dominus
516 1935 653 1968 contra
685 1942 799 1968 eos.»
827 1931 1021 1969 Moraliter
1049 1931 1238 1977 intellige,

202 2005 273 2042 per
310 1993 511 2042 AEgyptios
530 2022 541 2040 ,
581 1993 767 2030 vitiorum
805 1993 1098 2030 multitudinem
1119 2006 1131 2039 3
1169 2004 1241 2041 per

202 2067 334 2103 mare,
366 2056 610 2093 contritionis
643 2056 968 2103 amaritudinem3
1005 2067 1076 2104 per
1106 2056 1238 2103 littus,

202 2118 447 2155 contritionis
465 2118 615 2160 finem,-
642 2129 714 2166 per
733 2129 924 2165 magnam
944 2129 1109 2156 manum
1123 2147 1135 2166 ,
1156 2120 1240 2156 vin-

202 2181 441 2218 dicationem
453 2181 749 2217 submersarum
766 2182 969 2228 virtutum,
994 2193 1116 2229 quam
1132 2193 1239 2219 exer—

201 2243 280 2281 cuit
299 2243 486 2280 Dominus
507 2242 715 2279 ultionum.
739 2245 789 2279 De
810 2244 922 2280 tertio
944 2244 957 2265 ⁶
976 2256 985 2280 :
1012 2257 1030 2277 «
1043 2244 1240 2292 Principes

201 2306 378 2353 gentium
413 2305 668 2342 dominantur
699 2316 864 2352 eorum,
898 2309 935 2343 et
965 2306 1034 2354 qui
1068 2307 1240 2353 majores

200 2371 316 2414 sunt,
334 2370 566 2415 potestatem
588 2371 772 2404 exercent
801 2368 841 2404 in
863 2379 943 2405 eOS.
965 2382 983 2403 »
1018 2369 1238 2416 moraliter,

199 2441 271 2478 per
288 2430 488 2477 principes
509 2432 546 2466 et
566 2430 736 2476 majores
763 2430 896 2478 accipe
925 2431 1087 2468 virtutes
1107 2442 1241 2468 mora-

201 2492 259 2529 les
272 2521 282 2538 ,
307 2492 458 2528 viribus
479 2492 726 2528 naturalibus
745 2493 1013 2540 principantes
1027 2521 1038 2539 ,
1062 2505 1155 2540 quae,
1171 2493 1240 2530 do-

203 2555 403 2591 minantur
424 2556 572 2590 naturae
600 2554 837 2602 pronitatem
859 2555 1087 2602 domando,
1109 2558 1240 2603 potes-

202 2620 321 2654 tatem
341 2619 523 2654 exercent
542 2615 759 2654 bonitatem
779 2617 1047 2654 rectificando.

641 2724 811 2767 Epilogus.

252 2808 305 2843 Ex
325 2805 537 2853 praemissis
557 2808 684 2854 potest
711 2806 924 2844 clarescere
944 2807 1107 2844 moralis
1129 2807 1242 2844 intel-

203 2869 325 2905 lectus
342 2868 569 2914 Psalmistfe,
589 2869 716 2905 vicem
737 2869 906 2916 gerentis
927 2880 1105 2917 personae
1124 2870 1241 2907 bonis

205 2930 393 2978 operibus
413 2930 659 2978 mancipatae.
684 2931 745 2968 Ait
763 2932 868 2968 enim
891 2944 899 2968 :
918 2934 963 2969 Ec
985 2934 1102 2969 levavi·
1115 2945 1241 2970 manus

203 3003 300 3028 meas
318 3020 330 3037 ,
349 2992 497 3029 scilicet
517 2993 721 3040 operando
742 2997 936 3042 potenter,
961 2998 1096 3032 eontra
1126 2996 1240 3033 timo-

205 3063 312 3099 rem3
340 3054 402 3090 Ad
427 3055 601 3091 mandata
629 3059 714 3102 lua,
743 3056 887 3093 scilicet
914 3057 1119 3104 operando
1146 3058 1242 3094 obe-

206 3115 371 3160 dienter,
393 3118 530 3154 contra
549 3119 746 3154 tumorem
774 3130 782 3154 :
808 3119 894 3162 Quae
923 3119 1040 3156 dc‘leaec
1055 3147 1068 3164 ,
1096 3119 1243 3157 scilicet

206 3178 411 3225 operando
432 3178 640 3226 ferventer,
659 3184 796 3217 contra
816 3184 990 3228 teporem
1008 3195 1018 3228 ;
1041 3183 1086 3218 Et
1107 3194 1243 3220 exerce-

205 3241 270 3275 Lar
299 3242 338 3276 in
363 3240 685 3287 justificationibus
717 3245 792 3279 tuis
813 3271 825 3289 ,
854 3243 1000 3280 scilieet
1036 3245 1240 3292 operando

204 3300 445 3349 frequenter,
467 3306 605 3341 contra
625 3306 838 3352 torporem.

249 3400 470 3442 ¹rsa1.1100‚
494 3404 564 3435 159.
586 3420 627 3426 —
648 3404 661 3424 ²
683 3403 780 3446 ibid„
803 3405 873 3436 ιγ.
894 3422 934 3427 -
956 3405 967 3423 ³
992 3404 1089 3446 ibid„
1111 3406 1180 3438 166.
1201 3423 1242 3430 -

205 3446 220 3468 ⁵
232 3447 347 3491 Pron„
362 3457 457 3491 xxiv,
472 3451 569 3482 27.-
585 3451 728 3494 ⁵Eaeod.,
742 3460 814 3493 x1v,
829 3454 924 3485 31.—
935 3452 949 3474 ⁸
962 3452 1100 3493 Mami„
1115 3462 1172 3495 xx,
1187 3455 1240 3486 25.

206 3509 248 3518 —-
267 3495 277 3514 ⁷
298 3497 349 3528 Ps.
367 3504 484 3539 xxxvi,
500 3500 574 3530 3.-
590 3500 600 3518 ⁸
622 3500 631 3531 l
654 3500 749 3540 Tim„
771 3508 819 3542 iv,
842 3503 934 3532 ¹0.—
953 3501 966 3522 ⁹
983 3501 1041 3533 Ps.
1064 3509 1186 3543 Lxxiu,
1208 3504 1238 3534 3.

2278 216 2355 254 383

1569 372 1757 407 CAPUT
1797 371 2096 414 QUARTUM.

1637 475 1858 502 VERSICULUS
1884 477 2031 503 Paulus.

1365 555 1424 591 49.
1455 556 1589 592 Memor
1623 559 1695 592 esto
1725 556 1826 591 verbi
1853 558 1933 600 tui,
1954 558 2024 592 etc.
2054 555 2119 592 liic
2148 555 2354 592 inchoatur

1317 620 1501 664 quartum
1521 617 1752 665 capitulum,
1769 619 2073 665 etproesentatur
2084 620 2267 664 quartum
2282 618 2354 653 fer-

1318 679 1466 715 culum.
1482 679 1585 716 Sicut
1598 679 1639 715 in
1656 680 1768 716 tertio
1789 681 2023 727 praesentata
2041 678 2112 715 fuit
2131 678 2229 725 legis
2250 689 2355 715 eom-

1316 741 1452 777 missio
1467 768 1479 786 ,
1500 741 1555 777 sic
1577 741 1618 778 in
1638 741 1711 779 isto
1731 742 1814 789 spei
1835 742 2040 778 immissio.
2070 741 2106 778 Si
2128 741 2269 788 quaeris
2290 752 2354 777 or-

1317 803 1421 840 dinis
1439 803 1634 840 rationem
1648 832 1659 850 ,
1695 804 1883 852 equidem
1914 805 1966 841 ad
1986 804 2092 840 illius
2111 803 2355 840 commissio-

1317 877 1411 903 nem
1425 866 1582 902 venitur
1601 877 1672 913 per
1688 866 1798 903 istius
1818 866 2118 912 immissionem,
2139 866 2356 913 sicutpatet

1316 940 1387 976 per
1407 928 1642 976 prophetam
1661 927 1881 965 dicentem⁷
1906 940 1914 965 :
1939 942 1956 962 «
1975 930 2096 976 Spera
2115 928 2155 964 in
2172 927 2353 972 Domino,

1317 994 1354 1028 et
1371 991 1431 1028 fac
1450 991 1682 1028 bonitatem.
1700 1005 1718 1026 »
1739 991 1800 1028 Sic
1818 991 1989 1028 faciebat
2008 990 2242 1039 Apostolus,
2263 1000 2354 1026 cum

1318 1055 1501 1092 dicebat⁸
1519 1067 1526 1091 :
1550 1068 1567 1089 «
1580 1058 1621 1093 In
1634 1055 1968 1099 hoclaboramus,
1990 1054 2083 1102 quia
2100 1063 2316 1101 speramus.
2334 1066 2352 1085 ι)

1318 1118 1422 1154 istud
1460 1120 1592 1155 autem
1634 1117 1850 1166 capitulum
1888 1116 2139 1163 distinguitur
2174 1116 2215 1151 in
2249 1115 2354 1151 hunc

1317 1180 1484 1217 modum
1506 1193 1514 1218 :
1550 1182 1645 1228 Spes
1680 1180 1858 1217 immissa
1881 1179 2050 1217 laetificat
2078 1178 2293 1226 patientes,
2316 1180 2357 1213 ut

1317 1243 1488 1280 ostendit
1506 1243 1731 1279 octonarius
1751 1243 1902 1290 primus
1918 1255 1928 1289 ;
1952 1244 1989 1279 et
2008 1241 2191 1278 fortificat
2209 1239 2355 1276 sacien-

1317 1308 1398 1348 tes,
1420 1307 1464 1341 ut
1482 1305 1652 1342 ostendit
1671 1305 1882 1341 secundm.
1904 1304 2012 1341 Unde
2039 1304 2191 1351 primus
2220 1302 2357 1349 incipit

1316 1367 1367 1404 ab
1402 1366 1589 1404 hebraica
1626 1367 1753 1404 littera
1784 1367 1876 1404 Zain
1891 1395 1902 1413 ,
1948 1378 2037 1414 quae
2083 1365 2356 1412 interpretatur

1317 1429 1440 1475 oliva,
1457 1431 1568 1476 cujus
1582 1433 1638 1467 est
1653 1429 1850 1467 laetificare
1865 1442 1876 1476 ;
1892 1428 2089 1465 secundus
2103 1428 2153 1464 ab
2168 1426 2355 1464 hebraica

1316 1492 1443 1529 littera
1465 1493 1561 1529 Heth
1571 1520 1583 1538 ,
1605 1504 1693 1540 quae
1713 1492 1989 1540 interpretatur
2009 1490 2196 1527 vivacitas
2211 1518 2222 1535 ,
2246 1489 2356 1535 cujus

1316 1558 1372 1592 est
1391 1555 1615 1592 fortificare.
1637 1555 1746 1592 Prius
1780 1555 2005 1591 octonarius
2037 1556 2092 1591 est
2125 1553 2354 1601 bipartitus,

1316 1618 1410 1665 quia
1433 1629 1521 1664 spes
1539 1617 1748 1665 dupliciter
1772 1617 1943 1653 laetificat
1968 1617 2183 1664 patientes,
2213 1616 2358 1652 scilicet

1316 1683 1510 1728 quantum
1529 1680 1581 1716 ad
1598 1680 1798 1717 malorum
1816 1679 2070 1728 patientiam,
2099 1678 2211 1726 quod
2228 1677 2358 1715 decla-

1314 1746 1374 1780 rat
1392 1743 1665 1791 quaternarius
1686 1742 1837 1790 primus
1846 1755 1856 1789 3
1887 1745 1924 1779 et
1944 1745 2137 1790 quantum
2170 1741 2222 1778 ad
2247 1739 2356 1788 ipso-

1314 1816 1404 1842 rum
1431 1805 1771 1854 compatientiam,
1800 1805 1912 1852 quod
1942 1805 2117 1841 declarat
2144 1803 2354 1841 secundus.

1314 1869 1466 1906 Primus
1487 1869 1761 1916 quaternarius
1782 1871 1839 1905 est
1860 1868 2193 1916 quadripartitus,
2215 1877 2355 1904 secun-

1314 1942 1412 1979 pum
1432 1934 1603 1979 quatuor
1626 1931 1823 1978 patientiae
1855 1931 2028 1978 gradus,
2059 1930 2129 1978 qui
2160 1933 2250 1966 sunt
2282 1941 2352 1977 pa-

1314 1995 1451 2032 tientia
1472 1995 1751 2042 subjectionis,
1773 1996 2029 2042 abjectionis,
2056 1994 2353 2031 scandalizatio-

1315 2057 1400 2104 nis,
1422 2060 1458 2094 et
1477 2057 1832 2105 pi‘aejudicationis3
1863 2058 1931 2106 qui
1959 2057 2156 2104 gradatim
2185 2059 2354 2103 tangun-

1314 2120 1436 2156 turin
1457 2122 1628 2168 quatuor
1655 2120 1834 2157 versibus
1859 2120 2008 2168 primis.
2040 2120 2190 2157 Primus
2217 2129 2354 2155 versus

1313 2182 1483 2218 insinuat
1521 2183 1775 2229 subjectionis
1803 2183 2115 2220 consolationem
2144 2193 2215 2230 per
2254 2192 2353 2229 qua-

1315 2244 1539 2292 druplicem
1565 2245 1749 2292 subjectae
1774 2256 1952 2293 personae
1981 2244 2352 2289 considerationem,

1315 2318 1404 2354 quae
1424 2318 1507 2344 non
1527 2307 1701 2344 absurde
1722 2308 1947 2344 considerat
1974 2318 2095 2356 quem
2129 2306 2352 2351 desiderat,

1315 2369 1378 2406 cui
1397 2370 1657 2418 obtemperat,
1674 2373 1836 2418 propter
1857 2381 1977 2418 quem
1998 2370 2150 2417 tolerat,
2172 2370 2213 2407 in
2235 2381 2354 2417 quem

1315 2435 1459 2480 sperat.
1482 2434 1574 2477 Quis
1595 2436 1727 2470 autem
1743 2436 1799 2469 est
1818 2433 1904 2478 ille,
1925 2433 1999 2469 nisi
2017 2433 2128 2480 eujus
2150 2437 2205 2470 est
2225 2444 2353 2471 remu-

1314 2504 1468 2541 nerare,
1490 2495 1706 2543 imperare,
1729 2506 1893 2532 onerare
1908 2524 1918 2540 ‚
1941 2500 1978 2533 et
1994 2499 2234 2534 exonerare?

1648 2600 1838 2636 Areia-ulus
1861 2602 2015 2646 primus.

1362 2681 1490 2719 Prima
1511 2682 1773 2720 consideratio
1795 2683 1967 2730 tangitur
1987 2684 2028 2720 in
2046 2685 2122 2722 hoc
2142 2686 2347 2724 membro:

1315 2744 1452 2780 Memor
1484 2749 1568 2781 esto.
1600 2745 1788 2782 Dominus
1817 2745 1959 2782 dicitur
1986 2746 2146 2784 illorum
2179 2759 2349 2795 memor,

1316 2817 1488 2854 quorum
1507 2810 1563 2844 est
1586 2811 1871 2845 remunerator.
1894 2811 1978 2846 Haec
1999 2812 2056 2846 est
2073 2813 2350 2849 rememoratio

1315 2880 1439 2917 quam
1458 2869 1632 2916 affectat,
1654 2871 1802 2907 scilicet
1830 2873 2096 2910 remuneratio
2112 2902 2124 2920 ,
2147 2885 2269 2922 quam
2289 2886 2351 2912 ex-

1314 2934 1456 2979 pectat.
1480 2933 1699 2980 l’eroptime
1717 2935 2076 2972 remunerationem
2100 2937 2348 2983 considerat,

1316 2995 1410 3043 quia
1432 2996 1676 3043 permaxime
1697 2997 1953 3043 subJ‘ectionis
1977 2999 2159 3037 laborem
2180 3003 2217 3038 et
2239 3001 2353 3038 dolo-

1315 3067 1399 3094 rem
1420 3058 1640 3105 refrigerat.
1663 3059 1739 3096 Sed
1760 3061 1997 3107 notandum,
2020 3063 2129 3110 quod
2143 3064 2353 3100 retributor

1316 3119 1619 3167 universorum,
1641 3125 1698 3158 est
1717 3132 1871 3160 memor
1892 3123 2158 3162 diversimode
2180 3126 2353 3163 diverso-

1315 3193 1428 3228 rum,
1450 3183 1639 3221 videlicet-
1667 3185 1900 3232 sapientium
1917 3215 1928 3232 ,
1949 3187 2216 3235 insipientium
2232 3216 2244 3233 ,
2265 3199 2353 3235 per-

1315 3255 1523 3282 versorum
1546 3258 1554 3282 :
1578 3246 1722 3283 horum
1737 3275 1748 3293 ,
1771 3247 1823 3284 ad
1843 3247 2121 3286 redimendum
2139 3263 2147 3294 ;
2168 3249 2351 3297 illorum,

1316 3307 1369 3344 ad
1387 3307 1526 3345 saevius
1548 3308 1884 3356 opprimendum;
1907 3310 2100 3356 aliorum,
2122 3311 2174 3347 ad
2193 3313 2353 3359 gravius

1315 3369 1577 3416 puniendum.
1617 3372 1667 3407 De
1702 3371 1840 3418 primis
1874 3372 2079 3419 psallimus
2100 3374 2144 3410 ⁹.-
2170 3376 2353 3413 «Memor

1315 3503 1334 3535 d
1359 3457 1404 3509 (a)
1431 3457 1756 3498 Vul9.topaziou.—-
1770 3457 1811 3499 (b)
1833 3458 1917 3490 caet.
1939 3459 2019 3492 edit.
2041 3460 2224 3503 exercebor,
2249 3464 2282 3494 et
2301 3463 2349 3496 sic

1339 3513 1491 3547 emceps.

2376 1379 2456 1406 Zain.

2379 1504 2466 1532 Helii.

2373 2764 2497 2792 Memor.
