2633 3878
65 1686 178 1713 Veritas

37 1728 165 1754 mentem

44 1769 179 1796 humiliat

1052 201 1294 243 PSALMUS
1325 201 1497 245 CXVIII.

202 291 443 329 Hierusalem
461 291 691 329 introducit:
714 291 845 329 educit
861 290 1008 339 quippe
1028 290 1069 327 in
1089 290 1236 327 confes-

201 354 333 401 sionc;
373 354 534 391 deducit
564 354 604 391 in
636 353 917 399 satisfactionc;
951 352 1165 389 introducit
1195 352 1236 388 in

202 416 558 453 consummatione.
582 418 631 452 De
651 415 780 463 primo
802 414 832 451 ¹:
859 428 877 448 «
896 417 937 452 ln
957 413 1119 451 veritate
1141 414 1237 450 edu-

201 482 261 516 cet
277 480 495 527 Judicium:
518 489 597 516 nou
621 478 692 515 erit
718 477 854 523 tristis,
878 488 1005 525 neque
1031 476 1236 513 turbulen-

175 552 178 553 ’
200 544 283 589 tus;
304 555 322 576 »
347 541 459 589 quasi
484 541 677 577 diceretur
704 541 860 587 aperte3
889 539 929 576 in
955 539 1116 576 veritate
1142 549 1236 576 con·

200 604 403 641 scientiam
419 603 635 650 judicante,
656 601 796 638 educet
812 601 1007 649 judicium
1027 601 1066 638 iu
1087 601 1237 638 confes-

200 667 333 713 sione;
366 676 448 703 non
483 665 555 702 crit
581 664 717 710 tristis,
749 674 879 713 neque
917 664 1164 701 turbulentus
1196 664 1236 700 in

200 728 474 766 satisfactione.
498 730 548 764 De
577 726 753 764 secundo
774 727 956 764 scribitur
975 729 1013 764 ²:
1039 729 1237 775 «Propter

200 792 426 836 veritatem,
449 793 486 827 et
510 789 875 834 mansuetudinem,
907 791 942 826 et
957 789 1148 836 justitiam
1170 789 1237 826 de-

201 855 318 891 ducet
349 857 384 891 tc
416 852 646 890 mirabiliter
679 851 840 889 dextera
871 853 966 888 tua:
994 866 1011 885 n
1045 862 1133 888 ecce
1162 851 1236 888 tria

195 917 344 962 justum
361 915 618 952 deducentia:
638 914 780 952 veritas
796 913 1027 960 J'udicativa,
1046 914 1236 962 poeniten-

199 977 299 1014 tialis
321 977 461 1024 judicii
482 977 685 1023 eductiva;
713 975 997 1021 mansuetudo,
1019 977 1149 1014 educti
1172 977 1235 1024 J'u-

199 1039 291 1076 dicii
307 1040 551 1087 susceptiva3
567 1042 604 1076 et
619 1038 780 1086 justitia,
802 1038 971 1086 suscepti
988 1038 1128 1085 judicii
1149 1051 1237 1077 exe-

200 1102 342 1140 cutiva.
368 1105 420 1139 De
446 1103 555 1140 tertio
573 1104 612 1139 3;
640 1115 657 1136 ι(
678 1102 832 1150 Aperite
858 1104 1012 1150 portas,
1043 1105 1079 1138 et
1106 1103 1236 1150 ingre-

201 1165 330 1202 diatur
351 1166 396 1213 (a)
418 1176 513 1212 gens
529 1166 652 1213 justa,
671 1167 708 1202 et
731 1165 955 1202 custodiens
975 1165 1192 1202 veritatem.
1215 1180 1231 1199 n

200 1226 276 1264 Illis
295 1228 495 1276 siquidem
520 1231 636 1276 porta
664 1238 843 1276 supernae
878 1227 1117 1265 Hierusalem
1140 1227 1236 1265 fina-

198 1289 284 1327 liter
317 1290 503 1339 aperitur,
541 1301 564 1327 a
605 1290 751 1338 quibus
787 1290 931 1327 veritas
965 1301 1046 1327 non
1082 1292 1235 1328 tantum

199 1352 389 1399 scientiae,
411 1353 481 1390 sed
497 1353 744 1390 conscientiae
764 1353 994 1390 custoditur.

528 1460 717 1495 Articulus
744 1463 907 1504 quai-tue.

248 1542 306 1579 Ad
327 1545 510 1590 quartum
527 1542 721 1590 pertinere
743 1542 1000 1589 dignoscitur,
1014 1543 1124 1590 quod
1144 1553 1232 1580 con-

199 1608 407 1653 sequenter
437 1605 606 1641 dicitur:
644 1607 863 1641 Humiliasti
887 1616 953 1641 me.
993 1607 1075 1642 liaec
1103 1606 1235 1642 humi-

198 1667 307 1703 liatio
332 1671 388 1704 est
406 1667 588 1704 vanitatis
610 1667 795 1714 expiatio.
818 1668 963 1704 Veritas
982 1671 1156 1705 mentem
1177 1671 1235 1705 tu-

197 1732 369 1766 mentem
387 1729 583 1775 humiliat,
613 1730 774 1778 quando
805 1733 1002 1766 tumorem
1026 1731 1170 1778 expiat.
1195 1732 1237 1768 Et

197 1794 313 1834 nota,
335 1792 446 1840 quod
469 1792 612 1829 veritas
640 1792 823 1829 humiliat
851 1795 1022 1829 mentem
1049 1803 1120 1841 per
1138 1804 1235 1830 moe-

197 1864 343 1899 rorem,
364 1854 576 1902 pudorem,
596 1854 800 1891 laborem:
822 1865 969 1892 mceror
993 1855 1174 1892 humiliat
1194 1855 1235 1893 in

198 1916 451 1962 contritione,
484 1917 630 1964 pudor,
665 1917 704 1953 in
733 1916 979 1954 confessione
988 1930 998 1963 ;
1031 1917 1160 1964 labor,
1194 1919 1235 1955 in

196 1979 471 2016 satisfactione.
489 1982 539 2016 De
561 1979 691 2027 primo
706 1979 739 2015 '⁴2
762 1992 779 2013 «
801 1981 941 2016 Moeror
962 1979 1000 2015 in
1021 1980 1141 2017 corde
1161 1981 1235 2016 viri

195 2041 420 2080 humiliabit
439 2054 544 2089 eum,
565 2057 582 2076 »
605 2042 752 2078 scilicet
771 2042 810 2078 iu
836 2042 1083 2079 contritione.
1109 2044 1158 2080 De
1179 2054 1235 2080 se-

197 2104 327 2142 cundo
342 2106 354 2127 ⁵
370 2117 378 2141 :
401 2119 417 2139 α
434 2105 664 2153 Presbytero
684 2104 852 2141 humilia
879 2105 1054 2142 animani
1073 2108 1194 2152 tuam,
1213 2120 1230 2141 »

196 2167 343 2204 scilicet
378 2167 418 2203 in
455 2166 715 2204 confessione.
758 2168 807 2203 Dc
844 2169 956 2205 tertio
986 2168 1168 2206 scribitur
1191 2170 1204 2191 ⁶
1224 2181 1231 2206 :

199 2242 217 2263 t(
237 2229 502 2266 Humiliabam
522 2229 563 2266 in
585 2230 737 2277 ijunio
759 2230 932 2267 animam
954 2240 1084 2267 meam
1097 2259 1108 2277 ,
1128 2245 1144 2266 »
1163 2232 1235 2268 sci-

194 2291 284 2328 licet
303 2291 342 2328 in
364 2291 640 2330 satisfactione.

631 2401 803 2442 Epilogus.

243 2479 302 2515 Ait
334 2490 429 2527 ergo
467 2482 671 2529 Propheta,
701 2481 900 2528 judicium
935 2481 1106 2518 veritatis
1127 2481 1235 2533 ‘insi-

195 2552 323 2579 nuans
340 2553 412 2590 pcr
429 2543 512 2580 hssec
533 2544 678 2581 verba:
705 2545 882 2589 Cossnovi,
905 2545 1071 2590 Domine,
1095 2544 1135 2580 in
1154 2553 1233 2591 quo

194 2603 338 2641 veritas
375 2604 589 2642 indicativa
603 2634 612 2651 ,
648 2616 735 2653 quae
770 2607 917 2652 spectat
947 2605 1000 2643 ad
1033 2605 1232 2652 notitiam;

196 2666 291 2710 Quia
310 2669 465 2713 oequitas
485 2668 632 2714 judicia
653 2671 738 2715 tua,
760 2668 800 2704 in
821 2679 901 2716 quo
923 2669 1080 2705 decreta
1100 2668 1235 2705 coeles-

196 2730 262 2776 tia,
277 2740 365 2778 quae
384 2733 562 2778 spectant
576 2731 628 2767 ad
644 2731 834 2778 justitiam
847 2745 858 2778 ;
876 2733 922 2768 Et
934 2734 973 2768 in
986 2735 1140 2769 veritate
1155 2736 1232 2777 tua,

195 2793 236 2829 in
256 2803 336 2841 quo
363 2793 504 2830 veritas
520 2793 762 2841 judicativa,
791 2805 880 2843 quae
906 2797 1054 2843 spectat
1078 2794 1130 2832 ad
1151 2805 1235 2832 scn-

196 2856 374 2902 tcntiam3
398 2857 613 2892 Humiliasti
632 2865 699 2903 me,
714 2856 755 2893 in
772 2867 852 2905 quo
869 2857 1011 2895 delicta
1025 2858 1233 2905 terrestria,

196 2928 284 2966 quae
304 2921 481 2966 spectant
499 2918 551 2956 ad
570 2919 728 2957 inanem
749 2920 930 2968 gloriam.

552 3068 774 3097 VERSICULUS
809 3069 874 3096 ΧΠ.

245 3172 302 3208 76.
325 3171 409 3208 Fiat
423 3172 672 3209 misericordia
689 3175 762 3215 tua,
780 3175 851 3210 etc.
869 3173 1014 3211 Veritas
1030 3175 1235 3223 superiora

195 3233 395 3280 indicans,
434 3233 629 3272 exteriora
659 3234 883 3282 laetificans,
910 3235 1097 3274 interiora
1127 3238 1234 3285 judi-

197 3307 309 3344 cans,
338 3297 527 3334 hactenus
559 3297 721 3344 claruit;
757 3297 900 3335 veritas
932 3297 1117 3338 inferiora
1146 3311 1232 3338 rec-

241 3397 248 3414 ¹
270 3396 347 3436 Isa„
375 3404 460 3438 xmt,
481 3398 512 3437 3,
535 3398 564 3428 4.
581 3413 620 3420 —
639 3397 650 3416 ²
670 3397 762 3430 Psal.
783 3405 876 3437 Χιιν,
898 3399 929 3429 5.
947 3414 987 3422 -
1006 3398 1020 3421 ³
1039 3399 1118 3441 Isa.‚
1137 3408 1233 3443 xxvi,

198 3443 229 3474 2.
247 3459 289 3466 -
317 3443 331 3465 Β
354 3445 468 3484 Ρνου.,
493 3451 557 3483 xit,
586 3446 640 3476 25.
660 3462 700 3468 —
727 3445 741 3467 ⁶
762 3444 877 3484 Eccli.,
908 3452 954 3486 lv,
980 3446 1012 3477 7.
1037 3463 1078 3470 —
1102 3447 1116 3469 ⁰
1139 3448 1231 3482 Psal.

198 3495 320 3530 xxxiv,
341 3491 391 3523 13.
411 3508 451 3514 —
471 3491 485 3513 '¹
507 3491 532 3523 11
553 3490 669 3532 Εεᾱν.,
691 3499 747 3533 1x,
769 3492 822 3534 27,
842 3493 894 3526 28.
918 3509 958 3516 —
983 3491 996 3515 ⁸
1015 3493 1110 3527 Psal.
1130 3503 1230 3538 xcm,

2264 210 2342 248 415

1313 290 1464 328 tificans
1488 290 1552 327 hic
1578 291 1754 328 clarescit
1776 304 1784 328 :
1814 292 1912 330 sicut
1937 293 2043 330 enim
2072 294 2268 342 colligitur
2295 306 2342 333 ex

1312 355 1482 401 quatuor
1503 352 1671 389 articulis
1692 364 1827 390 versus
1846 357 2058 403 praesentis,
2073 359 2161 404 post
2174 356 2344 394 veritatis

1308 415 1518 461 judicium,
1539 415 1716 462 sequitur
1734 415 1810 451 hoc
1831 416 2080 464 beneficium,
2098 419 2209 466 quod
2229 418 2345 456 affee-

1313 480 1372 513 tus
1396 479 1618 514 contractus
1646 476 1831 523 inferius,
1857 480 1894 514 et
1921 480 2148 517 constrictus
2169 481 2344 527 interius,

1313 538 1544 576 sublevatur
1564 539 1763 586 superius,
1785 541 1822 576 et
1840 539 2022 577 dilatatur
2043 542 2222 579 exterius.
2244 543 2345 587 Quid

1312 601 1506 637 contrahit
1534 601 1663 649 ipsum
1690 600 1882 638 inferius?
1915 601 2045 639 Timor
2074 614 2211 650 poenae.
2244 605 2345 650 Quid

1313 662 1542 709 constringit
1566 663 1755 700 interius?
1784 663 1901 701 Dolor
1928 664 2065 711 culpfe.
2087 665 2188 710 Quid
2216 667 2346 704 suble-

1312 727 1378 761 vat
1394 724 1603 772 superius?
1621 727 1714 772 Spes
1734 725 1870 762 veniae.
1882 726 1983 770 Quid
1998 726 2134 764 dilatat
2153 730 2345 766 exterius?

1310 789 1430 823 Amor
1444 786 1610 833 Justitiae.

1644 888 1834 924 Articulus
1858 891 2011 935 primus.

1360 975 1534 1012 Primum
1564 976 1727 1024 quidem
1759 977 1968 1014 articulum
1994 981 2225 1027 praenotavit
2255 984 2346 1019 Pro-

1313 1037 1446 1085 pheta,
1464 1048 1555 1074 cum
1569 1038 1640 1075 ait:
1656 1040 1740 1075 Fiat
1755 1041 2006 1077 misericordia
2021 1045 2103 1085 tua,-
2118 1042 2212 1090 quia
2228 1044 2346 1091 plane

1311 1110 1392 1136 vox
1409 1099 1482 1136 ista
1500 1101 1680 1148 procedit
1700 1112 1747 1137 cx
1768 1101 1907 1139 timore
1925 1114 2051 1151 poenoe
2070 1104 2231 1142 inferius
2250 1117 2347 1143 con-

1310 1162 1486 1199 trahente
1497 1174 1505 1198 :
1518 1162 1592 1199 nisi
1604 1163 1708 1200 enim
1719 1163 1969 1202 formidasset
1978 1166 2348 1217 miseriam,nequa-

1313 1235 1434 1272 quam
1459 1225 1692 1273 postulasset
1709 1226 2034 1265 misericordiam.
2051 1231 2094 1266 Et
2109 1234 2216 1275 nota,
2237 1232 2347 1279 quod

1313 1290 1370 1324 est
1385 1287 1656 1325 misericordia
1666 1288 1870 1336 tripartita,
1883 1290 2067 1329 videlicet
2079 1293 2347 1332 misericordia

1311 1348 1498 1397 liberans,
1519 1350 1726 1402 adjuvans,
1744 1355 1780 1388 et
1800 1362 2013 1390 coronans:
2029 1365 2199 1402 quarum
2218 1356 2346 1404 prima

1313 1414 1368 1448 est
1387 1413 1606 1449 necessaria
1627 1414 1960 1460 regredientibus,
1987 1417 2161 1454 secunda
2179 1429 2344 1465 progre-

1313 1473 1525 1520 dientibus,
1535 1475 1646 1512 tertia
1658 1476 1961 1522 egredientibus.
1977 1480 2026 1515 De
2037 1479 2167 1527 prima
2178 1479 2210 1517 ⁷:
2225 1496 2241 1514 «
2251 1483 2347 1518 Con·

1311 1537 1414 1573 versi
1439 1540 1549 1582 sunt,
1578 1541 1614 1574 et
1634 1538 1911 1584 ⁴clamaverunt
1929 1540 1981 1576 ad
2003 1543 2058 1588 te;
2080 1544 2120 1578 tu
2147 1545 2277 1580 autem
2297 1544 2346 1581 de

1312 1598 1411 1636 coelo
1433 1599 1639 1645 exaudisti,
1658 1603 1694 1637 et
1711 1600 1884 1638 liberasti
1920 1613 1987 1639 eos
2008 1603 2048 1639 in
2068 1604 2347 1643 misericordiis

1310 1663 1386 1699 tuis
1403 1675 1410 1699 :
1429 1676 1447 1696 »
1466 1674 1554 1699 cccc
1575 1664 1847 1701 misericordia
1865 1666 2132 1712 regredientes
2157 1667 2344 1709 liberans.

1311 1725 1362 1760 De
1391 1725 1566 1761 secunda
1592 1726 1722 1772 psallit
1753 1728 1945 1775 Propheta
1964 1728 2002 1764 ⁸:
2038 1741 2056 1762 c(
2077 1729 2114 1766 Si
2135 1730 2316 1768 dicebam
2335 1745 2343 1769 :

1313 1788 1439 1824 Motus
1457 1789 1513 1824 cst
1530 1798 1599 1835 pes
1619 1799 1744 1835 mcuS,
1769 1789 2039 1828 misericordia
2060 1793 2145 1838 tua,
2168 1793 2345 1840 Domine,

1310 1849 1527 1896 adjuvabat
1546 1861 1609 1887 me
1624 1863 1632 1887 :
1650 1864 1666 1884 n
1693 1861 1780 1888 ecce
1803 1852 2070 1890 misericordia
2089 1855 2347 1902 progredien-

1309 1913 1365 1948 tes
1385 1912 1593 1958 adjuvans.
1616 1915 1666 1949 De
1688 1913 1799 1950 tertia
1823 1914 1927 1950 canit
1951 1915 2153 1953 Psalmista
2172 1919 2212 1954 ⁹:
2237 1932 2254 1952 «
2275 1920 2345 1963 Qui

1309 1976 1474 2010 coronat
1493 1977 1528 2011 te
1548 1974 1588 2011 in
1613 1975 1904 2021 misericordia,
1925 1991 1941 2009 »
1966 1980 2059 2014 etc.:
2083 1988 2171 2016 ecce
2193 1980 2345 2017 miseri-

1310 2035 1446 2072 cordia
1483 2036 1728 2082 egredientes
1769 2048 1984 2083 coronanS,
2022 2040 2084 2077 vel
2127 2042 2345 2080 secundum

1308 2108 1412 2144 rem,
1434 2098 1497 2135 vel
1513 2099 1651 2136 saltem
1669 2100 1889 2137 secundum
1909 2112 2033 2149 spem.

1629 2206 1813 2241 Arcti-ulus
1838 2207 2025 2243 secundus.

1356 2286 1580 2323 Secundum
1602 2287 1810 2324 articulum
1831 2288 2072 2336 subnotavit,
2093 2292 2338 2329 cumsubdi-

1309 2348 1436 2396 dit(al:
1447 2349 1490 2386 Ut
1499 2351 1696 2386 consoletur
1705 2361 1770 2395 me,
1781 2352 1916 2388 contra
1923 2351 2048 2400 culpae
2057 2352 2239 2390 dolorem
2251 2354 2346 2393 inte-

1307 2411 1388 2448 rlus
1415 2411 1743 2458 constringentem
1762 2425 1770 2449 :
1792 2423 1883 2449 cuin
1908 2413 2013 2450 enim
2034 2416 2345 2454 consolationem

1308 2473 1499 2521 deposcit,
1515 2473 1802 2511 desolationem
1816 2475 2066 2513 intrinsecam
2085 2480 2341 2524 recognoscit.

1308 2535 1351 2571 Et
1386 2538 1500 2579 nota,
1534 2536 1644 2583 quod
1679 2537 1791 2574 aliter
1828 2538 2054 2575 consolatur
2082 2542 2202 2586 Deus,
2235 2541 2346 2579 aliter

1307 2596 1442 2643 homo,
1459 2597 1571 2634 aliter
1583 2598 1790 2635 diabolus:
1809 2601 1920 2645 Deus,
1936 2600 2187 2649 inspirando,
2205 2603 2341 2650 homo,

1307 2659 1611 2697 sermocinando
1621 2673 1631 2706 ;
1661 2661 1866 2708 diabolus,
1892 2664 2143 2701 somniando.
2185 2668 2233 2702 De
2266 2667 2344 2714 pri-

1308 2733 1375 2759 mo
1400 2723 1428 2745 ¹⁰
1448 2734 1455 2759 :
1480 2735 1498 2756 «
1518 2723 1719 2771 Numquid
1740 2725 1889 2771 grande
1906 2727 1976 2771 est,
1997 2729 2038 2763 ut
2063 2727 2288 2765 consoletur
2307 2733 2342 2767 te

1308 2786 1438 2822 Deus?
1460 2798 1476 2819 u
1503 2795 1589 2823 ecce
1611 2787 1831 2824 consolatio
1853 2787 2001 2825 divina.
2025 2791 2074 2826 De
2094 2791 2268 2829 secundo
2291 2793 2339 2829 ¹¹:

1312 2862 1330 2883 α
1350 2849 1503 2886 Utinam
1529 2853 1628 2887 esset
1655 2851 1788 2889 anima
1814 2855 1939 2890 vestra
1965 2864 2039 2901 pro
2068 2854 2201 2892 anima
2231 2867 2341 2902 mea,

1307 2911 1535 2950 consolarer
1554 2915 1591 2949 et
1610 2923 1684 2960 ego
1700 2924 1773 2951 vos
1792 2915 2044 2953 sermonibus
2061 2928 2070 2953 ε
2101 2931 2118 2950 n
2139 2927 2228 2955 ecce
2249 2929 2341 2955 con-

1307 2973 1448 3011 solatio
1467 2974 1656 3013 humana.
1689 2977 1740 3013 De
1759 2976 1871 3014 tertio
1894 2979 1922 3001 ¹²
1940 2989 1948 3015 :
1976 2992 1994 3013 «
2014 2978 2139 3016 Divini
2158 2979 2343 3019 viderunt

1307 3038 1574 3085 mendacium,
1597 3042 1633 3077 et
1652 3040 1913 3079 somniatores
1931 3041 2050 3089 locuti
2070 3045 2160 3080 sunt
2178 3043 2338 3091 frustra,

1306 3112 1406 3138 vane
1426 3100 1733 3140 consolabantur
1748 3115 1786 3140 2»
1803 3114 1893 3141 ecce
1913 3105 2128 3143 consolatio
2142 3105 2340 3144 diabolica

1308 3166 1345 3200 et
1365 3174 1480 3201 vana.

1642 3233 1832 3270 Articulus
1868 3236 2009 3271 tertius.

1355 3320 1526 3357 Tertium
1557 3322 1779 3369 annotavit,
1808 3333 1899 3359 cum
1926 3322 2082 3360 addidit
2106 3336 2115 3361 ;
2138 3324 2337 3364 Secundum

1309 3405 1357 3436 18.
1376 3421 1417 3427 —
1437 3404 1451 3426 ⁹
1469 3404 1560 3436 Psal.
1582 3413 1645 3446 cn,
1679 3407 1707 3439 4.
1728 3423 1768 3429 —
1789 3406 1815 3429 ¹0
1833 3405 1907 3444 Iob,
1927 3413 1984 3447 xv,
2008 3410 2057 3440 Η.
2073 3424 2114 3432 -
2134 3409 2156 3430 ¹¹
2173 3409 2246 3451 lob,
2267 3419 2337 3452 xvi,

1309 3453 1338 3484 4.
1357 3469 1396 3475 —
1417 3451 1440 3473 ¹⁸⁴
1459 3451 1572 3492 Zacle„
1594 3460 1627 3493 x,
1645 3455 1676 3485 2.
1701 3471 1742 3477 —
1762 3454 1806 3494 (α)
1833 3453 1924 3486 Edit.
1952 3455 2029 3487 Ven.
2056 3455 2275 3498 ingredietur.
2297 3476 2338 3483 --

1306 3497 1350 3539 (b)
1372 3500 1452 3531 Item
1473 3499 1596 3532 subdit.

2395 1316 2506 1342 MIseri-

2384 1358 2482 1384 cordia

2385 1397 2501 1432 triplex.
