2633 3878
1063 158 1304 200 PSALMUS
1334 159 1505 203 CXVlIl.

206 251 389 298 justitia:
428 263 446 286 »
483 259 570 287 ecce
603 249 750 296 justitia
786 248 931 286 faciens
969 247 1142 285 animam
1184 248 1248 284 Dei

214 324 416 362 sponsam.

528 406 712 442 Articulus
737 403 930 441 secundus:

259 500 484 537 Secundum
511 499 764 544 subnotatur,
793 509 884 535 cum
904 497 1105 535 subditur:
1131 499 1244 533 Testi-

210 564 329 599 monz‘a
359 566 435 599 tua.
468 565 564 598 Ecce
597 561 810 605 credibile,
840 560 951 608 quod
982 562 1038 597 est
1075 558 1246 596 amabile

210 634 328 671 super
343 624 477 661 omnia
492 623 709 661 credibilia.
721 622 822 667 Quid
837 622 941 659 enim
953 621 1126 659 credenti
1140 631 1247 658 ama-

210 685 349 732 bilius,
374 689 441 723 aut
460 686 607 723 amanti
628 684 876 731 credibilius,
899 696 1020 732 quam
1047 684 1246 733 sapientire

210 748 463 786 testimonia?
481 749 518 785 Si
545 749 650 785 enim
671 748 867 796 sapientes
894 751 982 784 sunt
1005 750 1166 795 propter
1186 758 1241 784 sa·

209 811 398 858 pientiam
418 811 649 857 credibiles,
671 810 796 847 multo
820 809 946 856 magis
972 809 1171 847 credibilis
1191 812 1248 847 est

211 874 296 920 ipsa
316 874 520 922 sapientia.
544 876 586 910 Et
604 876 716 920 nota,
740 873 851 921 quod
870 873 1005 909 divina
1025 873 1247 910 testimonia

210 938 300 972 sunt
319 936 528 983 amabilia,
552 938 589 972 et
608 936 830 973 amabiliter
849 935 1068 981 credibilia,
1087 938 1248 983 propter

210 999 308 1036 tria:
337 1002 419 1036 tum
453 1000 546 1047 quia
575 998 847 1045 sublevantia,
875 1002 956 1036 tum
986 999 1080 1047 quia
1100 999 1247 1036 illumi-

210 1062 365 1109 nantia3
398 1065 482 1100 tum
513 1061 606 1109 quia
641 1061 899 1099 delectantia:
938 1062 1032 1109 quia
1060 1061 1248 1098 nimirum

210 1125 419 1172 mentes(a)
432 1124 654 1170 sublevant,
672 1124 865 1161 rationem
884 1124 1122 1169 illuminant,
1135 1124 1249 1161 affee-

209 1187 358 1224 tionem
391 1187 597 1224 delectant.
624 1189 675 1223 De
702 1187 832 1234 primo
855 1189 892 1224 ¹:
920 1201 938 1221 «
963 1188 1087 1235 Super
1111 1198 1249 1224 omnes

212 1249 398 1286 docentes
415 1260 479 1286 me
506 1248 702 1295 intellexi,
724 1249 818 1296 quia
837 1249 1059 1286 testimonia
1078 1251 1145 1286 tua
1164 1260 1247 1286 me—

213 1311 348 1348 ditatio
369 1323 458 1349 mca
482 1315 557 1348 est:
578 1325 595 1346 »
620 1311 660 1347 in
681 1322 761 1360 quo
781 1311 921 1348 mentis
941 1312 1175 1349 sublevatio.
1198 1313 1249 1348 De

212 1374 386 1411 seeundo
406 1376 445 1411 ²:
479 1388 496 1408 «
521 1376 576 1411 Me
603 1375 908 1421 expectaverunt
935 1376 1180 1422 peccatores,
1207 1376 1249 1410 ut

211 1436 420 1483 perderent
450 1448 531 1482 me3
570 1436 791 1473 testimonia
824 1439 889 1473 tua
926 1437 1124 1474 intellexi:
1160 1451 1178 1470 »
1208 1436 1249 1473 in

213 1510 292 1546 quo
313 1499 476 1536 rationis
495 1499 744 1535 illuminatio.
770 1501 821 1535 De
844 1499 956 1536 tertio
976 1510 1096 1547 supra
1113 1500 1151 1536 3:
1172 1513 1190 1534 α
1208 1501 1249 1536 In

212 1560 276 1597 via
295 1561 610 1598 testimoniorum
630 1563 790 1597 tuorum
810 1560 1023 1598 delectatus
1040 1572 1146 1598 sum:
1170 1575 1187 1596 »
1208 1562 1249 1598 in

213 1634 294 1671 quo
315 1623 532 1662 affectionis
551 1622 771 1661 delectatio.

550 1729 742 1764 Articulus
770 1729 912 1764 tertius.

261 1811 430 1850 Tertium
448 1814 671 1859 annotatur,
687 1824 777 1850 cum
798 1812 976 1850 additur:
997 1814 1042 1849 Et
1060 1814 1249 1850 veritatem

215 1878 325 1911 tuam.
349 1877 444 1912 Ecce
465 1874 747 1921 desiderabile,
776 1875 887 1923 quod
915 1877 969 1912 est
989 1874 1160 1912 amabile
1181 1884 1247 1911 su-

213 1948 284 1985 per
304 1938 439 1975 omnia
459 1937 749 1974 desiderabilia.
766 1937 867 1982 Quid
885 1937 990 1974 enim
1012 1937 1250 1974 desideranti

214 2000 439 2046 amabilius,
459 2003 525 2037 aut
544 2000 691 2037 amanti
711 2000 1027 2046 desiderabilius,
1050 2011 1170 2048 quam
1192 1999 1250 2036 di-

217 2063 315 2099 vinae
327 2063 500 2100 veritatis
518 2063 697 2109 essentia,
715 2063 827 2109 qu'us
843 2062 1034 2099 evidentia
1051 2065 1107 2099 est
1122 2062 1250 2099 omnis

213 2126 308 2163 mali
346 2126 536 2170 absentia,
574 2128 610 2162 et
651 2125 779 2163 omnis
810 2125 908 2162 boni
941 2125 1147 2172 praesentia
1161 2126 1178 2161 ἵ)
1207 2127 1252 2161 Et

212 2189 319 2232 nota,
341 2186 452 2234 quod
469 2185 614 2222 veritas
635 2185 771 2222 divina
791 2187 847 2221 est
865 2185 1061 2231 amabilis,
1088 2187 1123 2221 et
1143 2195 1250 2222 ama-

213 2249 344 2286 biliter
364 2249 653 2296 desiderabilis,
673 2251 835 2297 propter
853 2249 950 2286 tria:
973 2251 1134 2297 propter
1153 2249 1250 2286 veri-

213 2312 299 2349 tatis
327 2312 464 2360 primae
490 2312 758 2349 beatissimam
785 2311 1044 2356 evidentiam,
1071 2311 1251 2348 suavissi-

212 2385 320 2411 mam
346 2374 696 2422 complacentiam,
725 2376 762 2410 et
789 2373 1071 2420 sempiternam
1096 2383 1249 2420 perma-

213 2435 387 2473 nentiam
410 2448 418 2473 z
458 2436 499 2472 in
538 2447 711 2484 quorum
747 2436 877 2483 primo
912 2435 1251 2472 consummabitur

213 2501 355 2536 nostrae
376 2498 580 2536 beatitudo
601 2498 887 2545 intelligentiae3
908 2497 948 2534 in
969 2497 1160 2543 secundo,
1181 2509 1250 2535 vo-

212 2560 390 2608 luntatis;
417 2561 459 2598 in
484 2561 618 2608 tertio,
645 2561 859 2598 memoriae.
882 2563 933 2597 De
958 2560 1088 2608 primo
1114 2559 1250 2598 scribi-

214 2625 273 2660 tur
291 2624 325 2660 ¹·:
351 2636 370 2658 «
389 2625 529 2661 Omnes
548 2623 730 2661 homines
752 2623 836 2660 vult
864 2623 996 2660 salvos
1016 2622 1122 2669 fieri,
1144 2625 1179 2660 et
1198 2623 1250 2661 ad

213 2686 455 2733 agnitionem
477 2686 648 2724 veritatis
668 2685 802 2723 venire
825 2698 832 2722 :
855 2698 874 2720 »
906 2696 996 2722 ecce
1026 2686 1163 2733 primae
1187 2697 1250 2723 ve-

211 2750 332 2787 ritatis
371 2750 597 2788 beatissima
634 2749 842 2787 evidentia.
881 2751 931 2786 De
969 2748 1144 2786 seeundo
1178 2760 1250 2797 per

212 2812 455 2850 Psalmistam
486 2812 655 2850 dicitur⁵
679 2825 687 2849 :
714 2828 731 2846 «
757 2812 988 2860 Complacui
1018 2813 1059 2848 in
1087 2812 1249 2850 veritate

210 2876 304 2912 tua.-
323 2889 342 2911 »
365 2886 454 2912 ecce
473 2875 610 2922 primae
630 2875 801 2912 veritatis
821 2874 1056 2912 suavissima
1076 2875 1250 2924 compla-

215 2938 354 2974 centia.
371 2940 423 2974 De
442 2938 554 2975 tertio
571 2949 642 2986 per
655 2938 887 2986 prophetam
905 2937 1084 2985 psallitur
1097 2938 1132 2975 ⁶:
1152 2951 1170 2973 «
1183 2939 1251 2975 Ve-

213 2999 306 3036 ritas
324 3000 478 3038 Domini
501 3003 634 3038 manet
660 3001 702 3037 in
727 3003 936 3038 aeternum:
959 3014 977 3036 »
1001 3010 1089 3037 ecee
1113 3000 1250 3048 primae

215 3062 385 3101 veritatis
401 3063 639 3112 sempiterna
659 3062 945 3112 permanentia.

539 3168 727 3204 Articulus
753 3169 915 3214 quartus.

263 3252 452 3297 Quartum
465 3251 687 3298 denotatur,
697 3261 786 3287 cum
796 3249 937 3287 dicitur
953 3260 962 3285 ε
977 3250 1110 3293 Nimis,
1124 3249 1166 3287 id
1179 3252 1249 3298 est,

218 3314 401 3353 charitate
435 3314 558 3353 nimia
585 3326 594 3351 ε
625 3324 715 3351 ecee
741 3312 937 3351 charitatis
967 3313 1249 3361 praerogativa,

259 3399 270 3420 ¹
292 3398 380 3432 Psal.
406 3399 492 3438 hoc,
522 3400 574 3431 99.
597 3415 638 3422 —
661 3398 675 3419 2
701 3397 796 3437 lbid.,
823 3399 875 3429 95.
899 3413 940 3420 —
966 3396 977 3414 ³
1006 3395 1107 3437 lbid.,
1135 3398 1185 3428 14.
1211 3415 1245 3420 -—

219 3446 231 3465 ¹·
252 3447 259 3477 1
285 3446 379 3486 Tim„
404 3454 444 3487 11,
465 3448 496 3478 10.
514 3464 556 3470 —
580 3446 594 3468 ὅ
614 3445 706 3478 Psal.
733 3453 814 3486 xxv,
841 3446 872 3477 3.
893 3462 932 3468 —
956 3445 968 3463 ⁰
993 3443 1083 3475 Psal.
1105 3451 1196 3484 ch1,
1217 3447 1246 3477 2.

2276 170 2353 209 495

1324 260 1412 296 quae
1440 247 1629 286 mandata
1663 248 1798 286 divina
1823 249 1913 286 facit
1949 250 2116 289 nimium
2145 254 2352 302 amabilia,

1324 311 1419 359 quia
1437 311 1554 348 nimis
1575 313 1631 348 cst
1651 311 1845 358 amabile,
1866 314 1976 360 quod
1998 316 2209 354 mandatur
2239 318 2356 355 nimis

1324 373 1486 410 amabili
1497 374 1539 421 (b)
1549 373 1673 411 nimia
1681 373 1877 411 charitate.
1889 377 1931 412 Et
1940 379 2045 423 nota,
2055 379 2164 425 quod
2176 380 2357 417 nimietas

1322 435 1394 473 ista
1407 436 1498 473 facit
1510 436 1743 474 mandatum
1757 436 1873 473 nimis
1888 437 2017 485 facile,
2027 443 2232 486 peccatum
2241 443 2358 480 nimis

1323 498 1497 545 difficile,
1514 500 1708 546 judicium
1723 500 1840 536 nimis
1860 500 2032 538 terribile
2050 516 2058 539 ε
2077 504 2250 549 primum
2270 507 2359 554 qui-

1322 561 1411 599 dem
1433 566 1594 610 propter
1617 564 1782 601 nimiam
1804 565 2050 602 mandatoris
2087 566 2357 614 dulcedinem,-

1321 624 1541 661 secundum
1558 628 1687 662 autem
1703 630 1864 674 propter
1882 627 2046 664 nimiam
2065 630 2283 676 peccatoris
2301 631 2359 666 in-

1323 686 1620 733 gratitudinem;
1649 688 1803 725 tertium
1830 689 1991 726 tandem
2012 693 2174 738 propter
2195 691 2359 728 nimiam

1320 748 1567 796 Judicatoris,
1589 752 1625 786 et
1640 750 1898 787 Vindicatoris
1921 751 2187 789 formidinem.
2211 755 2262 790 De
2281 754 2360 802 pri-

1322 822 1389 848 mo
1408 813 1444 848 ⁷:
1471 825 1489 846 «
1508 813 1646 848 Latum
1673 812 1906 849 mandatum
1925 816 2036 850 tuum
2059 815 2176 851 nimis
2196 827 2204 851 :
2226 829 2243 851 >³
2270 826 2358 852 ecce

1322 874 1554 910 mandatum
1571 874 1686 910 nimis
1706 874 1833 911 facile.
1850 877 1901 911 De
1924 876 2099 912 secundo
2119 876 2216 913 dixit
2236 877 2359 914 David

1324 935 1376 972 ad
1402 937 1607 973 Dominum
1630 937 1667 973 8:
1693 950 1711 971 «
1740 937 1900 974 Peccavi
1926 937 2060 984 nimis,
2083 941 2125 975 ut
2147 938 2224 975 hoe
2259 939 2357 976 sacc-

1322 1008 1424 1034 rem:
1447 1011 1463 1032 n
1480 1009 1568 1035 ecce
1583 1005 1788 1046 peccatum
1803 998 1921 1035 nimis
1935 999 2110 1037 difficile.
2129 1002 2179 1037 De
2194 1001 2308 1038 tertio
2323 1003 2358 1038 ⁹:

1327 1063 1476 1098 «Juxta
1504 1064 1560 1098 est
1599 1061 1683 1099 dies
1709 1062 1864 1099 Domini
1882 1073 2073 1109 magnuS,
2100 1064 2210 1111 juxta
2225 1067 2304 1110 est,
2325 1068 2361 1102 et

1324 1123 1442 1161 velox
1461 1124 1604 1161 nimis.-
1625 1138 1643 1160 »
1666 1135 1754 1161 ecce
1772 1125 1969 1171 judicium
1986 1125 2104 1162 nimis
2124 1127 2310 1164 terribile.

1759 1232 1930 1275 Epilogus.

1372 1316 1477 1352 Patet
1511 1315 1643 1364 itaque
1681 1316 1852 1353 suavitas
1886 1317 2152 1365 praeceptivae,
2190 1317 2359 1355 Psalmo-

1324 1377 1476 1424 grapho
1509 1377 1564 1414 sic
1593 1378 1776 1415 dicente:
1809 1380 2001 1415 Mandas&
2018 1380 2235 1425 justiciam:
2270 1391 2357 1417 ecce

1299 1438 1597 1488 »charissimum
1643 1440 1872 1488 operabile,
1909 1442 2108 1488 pertinens
2151 1442 2203 1478 ad
2245 1442 2358 1479 effec-

1323 1501 1465 1549 tivam3
1497 1504 1711 1539 Testimonz‘a
1739 1506 1801 1539 tua
1823 1516 1831 1540 :
1866 1515 1955 1541 ecce
1981 1503 2254 1541 charissimum
2280 1516 2358 1542 cre-

1325 1563 1470 1606 dibile,
1503 1565 1666 1601 attinens
1692 1565 1744 1602 ad
1771 1566 2067 1613 intellectivam,
2088 1568 2137 1602 Ec
2166 1569 2357 1603 veritatem

1326 1629 1425 1661 tuam
1442 1638 1452 1661 :
1474 1637 1562 1663 ecce
1582 1627 1857 1663 charissimum
1876 1627 2163 1674 desiderabile,
2181 1631 2358 1676 spectans

1325 1688 1376 1725 ad
1408 1688 1650 1736 affectivam,
1678 1691 1828 1735 Nimis,
1860 1701 1949 1727 ecce
1982 1690 2129 1728 amoris
2157 1690 2358 1736 nimietas,

1323 1750 1535 1798 respiciens
1554 1751 1607 1789 ad
1623 1752 1818 1790 charitatis
1837 1753 2152 1800 praerogativam.

1694 1899 1915 1927 VERSlCULUS
1935 1901 1988 1927 X!-

1375 2000 1453 2036 139.
1469 2001 1656 2037 Tabescere
1670 2012 1723 2038 me
1736 2003 1824 2046 feeit
1844 2003 1941 2038 zelus
1958 2012 2068 2048 meus,
2083 2004 2154 2039 ete.
2167 2004 2184 2039 J
2190 2002 2358 2040 ustitiam

1323 2062 1601 2109 praeceptivam
1651 2063 1865 2100 elucidavit
1912 2074 2049 2101 versus
2099 2065 2326 2112 praecedens
2346 2077 2357 2110 ;

1321 2123 1511 2169 justitiam
1543 2125 1866 2162 comminativem
1894 2126 2064 2163 elucidat
2099 2137 2234 2163 versus
2262 2138 2360 2175 prae-

1324 2197 1425 2223 sens,
1448 2188 1532 2223 Haec
1547 2190 1602 2224 est
1615 2187 1765 2234 justitia
1784 2188 1980 2235 terribilis,
2003 2199 2074 2236 per
2092 2199 2213 2236 quam
2234 2189 2359 2225 Domi-

1323 2259 1398 2285 nus
1419 2249 1682 2286 comminatur
1704 2249 1783 2286 suis
1810 2250 2032 2287 terribiliter
2056 2250 2245 2296 inimicis,
2263 2250 2360 2287 sicut

1323 2312 1444 2358 patet,
1475 2311 1545 2347 ubi
1580 2311 1672 2348 dicit
1705 2311 1893 2348 Dominus
1915 2323 1995 2349 ·ore
2024 2312 2256 2360 prophetico
2290 2312 2317 2334 ¹⁰
2349 2325 2357 2350 :

1328 2385 1345 2407 (ι
1380 2373 1648 2411 comminatus
1676 2385 1789 2420 sum,
1828 2377 1871 2411 ut
1907 2374 2151 2410 effunderem
2185 2375 2360 2412 furorem

1322 2444 1459 2471 meum
1489 2445 1607 2482 super
1638 2446 1718 2472 eos.
1745 2449 1762 2469 »
1801 2436 1908 2472 Unde
1942 2435 2139 2482 mirabile,
2175 2438 2213 2472 et
2242 2436 2361 2473 mira-

1323 2496 1452 2533 biliter
1479 2496 1704 2534 miserabile
1732 2497 1902 2543 videtur,
1932 2498 2043 2545 quod
2072 2497 2161 2534 talis
2193 2498 2358 2534 commi-

1323 2558 1430 2596 natio
1456 2570 1611 2607 semper
1638 2559 1679 2596 in
1705 2559 1898 2596 memoria
1923 2571 2006 2596 non
2032 2559 2215 2596 habetur.
2241 2561 2361 2606 Prop-

1323 2623 1428 2658 terea
1447 2621 1540 2658 dicit
1561 2635 1569 2657 :
1596 2623 1804 2668 Tabesccre,
1827 2625 1899 2659 etc.
1913 2649 1926 2668 ,
1947 2621 2061 2669 quasi
2081 2621 2185 2659 dieat
2206 2633 2215 2658 ε
2237 2623 2360 2659 Motus

1323 2694 1412 2720 sum
1431 2683 1704 2721 misericordia
1729 2695 1848 2732 super
1876 2684 2130 2721 inimicorum
2157 2683 2359 2730 vecordia,

1324 2745 1418 2793 quia
1437 2756 1519 2783 non
1537 2746 1684 2783 habent
1700 2746 1741 2783 in
1755 2746 1949 2784 memoria
1967 2746 2092 2784 verba
2112 2745 2178 2783 Dei
2198 2745 2360 2783 commi-

1323 2808 1489 2845 natoria.
1519 2809 1693 2853 Quatuor
1718 2819 1812 2856 ergo
1846 2810 2031 2846 notantur
2056 2808 2098 2845 in
2125 2807 2328 2856 proposito
2348 2819 2357 2844 z

1323 2870 1594 2909 misericordia
1637 2872 1869 2920 prophetica
1884 2900 1896 2920 ,
1942 2872 2138 2910 memoria
2179 2871 2357 2918 lubrica,

1323 2933 1447 2970 verba
1468 2933 1634 2972 terrifica
1647 2962 1660 2980 ,
1680 2935 1868 2973 vecordia
1886 2934 2060 2972 inimica.
2082 2934 2253 2972 Primum
2273 2934 2358 2971 lau-

1324 2994 1458 3033 dabile
1471 3009 1483 3043 3
1506 2997 1722 3034 secundum
1741 2997 2023 3045 vituperabile,
2045 2997 2200 3035 tertium
2225 2996 2358 3034 formi-

1324 3058 1480 3106 dabile,
1503 3059 1572 3097 sed
1594 3062 1780 3108 quartum
1803 3060 2047 3098 detestabile.

1657 3166 1849 3202 Articulus
1866 3167 2023 3212 primus.

1371 3248 1546 3286 Primum
1576 3250 1706 3304 patet,
1740 3258 1831 3286 cum
1859 3247 2001 3285 dicitur
2029 3259 2039 3285 z
2084 3247 2267 3284 Tabescere
2303 3259 2357 3285 me

1323 3350 1364 3357 —
1398 3334 1408 3352 ⁷
1442 3332 1534 3365 Psal.
1574 3333 1666 3373 hoc,
1695 3335 1747 3366 96.
1781 3350 1821 3357 -
1851 3333 1865 3354 ³
1895 3333 1907 3364 l
1941 3331 2105 3374 Paralip„
2137 3339 2219 3375 xxl,
2250 3333 2282 3366 8.
2316 3349 2355 3357 —

1323 3381 1337 3403 ⁹
1358 3381 1518 3422 Soph‹m.‚
1538 3389 1564 3421 1,
1586 3383 1636 3413 14.
1655 3398 1696 3404 —-
1719 3382 1744 3404 ¹⁰
1763 3380 1896 3421 Ezech„
1917 3388 1974 3421 xx,
1998 3381 2052 3412 21.

1374 3446 1416 3486 (α)
1436 3444 1735 3485 Le9.1nentem.——
1755 3442 1799 3485 (h)
1821 3444 1897 3484 Ley.
1914 3440 2079 3476 amabilis.
