2633 3878
1003 202 1243 245 PSALMUS
1275 203 1446 245 CXVIII.

154 297 320 336 bonitati
350 297 656 345 respondentem
680 309 688 334 ε
722 299 816 344 puta
843 303 1002 331 servum
1034 293 1185 341 impro-

153 362 332 405 vectum,
366 361 621 407 provectum,
648 359 829 396 electum.
860 355 1030 393 Servitus
1058 354 1187 402 prima

155 422 282 469 bona;
305 422 479 459 secunda
498 422 652 467 melior;
674 420 785 458 tertia
801 419 963 466 optima.
986 420 1037 454 De
1057 417 1186 465 primo

155 484 407 531 intelligitur,
445 484 556 532 (111οᾶ
588 483 732 530 legitur
758 482 801 518 ¹:
835 496 853 516 «
885 480 1018 518 Omnis
1052 489 1188 516 servus

155 546 353 595 emptitius
381 545 702 591 circumcidetur3
724 559 741 578 »
767 555 811 581 ac
837 543 869 580 si
901 543 1093 580 diceretur
1121 553 1188 578 ex-

154 608 325 656 pressius
347 620 355 644 :
380 608 515 645 Omnis
534 607 636 644 servi
664 606 912 654 improvecti,
933 616 956 642 a
976 615 1078 641 vana
1099 614 1190 641 con-

154 671 374 708 versatione
389 670 598 718 redempti,
620 669 868 717 superfluitas
882 667 1117 704 succidetur.
1139 668 1189 703 De

155 733 330 770 seeundo
358 735 623 780 competenter
649 731 873 780 exponitur,
902 730 1012 778 quod
1041 739 1189 777 propo-

155 795 258 832 nitur
272 797 305 830 ²:
328 808 346 829 1(
365 796 505 842 Sospes
521 805 655 831 servus
675 797 765 831 tuus
783 796 894 841 pater
912 796 1045 829 noster
1059 791 1190 828 adhuc

155 858 263 894 vivit.
279 870 297 892 »
315 859 364 894 De
384 857 497 894 tertio
514 856 789 904 accipiendum
812 854 1066 901 dignoscitur,
1080 853 1191 901 (111οᾶ

157 919 297 956 dicitur
313 921 325 941 ³³
343 931 351 955 :
378 933 395 953 (ι
417 922 558 958 Servus
578 929 688 955 meus
708 929 746 954 es
771 921 832 964 tu3
855 917 955 963 elegi
976 920 1032 961 te,
1054 919 1091 952 et
1111 925 1192 952 non

157 980 283 1028 abJ'eci
302 983 352 1018 te.
374 994 391 1013 »

497 1077 689 1113 Artieztlus
715 1077 857 1112 tertius.

202 1169 371 1208 Tertium
399 1172 627 1216 annotatur,
662 1180 752 1206 cum
785 1169 974 1206 additur:
1015 1171 1191 1206 Domine:

157 1233 328 1269 Dominus
348 1232 469 1277 enim,
486 1231 576 1268 licet
596 1233 642 1269 sit
660 1242 809 1268 nomen
830 1231 1047 1277 essentiale,
1067 1231 1193 1267 tribus

154 1294 333 1343 personis
357 1305 588 1339 commune,
624 1297 751 1342 potest
779 1298 907 1331 tamen
936 1293 1194 1341 personaliter

159 1356 299 1404 accipi,
319 1359 357 1393 01
375 1367 554 1404 personae
572 1356 692 1393 Patris
713 1356 975 1404 appropriari.
1000 1356 1107 1393 Unde
1125 1366 1194 1393 no-

160 1418 346 1465 tandum,
383 1419 494 1466 quod
518 1429 666 1456 nomen
698 1421 842 1455 Domini
872 1419 1015 1465 legitur
1048 1428 1193 1466 appro-

158 1483 331 1531 priatum
350 1483 449 1520 Patri
470 1483 544 1520 sub
573 1482 715 1530 triplici
742 1482 903 1519 notione
923 1481 1070 1529 patris:
1093 1492 1192 1529 qua-

157 1556 247 1582 rum
265 1545 394 1593 prima
413 1545 596 1591 negativa
614 1544 777 1592 propria
787 1557 797 1591 3
826 1544 1001 1581 secunda
1020 1544 1193 1581 affirma-

157 1608 236 1644 tiva
259 1607 444 1655 propria3
472 1607 584 1644 tertia
610 1606 847 1643 affirmativa
868 1607 1112 1643 eommunis:
1135 1606 1194 1642 vi-

157 1669 301 1706 delicet
326 1668 657 1712 innascibilitatis,
686 1668 947 1716 paternitatis,
971 1668 1194 1705 communis

156 1731 391 1780 spirationis.
416 1731 588 1769 Primum
612 1733 718 1778 patet
736 1731 774 1767 ¹⁴:
802 1744 819 1765 «
840 1731 1097 1778 Respondens
1121 1733 1195 1768 Do-

157 1794 288 1831 minus
306 1795 380 1831 Job
400 1794 451 1830 de
466 1793 635 1838 turbine,
652 1793 726 1830 ait:
746 1794 837 1838 Quis
852 1796 940 1830 ante
955 1793 1064 1830 dedit
1081 1793 1192 1838 mihi,

157 1859 201 1893 ut
227 1856 395 1893 reddam
423 1856 482 1893 ei‘?
503 1869 520 1890 »
545 1856 658 1904 quasi
686 1855 815 1892 dicat:
850 1855 1000 1893 Nullus.
1022 1855 1114 1900 Quis
1140 1857 1196 1892 est

159 1918 228 1956 iste
253 1918 462 1964 Dominus,
483 1919 552 1966 (1111
581 1918 738 1955 nullum
756 1918 874 1954 habet
895 1921 1003 1964 ante,
1025 1917 1100 1953 nisi
1121 1919 1194 1953 Do-

158 1981 290 2018 minus
322 1983 432 2018 Pater
464 1981 590 2024 solus,
627 1991 707 2028 (1110
742 1980 874 2017 01111115
913 1980 1084 2017 anterior
1123 1990 1195 2016 nec

158 2047 348 2092 tempore,
365 2054 436 2080 nec
457 2043 659 2090 dignitate,
671 2054 744 2079 nec
765 2042 942 2089 origine?
962 2045 1057 2080 Nam
1077 2041 1195 2079 Filius

159 2109 195 2144 et
214 2106 378 2154 Spiritus
391 2109 560 2150 sanetuS,
576 2105 645 2142 etsi
665 2116 746 2142 non
766 2105 939 2142 habeant
958 2105 1194 2142 anteriorem

158 2173 355 2218 tempore,
371 2169 437 2205 vel
462 2168 651 2215 dignitate
664 2197 675 2214 ,
703 2168 852 2205 habent
872 2171 1004 2205 tamen
1024 2168 1196 2205 anterio-

157 2242 243 2270 rem
275 2231 440 2279 origine.
473 2234 547 2268 Aut
586 2230 674 2278 quis
706 2230 916 2277 Dominus,
953 2230 1016 2266 eui
1060 2229 1195 2266 nullus

159 2294 290 2341 dedit,
317 2294 392 2331 nisi
421 2293 609 2331 Dominus
638 2295 750 2330 Pater
778 2293 907 2339 solus,
940 2292 1009 2341 qui
1036 2303 1059 2329 a
1083 2292 1195 2329 nullo

159 2356 326 2404 accepit,
357 2355 548 2404 quoniam
574 2366 596 2392 a
622 2354 734 2391 nullo
759 2353 965 2401 procedit?
989 2355 1087 2390 Nam
1110 2354 1196 2390 aliae

159 2429 338 2466 personae
365 2418 458 2455 inde
486 2417 697 2464 accipiunt,
725 2416 833 2452 unde
861 2415 1097 2463 procedunt.
1130 2417 1195 2453 Se-

161 2481 337 2518 cundum
356 2480 482 2528 liquet
496 2480 529 2516 ⁵:
554 2493 573 2513 «
593 2478 795 2526 Numquid
814 2489 908 2525 ego,
935 2477 1004 2526 qui
1032 2488 1196 2525 genera-

161 2544 310 2582 tionem
343 2543 490 2581 cunctis
521 2541 674 2587 tribuo,
705 2541 844 2578 sterilis
868 2552 959 2588 ero,
989 2541 1043 2578 ait
1062 2532 1195 2577 Domi-

161 2610 266 2645 nus?
292 2621 309 2643 »
339 2607 431 2653 Quis
461 2606 531 2643 iste
565 2605 752 2642 Dominus
777 2604 1071 2651 generationem
1098 2604 1197 2641 dans

162 2670 444 2719 temporaliter,
474 2671 511 2706 et
543 2678 736 2716 generans
763 2666 1095 2714 intemporaliter,
1122 2666 1197 2703 nisi

161 2734 268 2772 solus
288 2733 477 2771 Dominus
497 2733 631 2769 Pater?
651 2730 820 2768 Tertium
836 2729 982 2766 lucetss:
1001 2742 1018 2763 «
1035 2729 1198 2777 Spiritus

162 2796 317 2835 Domini
345 2795 512 2844 replevit
538 2795 676 2832 orbem
705 2795 910 2830 terrarum.
937 2804 955 2827 n
977 2792 1096 2839 Cujus
1122 2794 1197 2830 Do-

162 2859 275 2905 mini,
288 2859 363 2906 nisi
377 2858 497 2896 Patris
517 2861 554 2895 et
569 2856 669 2903 Filii,
684 2855 754 2904 qui
770 2858 860 2893 sunt
877 2865 979 2892 unus
996 2855 1197 2902 Dominus,

162 2922 203 2959 in
221 2925 415 2971 quantum
435 2921 531 2958 dant
547 2930 673 2957 unum
692 2929 836 2956 munus
848 2921 866 2954 Σ)

488 3028 674 3064 Articulus
701 3029 871 3073 quartus.

211 3115 401 3160 Quartum
433 3111 658 3157 denotatur,
685 3121 775 3148 cum
801 3109 942 3147 dicitur
964 3120 972 3145 ε
1000 3109 1200 3146 Secundum

163 3177 308 3215 v‘erbum
325 3179 441 3220 tuum,
449 3173 560 3222 quod
579 3173 724 3220 dixisti,
743 3183 834 3209 eum
850 3171 991 3208 Filium
1012 3171 1177 3218 genuisti
1187 3185 1198 3219 3

166 3239 386 3277 secundum
411 3247 532 3286 quem
558 3237 699 3273 cuncta
724 3234 842 3281 facis,
879 3233 947 3281 qui
982 3233 1201 3271 secundum

167 3304 291 3340 artem
311 3302 450 3338 cuncta
468 3298 575 3337 facis.
609 3301 694 3346 lpse
715 3296 845 3343 enim,
874 3295 1094 3333 secundum
1123 3298 1202 3334 Au-

169 3363 367 3412 gustinum
395 3364 429 3411 ⁷,
456 3364 514 3401 est
540 3372 602 3400 ars
635 3358 918 3408 omnipotentis
951 3360 989 3396 et
1018 3357 1204 3407 sapientis

212 3451 220 3469 ¹
240 3449 360 3489 Eoeod.,
381 3457 446 3490 κη,
469 3450 520 3482 44.
539 3466 581 3472 -
603 3448 614 3467 ²
631 3447 728 3486 Gen„
748 3454 852 3485 nur,
871 3446 922 3478 48.
940 3461 982 3468 —
1000 3443 1014 3466 ³
1032 3443 1112 3484 Isa„
1131 3451 1203 3485 xm,

170 3499 200 3530 9.
215 3514 256 3521 —
277 3497 287 3517 ⁴
305 3496 383 3536 Job,
403 3505 477 3538 xm,
496 3498 528 3528 2.
547 3513 587 3520 —
607 3495 621 3517 ⁸
639 3496 720 3529 ssa..
749 3501 848 3535 vai,
871 3495 901 3525 9.
919 3510 959 3517 -
981 3492 994 3514 ⁶
1013 3492 1107 3533 Sap.‚
1127 3499 1152 3531 1,
1171 3493 1203 3524 7.

2216 215 2293 254 403

1266 293 1330 329 tici
1346 320 1358 338 ,
1379 292 1500 340 plena
1519 292 1699 329 omnium
1719 295 1916 333 rationum
1935 298 2176 346 viventium,
2197 300 2296 338 sicut

1265 354 1448 390 scribitur
1469 353 1520 390 ab
1542 364 1603 391 co.
1625 355 1691 391 Hic
1710 359 1838 402 potest
1856 360 1983 396 notari
2011 361 2094 399 sine
2112 363 2295 411 praejudi-

1265 417 1326 452 cio
1342 416 1452 453 verbi
1465 416 1602 462 divini,
1616 419 1651 453 et
1661 417 1840 465 humani,
1853 421 1951 458 trina
1963 426 2182 471 proportio.
2194 426 2297 464 Sicut

1266 479 1370 515 enim
1390 478 1559 515 verbum
1588 479 1808 517 humanum
1827 481 2052 521 humanitus
2075 487 2295 535 prolatum,

1267 543 1322 577 cst
1338 551 1416 578 vox
1436 540 1694 587 significativa
1708 572 1720 586 ,
1741 542 1794 580 ita
1813 544 1981 582 verbum
2001 547 2187 586 divinitus
2206 561 2298 598 pro-

1266 602 1389 639 latum
1411 605 1467 639 cst
1491 603 1625 650 proles
1654 604 1744 642 viva
1776 605 1987 655 spirativa3
2017 620 2189 657 quorum
2222 613 2300 650 sin-

1268 664 1360 711 gula
1388 668 1477 701 sunt
1507 665 1673 712 singulis
1703 669 2030 715 proportionalia.
2058 673 2186 711 Prima
2211 685 2301 722 pro-

1268 726 1397 774 portio
1417 730 1524 775 patet
1543 738 1590 763 ex
1611 738 1680 775 οο,
1704 730 1815 776 (111οᾶ
1841 731 1939 768 510111
1965 733 2135 771 verbum
2163 735 2302 774 huma-

1267 800 1387 835 num,
1407 790 1448 826 in
1480 793 1674 838 quantum
1699 801 1804 838 VOX,
1839 796 1895 830 est
1924 794 1964 832 in
1996 796 2174 845 dicente,
2205 799 2304 837 sicut

1267 852 1487 900 procedens
1506 853 1547 889 in
1571 862 1652 889 non
1670 855 1930 903 procedente,
1953 861 1990 895 et
2017 859 2071 896 sie
2098 860 2275 900 distinete
2289 875 2300 910 ;

1268 914 1321 951 ita
1337 914 1508 951 Verbum
1525 914 1726 961 divinum,
1747 916 1787 953 in
1806 922 1997 965 quantum
2014 922 2168 970 proles,
2189 927 2246 961 est
2263 925 2303 962 in

1268 979 1399 1022 Patre,
1422 977 1520 1015 sicut
1544 979 1767 1026 procedens
1799 980 1840 1016 in
1865 991 1949 1018 non
1974 985 2238 1034 procedente,
2269 990 2306 1024 et

1269 1039 1324 1076 sic
1340 1039 1528 1088 *distinete
1550 1044 1743 1089 quantum
1777 1043 1830 1080 ad
1851 1043 2141 1084 distinctionem
2170 1059 2306 1096 perso-

1268 1101 1420 1139 nalem:
1435 1102 1545 1150 quod
1564 1107 1721 1141 notatur
1740 1105 1781 1141 in
1795 1105 1864 1142 illo
1881 1107 2003 1144 verbo
2018 1110 2248 1157 evangelico
2264 1112 2278 1133 ⁸
2293 1124 2301 1149 z

1273 1178 1290 1198 «
1311 1165 1484 1202 Verbum
1504 1169 1586 1203 erat
1612 1167 1722 1215 apud
1748 1169 1870 1205 Deum
1885 1197 1896 1215 ,
1914 1182 1932 1204 n
1958 1172 2149 1219 tanquam
2171 1184 2306 1222 perso-

1269 1226 1410 1264 naliter
1433 1228 1659 1266 distinctum
1682 1242 1689 1266 :
1713 1229 1754 1266 in
1785 1242 1865 1279 quo
1885 1231 2073 1272 refellitur
2099 1247 2208 1274 error
2238 1240 2304 1276 Sa-

1269 1289 1550 1337 bellianorum,
1571 1294 1825 1340 personalem
1845 1294 2137 1336 distinctionem
2157 1311 2306 1349 negan-

1269 1352 1380 1388 tium.
1402 1353 1799 1403 Secundaproportio
1811 1359 1919 1405 patet
1935 1369 1983 1396 ex
2001 1371 2063 1406 co,
2080 1363 2189 1409 quod
2206 1363 2305 1401 sicut

1269 1415 1436 1452 verbum
1457 1416 1677 1454 humanum
1691 1446 1703 1464 ,
1725 1418 1765 1455 in
1786 1412 1979 1467 quantum
2000 1423 2136 1461 vivum
2149 1453 2162 1471 ,
2183 1429 2240 1463 est
2264 1426 2305 1463 in

1269 1476 1436 1523 dicente,
1449 1478 1547 1515 sicut
1560 1479 1696 1517 vivens
1707 1480 1747 1517 in
1765 1481 1933 1529 vivente,
1947 1486 1984 1521 et
1995 1485 2050 1522 sic
2061 1486 2281 1526 indistincte
2293 1502 2304 1537 3

1269 1540 1323 1577 ita
1342 1541 1516 1578 Verbum
1542 1542 1744 1590 divinum,
1777 1545 1817 1581 in
1845 1550 2038 1594 quantum
2057 1550 2222 1598 vivum,
2252 1555 2308 1589 est

1269 1602 1310 1638 in
1331 1604 1440 1640 Patre
1454 1632 1466 1650 ,
1489 1604 1587 1642 sicut
1606 1605 1743 1642 vivens
1763 1607 1802 1643 in
1821 1607 1977 1646 vivente
1991 1639 2003 1656 ,
2038 1614 2076 1648 et
2107 1612 2162 1649 sic
2187 1613 2307 1651 indis-

1270 1664 1384 1701 tincte
1402 1669 1594 1713 quantum
1611 1667 1664 1704 ad
1677 1668 2013 1709 indistinctionem
2033 1676 2281 1714 essentialem
2297 1689 2306 1714 z

1269 1727 1381 1774 quod
1400 1729 1558 1765 notatur
1576 1729 1727 1768 ibidem
1758 1731 1799 1768 in
1825 1732 1894 1770 illo
1916 1735 2039 1773 verbo
2067 1749 2075 1774 :
2107 1739 2203 1776 Deus
2229 1745 2308 1777 erat

1275 1790 1447 1836 Verbum,
1469 1792 1660 1839 tanquam
1677 1795 1931 1833 essentialiter
1948 1797 2217 1838 indistinctum
2239 1815 2247 1839 :
2266 1801 2307 1840 in

1271 1862 1351 1899 (1110
1371 1853 1561 1890 refellitur
1581 1865 1690 1892 error
1710 1857 1960 1906 Arianorum,
1981 1863 2229 1901 essentialem
2249 1865 2307 1902 in-

1270 1913 1836 1961 distinetionemfdiffitentium.
1854 1922 1978 1960 Tertia
1985 1926 2190 1973 proportio
2201 1930 2308 1974 patet

1271 1986 1319 2012 ex
1339 1987 1405 2023 eo,
1428 1978 1539 2025 quod
1559 1978 1658 2017 sicut
1676 1981 1844 2019 verbum
1862 1983 2103 2034 humanum,
2125 1988 2166 2025 in
2183 2000 2307 2038 quan-

1270 2040 1354 2075 tum
1374 2039 1677 2086 significativum
1691 2072 1702 2090 ,
1726 2047 1782 2081 est
1800 2045 1841 2082 in
1862 2045 2015 2085 dicente
2028 2077 2040 2096 ‚
2070 2049 2168 2088 sicut
2186 2052 2306 2100 signi—

1269 2100 1392 2138 ficans
1412 2102 1453 2139 in
1470 2103 1715 2150 significante
1732 2135 1744 2153 ,
1767 2110 1803 2144 01
1822 2108 1875 2145 510
1894 2109 2035 2148 iterum
2056 2112 2277 2153 indistincte
2292 2129 2303 2163 ;

1268 2163 1321 2200 ita
1341 2164 1513 2202 Verbum
1533 2165 1735 2214 divinum,
1764 2170 1805 2206 in
1826 2174 2019 2219 quantum
2045 2175 2276 2223 spirativum
2292 2206 2304 2225 ,

1271 2226 1384 2263 estin
1405 2230 1538 2273 Patre,
1575 2228 1673 2266 sieut
1704 2231 1856 2280 spirans
1886 2235 1928 2271 in
1959 2236 2158 2286 spirante,
2190 2243 2226 2277 et
2252 2241 2306 2279 sic

1269 2289 1412 2326 iterum
1430 2290 1652 2330 indistincte
1673 2298 1865 2342 quantum
1895 2297 1947 2335 ad
1974 2299 2307 2341 indistinctionem

1269 2352 1514 2390 notionalem
1531 2366 1539 2391 :
1557 2356 1668 2403 quod
1685 2360 1842 2396 notatur
1855 2360 2006 2400 ibidem
2023 2362 2064 2400 in
2076 2363 2146 2402 illo
2164 2366 2303 2414 verbo,

1269 2413 1346 2450 hoc
1364 2414 1512 2452 seilicet
1527 2417 1540 2438 ⁹
1563 2428 1571 2453 ε
1598 2429 1615 2451 «
1633 2419 1806 2457 Verbum
1826 2426 1908 2460 erat
1925 2423 1967 2460 in
1984 2425 2181 2475 principio
2198 2429 2306 2476 apud

1271 2477 1419 2521 Deum,
1437 2490 1455 2512 »
1480 2479 1671 2526 tanquam
1698 2485 1959 2528 personaliter
1988 2487 2240 2536 distinctum,
2270 2493 2307 2527 et

1270 2538 1520 2576 notionaliter
1540 2540 1821 2582 indistinctum.
1840 2547 1956 2591 Quod
1976 2549 2081 2588 enim
2101 2551 2178 2589 ait:
2194 2553 2308 2600 Apud

1271 2602 1406 2647 Deum,
1439 2603 1606 2649 pertinet
1633 2605 1686 2641 ad
1715 2606 2007 2648 distinctionem
2035 2614 2305 2662 personalem;

1272 2664 1378 2711 quod
1402 2667 1534 2702 autem
1554 2666 1649 2704 dicit
1667 2679 1675 2704 ε
1700 2669 1744 2706 In
1759 2672 1946 2718 principio
1959 2701 1972 2720 ,
1993 2675 2161 2722 pertinet
2179 2676 2232 2714 ad
2251 2677 2308 2715 in-

1272 2724 1564 2765 distinctionem
1590 2730 1848 2770 notionalem.
1879 2735 1960 2772 Hoc
1988 2736 2228 2786 principium
2255 2742 2311 2777 est

1273 2790 1495 2827 communis
1515 2792 1702 2841 spiratio,
1740 2796 1963 2835 secundum
1996 2810 2121 2848 quam
2139 2803 2250 2840 Pater
2274 2807 2311 2842 et

1273 2852 1390 2889 Filius
1422 2855 1512 2890 sunt
1542 2865 1668 2893 unum
1700 2857 1942 2907 principium
1979 2867 2159 2911 respectu
2187 2866 2309 2904 saneti

1273 2915 1449 2963 Spiritus,
1464 2919 1625 2956 testante
1643 2921 1860 2968 Augustino
1875 2922 1913 2960 ¹⁰.
1933 2926 1975 2962 ln
1990 2936 2072 2973 quo
2090 2928 2311 2967 retunditur

1273 2989 1382 3016 error
1401 2980 1640 3029 Graecorum‚
1659 2984 1916 3031 spirationem
1936 2988 2105 3028 activam
2121 2992 2192 3029 soli
2211 2993 2311 3030 Patri

1274 3044 1582 3084 attribuentium.
1627 3051 1713 3086 Haec
1751 3051 1826 3089 tria
1858 3052 2047 3101 implicite
2081 3058 2314 3105 praenotavit

1274 3109 1541 3157 avangelista,
1563 3122 1654 3149 eum
1674 3113 1728 3151 ait
1748 3126 1757 3151 :
1777 3116 1821 3152 In
1835 3118 2023 3164 principio
2037 3123 2113 3157 erat
2135 3122 2309 3166 Verbum

1275 3183 1320 3210 ae
1348 3172 1378 3209 si
1411 3172 1558 3211 diceret
1580 3187 1588 3211 :
1611 3177 1654 3212 In
1672 3178 1782 3214 Patre
1815 3182 1898 3215 erat
1923 3179 2042 3218 Filius
2076 3192 2156 3220 uno
2188 3184 2311 3222 modo

1276 3235 1479 3274 distinctus
1499 3266 1511 3284 ,
1533 3238 1604 3275 sed
1628 3238 1787 3277 duobus
1814 3240 2062 3280 indistinctus
2091 3256 2100 3281 ε
2131 3244 2313 3285 videlicet

1276 3298 1479 3337 distinctus
1494 3301 1778 3349 personaliter;
1801 3303 1870 3340 sed
1889 3303 2137 3344 indistinctus
2154 3309 2312 3347 natura-

1277 3415 1318 3448 1-
1341 3398 1354 3420 7
1381 3399 1481 3450 Aug,
1507 3399 1548 3431 de
1566 3398 1670 3439 Trin„
1699 3398 1756 3431 lib.
1784 3400 1846 3441 Vl,
1884 3411 1914 3433 0.
1945 3411 1980 3442 x,
2017 3413 2051 3437 n.
2075 3407 2107 3438 11
2127 3416 2138 3448 ς
2158 3406 2192 3439 in
2217 3408 2312 3451 Gen„

1278 3442 1335 3474 hb.
1359 3443 1399 3485 11,
1420 3453 1450 3498 0.
1472 3451 1589 3498 1111-
1607 3446 1618 3463 ⁸
1633 3445 1741 3486 loon„
1764 3454 1787 3487 ῐ,
1810 3450 1838 3479 1.
1860 3465 1900 3472 -
1924 3449 2053 3493 ο1111(1.,
2072 3454 2146 3484 2.-
2168 3455 2195 3476 ¹⁰
2213 3457 2313 3499 Aug„

1278 3491 1317 3523 de
1337 3491 1476 3531 Tri‘mt„
1495 3492 1555 3524 hb.
1578 3493 1620 3533 V,
1641 3502 1672 3525 0.
1694 3501 1765 3535 xiv,
1786 3503 1822 3527 0.
1845 3498 1895 3528 15.
