2633 3878
1030 258 1272 301 PSALMUS
1302 261 1475 302 cxviii.

184 356 302 404 pheta
323 356 360 392 ¹:
387 366 406 389 «
425 352 656 391 Humiliatus
674 361 782 397 sum,
811 352 848 387 et
875 349 966 386 silui
991 360 1014 386 a
1032 349 1174 387 bonis:
1198 363 1214 383 υ

185 428 274 455 ecce
295 417 435 455 affatus
450 414 618 465 tardior.

505 518 694 554 Articulus
713 515 899 553 secundus.

231 602 456 642 Secundum
486 600 734 645 subnotatur,
774 610 864 636 cum
897 598 1080 635 subditur
1100 611 1110 634 ε
1149 600 1220 634 Do-

184 669 300 709 mine,-
321 664 512 714 quoniam
536 663 612 700 hoc
641 672 789 699 nomen
814 662 1000 710 importat
1022 662 1220 706 timorem,

180 730 293 778 Juxta
311 728 411 766 illud
432 727 634 775 Prophetae
649 725 688 762 ²:
721 739 737 759 «
757 724 793 762 Si
814 735 887 771 ego
909 724 1098 761 Dominus
1117 736 1220 770 sum,

182 792 253 830 ubi
268 793 325 829 est
338 791 453 829 timor
469 801 594 835 meuS,
612 789 706 826 dicit
718 787 905 825 Dominus
919 788 1188 825 exercituum?
1201 801 1216 821 n

183 856 263 892 Hoc
295 864 443 891 nomen
481 853 744 899 cognoscunt,
783 851 851 899 qui
889 850 1134 897 tremiscunt3
1172 850 1220 887 de

184 917 329 965 quibus
348 916 554 963 psallimus
573 915 586 938 ³
603 927 611 952 :
634 927 653 948 ι(
672 915 937 961 cognoscunt,
959 913 1054 961 quia
1074 923 1221 950 nomen

183 979 254 1017 tibi
274 981 398 1016 Deus:
422 992 440 1013 »
457 977 564 1014 unde
587 979 847 1024 cognoscetur
867 976 1054 1013 Dominus
1070 976 1222 1022 judicia

179 1041 346 1085 faciens,
379 1041 447 1089 qui
474 1051 557 1077 non
590 1040 662 1076 fuit
688 1038 868 1086 cognitus
893 1038 1124 1086 praejudicia
1150 1049 1222 1086 pa-

180 1104 291 1141 tiens.
320 1103 397 1141 Sed
426 1105 540 1148 nota,
573 1102 683 1150 quod
711 1100 900 1138 Dominus
931 1101 1114 1138 timorem
1146 1102 1220 1138 im-

180 1166 296 1204 mittit
320 1165 373 1202 ad
392 1165 465 1202 tria
486 1178 496 1201 :
525 1165 578 1202 ad
602 1164 753 1201 malum
783 1163 1063 1209 auferendum,
1083 1165 1135 1202 ad
1152 1171 1220 1202 've-

179 1239 268 1265 rum
289 1227 596 1276 proferendum,
628 1227 681 1263 ad
711 1226 877 1263 Domino
908 1226 1217 1264 cohaerendum:

180 1302 351 1340 quorum
378 1291 551 1338 primum
580 1290 834 1337 purgativum
843 1302 853 1336 3
886 1290 1106 1326 secundum
1134 1289 1220 1327 illu-

180 1353 432 1398 minativum3
464 1352 621 1390 tertium
648 1352 1020 1389 consummativum.
1056 1353 1107 1388 De
1139 1352 1220 1400 pri-

180 1427 246 1454 mo
266 1415 280 1437 ⁵
299 1428 306 1452 :
336 1414 507 1452 «Invasit
525 1414 643 1452 timor
663 1414 817 1451 Domini
837 1414 1048 1462 populum,
1069 1416 1106 1450 et
1127 1425 1220 1450 con-

180 1479 328 1527 gregati
359 1481 449 1515 sunt
479 1478 592 1526 quasi
623 1477 685 1514 vir
715 1488 843 1514 unus:
874 1491 890 1511 n
915 1488 1004 1514 ecce
1035 1477 1219 1513 timorem

178 1541 427 1579 Dominicum
445 1540 668 1577 immissum
693 1540 745 1576 ad
767 1539 920 1576 malum
941 1539 1215 1576 auferendum.

180 1606 229 1641 De
249 1603 425 1640 secundo
446 1602 540 1638 dicit
561 1602 746 1638 Dominus
766 1602 1058 1639 exercituum5:
1080 1614 1099 1635 «
1121 1602 1217 1638 Dedi

176 1666 232 1714 ei,
248 1680 267 1702 n
295 1664 563 1710 scilicetLevi,
587 1665 816 1710 «timorem,
838 1668 874 1702 et
892 1665 1020 1701 timuit
1039 1676 1117 1710 me,
1139 1668 1175 1701 et
1195 1675 1219 1702 a

175 1727 274 1767 facie
292 1727 466 1766 nominis
488 1727 567 1764 mei
587 1727 759 1775 pavebat
778 1739 786 1763 :
808 1727 874 1764 lex
893 1727 1066 1764 veritatis
1085 1727 1158 1764 fuit
1176 1726 1217 1764 in

177 1802 246 1830 ore
265 1792 349 1838 eJus
365 1803 373 1828 :
393 1805 410 1825 n
429 1801 516 1828 ecce
531 1790 713 1826 timorem
727 1789 975 1827 Dominicum
989 1789 1214 1826 immissum

177 1854 230 1891 ad
249 1864 388 1891 verum
406 1852 702 1901 proferendum.
726 1854 776 1889 De
796 1851 908 1889 tertio
925 1853 938 1874 θ
955 1863 963 1888 :
987 1867 1004 1885 «
1027 1851 1123 1889 Dicit
1143 1854 1215 1889 Do-

177 1916 308 1953 minus
328 1917 427 1953 Deus
442 1915 559 1954 Israel
576 1915 626 1952 ad
646 1915 842 1952 civitatem
855 1915 958 1952 hanc
969 1928 979 1962 3
1000 1929 1018 1949 »
1038 1918 1074 1952 et
1092 1914 1211 1952 infra:

181 1991 199 2014 «
216 1978 412 2016 Timorem
431 1989 565 2015 meum
581 1977 686 2014 dabo
707 1979 748 2014 in
764 1977 883 2015 corde
904 1989 1056 2020 eorum,
1072 1980 1114 2014 ut
1132 1987 1214 2014 non

174 2041 361 2079 recedant
393 2052 417 2078 a
447 2052 538 2078 me:
570 2055 586 2074 υ
618 2051 708 2078 ecce
745 2041 928 2078 timorem
967 2040 1213 2078 dominicum

173 2105 393 2143 immissum
413 2105 465 2142 ad
487 2104 652 2141 Domino
674 2104 967 2142 cohaerendum.

516 2211 700 2246 Articulus
721 2212 861 2247 tertius.

217 2294 387 2332 Tertium
407 2293 628 2339 annotavit,
650 2304 739 2330 cum
764 2293 941 2330 additur:
967 2295 1122 2340 Vivifica
1141 2306 1208 2332 me.

171 2360 256 2395 Haec
274 2356 486 2394 vivificatio
509 2359 565 2393 est
583 2355 724 2393 mentis
737 2356 962 2403 languentis
982 2357 1207 2404 medicatio,

171 2432 240 2458 seu
259 2420 465 2467 languoris
486 2418 713 2456 eradicatio.
737 2421 779 2455 Et
797 2422 914 2464 nota,
938 2419 1048 2467 quod
1073 2424 1129 2457 est
1147 2421 1207 2457 vi-

170 2482 342 2519 vificatio
361 2481 552 2530 tripartita
574 2493 583 2517 :
613 2480 797 2528 quaedam
819 2481 1044 2528 gratificans
1067 2494 1075 2518 :
1099 2493 1208 2534 quae-

171 2547 263 2584 dam
288 2545 547 2593 magnificans
567 2557 575 2582 :
604 2545 790 2593 quaedam
820 2545 1059 2591 glorificans.
1081 2546 1209 2584 Prima

170 2609 277 2647 ducit
293 2620 316 2647 a
335 2607 527 2657 spirituali
546 2618 627 2644 non
648 2617 752 2653 esse,
774 2606 827 2644 ad
846 2617 950 2654 esse3
972 2608 1165 2653 secunda,
1186 2619 1210 2645 a

168 2672 315 2710 minori
342 2682 447 2717 esse,
480 2671 533 2708 ad
557 2670 684 2717 majus
713 2680 820 2707 esse:
850 2669 982 2716 tertia,
1014 2681 1038 2707 a
1065 2670 1208 2717 maj0ri

169 2747 267 2783 esse,
290 2735 342 2772 ad
360 2734 580 2783 perfectum
599 2744 695 2770 esse.
717 2735 768 2770 Dc
787 2733 917 2781 prima
930 2735 962 2770 ⁷:
983 2747 1001 2768 «
1021 2734 1208 2772 Dominus

167 2798 398 2844 mortificat,
431 2801 468 2834 et
497 2796 682 2833 vivificat.
716 2809 733 2830 »
769 2795 999 2833 Mortificare
1051 2796 1207 2843 dicitur,

166 2872 249 2899 non
273 2860 491 2898 auferendo
519 2859 708 2907 gratiam,
735 2858 880 2896 scilicet
903 2869 985 2896 non
1004 2859 1207 2896 afferendo

167 2924 295 2971 ipsam
317 2923 358 2960 in
383 2923 558 2960 animam
589 2921 888 2970 indispositam:
921 2932 1010 2959 ecce
1030 2921 1207 2959 vivifica-

166 2985 222 3023 tio
252 2985 487 3032 gratifieans.
511 2986 562 3021 De
589 2984 765 3022 seeundo
786 2985 825 3021 ⁸:
853 2998 871 3018 «
897 2984 1080 3030 Domine,
1107 2995 1208 3032 opus

168 3051 294 3094 tuum,
314 3048 355 3084 in
373 3047 507 3085 medio
521 3057 720 3084 annorum
742 3046 902 3084 vivifica
923 3047 1037 3084 illud.
1061 3060 1079 3081 »
1102 3048 1208 3096 opus

169 3111 234 3149 Dei
259 3121 341 3148 non
361 3113 417 3148 est
436 3113 659 3157 mortuum,
688 3110 757 3148 sed
783 3111 945 3156 vivum,
973 3110 1088 3158 quia,
1109 3110 1209 3147 sicut

168 3174 325 3222 sapiens
345 3173 439 3210 dicit
458 3175 499 3209 ⁹:
526 3186 544 3207 «
563 3175 663 3210 Deus
691 3176 862 3210 mortem
889 3182 971 3209 non
998 3171 1108 3217 fecit3
1128 3186 1146 3208 »
1171 3176 1208 3210 et

168 3241 301 3275 tamen
322 3247 424 3284 opus
440 3236 573 3284 ipsum
594 3235 634 3272 in
655 3235 788 3272 medio
817 3245 1015 3272 annorum
1033 3235 1207 3274 vivifica-

169 3303 252 3345 tur,
283 3299 447 3350 quando
478 3298 603 3346 gratia
621 3297 897 3346 amplificatur.
929 3299 981 3334 De
1012 3298 1124 3336 tertio
1145 3300 1204 3337 ¹⁰:

174 3376 193 3398 ιι
210 3362 455 3411 Quicumque
487 3360 684 3410 quaesierit
714 3360 889 3398 animam
917 3371 1030 3399 suam
1054 3362 1205 3401 salvam

217 3461 340 3494 Ῥεαί.
368 3468 523 3502 xxxviii,
559 3462 589 3493 3.
610 3477 651 3484 —
684 3461 694 3479 ²
718 3460 857 3502 Malae„
886 3470 908 3503 i,
942 3463 972 3494 6.
1004 3478 1038 3484 —
1071 3461 1085 3483 ⁸
1111 3461 1204 3494 Psal.

173 3515 303 3549 Luxu,
327 3510 375 3540 19.
392 3526 431 3533 —
450 3509 492 3541 ⁸1
517 3509 607 3550 neq„
627 3517 677 3549 xl,
698 3509 728 3540 7.
745 3526 787 3532 —
804 3510 817 3531 ⁸
835 3508 994 3547 Malach„
1012 3517 1050 3550 ii,
1067 3512 1099 3550 5,
1118 3510 1148 3542 6.
1166 3528 1204 3533 -

173 3555 186 3575 ⁶
201 3555 336 3596 Jerem„
356 3563 467 3596 xxxii,
490 3557 543 3596 36,
564 3558 614 3588 40.
632 3572 672 3580 ·—
693 3557 702 3574 ⁷
725 3556 732 3586 1
756 3557 848 3599 Κεφ,
874 3565 910 3596 ii,
934 3561 965 3590 6.
987 3556 1204 3593 —⁸Habac.,

2251 267 2328 305 455

1292 350 1439 397 facere,
1466 350 1605 399 perdet
1627 350 1756 398 illam;
1788 355 1824 389 et
1852 352 2095 400 quicumque
2115 352 2333 400 perdiderit

1294 413 1425 459 illam,
1447 413 1664 451 vivificabit
1692 425 1802 461 eam3
1826 428 1844 448 »
1867 415 1979 463 quasi
2005 415 2109 452 dicat
2133 415 2327 453 breviter:

1293 475 1455 512 Salvans
1473 475 1596 513 vitam
1617 476 1899 525 temporaliter,
1919 477 2058 524 perdet
2075 478 2330 526 aeternaliter3

1295 540 1330 573 et
1363 538 1535 585 perdens
1566 540 1854 586 temporaliter,
1889 539 2057 576 salvabit
2085 540 2329 578 aeternaliter.

1295 601 1379 635 Haec
1400 600 1541 637 animae
1560 600 1789 645 vivificat10,
1808 603 1865 639 est
1886 601 2008 649 ipsius
2027 601 2274 648 glorificatio.
2295 603 2331 641 Si

1295 662 1452 709 q‘uaeris,
1475 664 1681 710 quomodo
1701 663 1915 701 vivificatio
1939 664 2106 701 sumitur
2123 664 2163 701 in
2182 676 2331 714 propo·

1293 724 1386 771 sit03
1408 735 1490 762 non
1510 725 1638 773 primo
1658 726 1803 772 modo,
1822 737 1894 764 nec
1914 727 2040 774 tertio,
2050 727 2120 764 sed
2141 727 2329 765 secundo.

1623 831 1814 868 Articulus
1839 835 2000 878 quartus.

1343 913 1532 958 Quartum
1558 912 1781 959 denotatur,
1815 924 1905 951 cum
1937 914 2099 952 dicitur:
2135 917 2334 955 Secundum

1294 976 1436 1011 verbum
1451 979 1573 1012 tuum:
1586 976 1662 1013 hoc
1681 979 1736 1013 est
1750 975 1919 1014 verbum
1939 978 2123 1024 salutare,
2144 991 2225 1027 quo
2242 992 2335 1029 pro-

1294 1038 1398 1074 misit
1418 1049 1625 1084 percussos
1645 1050 1795 1076 sanare.
1819 1041 1905 1077 Haec
1924 1041 2134 1088 promissio
2151 1041 2332 1091 habetur,

1295 1101 1365 1138 ubi
1386 1102 1528 1149 legitur
1550 1103 1596 1139 ¹¹:
1622 1116 1639 1136 «
1661 1103 1892 1149 percutiam,
1909 1106 1947 1141 et
1966 1115 2041 1152 ego
2062 1105 2213 1142 sanabo
2225 1119 2236 1153 ;
2257 1121 2275 1142 »
2298 1111 2336 1145 et

1297 1165 1327 1201 ei
1364 1165 1634 1202 testimonium
1652 1166 1895 1214 perhibetur,
1917 1167 1986 1204 ubi
2006 1167 2055 1216 (a)
2077 1168 2259 1206 scribitur
2280 1170 2332 1208 ¹²:

1299 1240 1316 1261 «
1336 1228 1420 1274 Ipse
1441 1227 1635 1274 vulnerat,
1662 1232 1698 1264 et
1717 1228 1916 1276 medetur3
1938 1231 2117 1278 percutit,
2138 1233 2174 1268 et
2194 1243 2334 1270 manus

1294 1288 1377 1336 ejus
1399 1289 1608 1326 sanabunt.
1632 1304 1649 1324 »
1673 1292 1716 1328 Et
1734 1294 1829 1328 nota
1849 1291 1952 1329 circa
1972 1293 2142 1330 verbum
2162 1294 2333 1333 domini-

1295 1362 1404 1397 cum,
1428 1352 1538 1400 quod
1557 1353 1700 1400 legitur
1720 1354 1919 1392 interdum
1944 1355 2201 1403 fructiferum,
2221 1368 2333 1406 pros-

1292 1425 1447 1462 perum,
1471 1426 1669 1463 asperum.
1695 1418 1867 1454 Primum
1886 1419 2068 1466 congruit
2085 1419 2210 1457 verbo
2231 1431 2333 1469 prae-

1293 1477 1447 1525 ceptivo
1460 1490 1470 1524 ;
1487 1479 1722 1526 secundum,
1740 1480 1862 1516 verbo
1879 1481 2116 1528 promissivo
2127 1494 2137 1528 ;
2160 1484 2331 1530 tertium,

1292 1539 1417 1576 verbo
1439 1541 1734 1578 comminativo.
1760 1543 1809 1578 De
1833 1542 1963 1590 primo
1987 1545 2035 1580 ¹³:
2062 1557 2079 1577 «
2099 1543 2202 1582 Sicut
2220 1546 2334 1584 rusti-

1292 1602 1392 1638 catio
1414 1602 1463 1639 de
1492 1603 1602 1650 ligno
1624 1604 1793 1641 ostendit
1822 1604 1994 1642 fructum
2021 1606 2145 1653 illius,
2173 1608 2226 1645 sie
2247 1620 2333 1646 ver-

1290 1663 1390 1700 bum
1420 1675 1469 1701 ex
1497 1665 1668 1712 cogitatu
1698 1666 1872 1703 hominis
1897 1678 1977 1704 cor.
2012 1682 2029 1703 »
2061 1672 2113 1706 Ac
2140 1669 2172 1706 si
2199 1674 2332 1719 aperte

1292 1726 1419 1763 dicat:
1445 1727 1549 1765 Sicut
1567 1727 1723 1775 lignum
1743 1729 1972 1767 humanitus
1991 1731 2141 1769 cultum
2162 1734 2333 1771 ostendit

1288 1790 1481 1837 fructum,
1506 1803 1555 1829 ex
1584 1795 1726 1830 natura
1755 1793 1917 1831 interius
1944 1798 2131 1843 operante
2158 1797 2331 1844 produc·

1288 1855 1395 1898 tum3
1418 1854 1472 1891 sic
1493 1865 1562 1891 cor
1579 1855 1800 1892 humanum
1821 1856 2009 1894 divinitus
2029 1858 2248 1906 excultum,
2271 1871 2331 1897 os-

1288 1917 1413 1954 tendit
1446 1918 1614 1955 verbum
1643 1918 1905 1965 fructiferum,
1939 1930 1985 1956 ex
2016 1921 2140 1967 gratia
2167 1921 2331 1959 interius

1289 1983 1477 2027 operante
1501 1985 1761 2029 conceptum:
1789 1993 1878 2019 ecce
1896 1983 2066 2020 verbum
2085 1983 2329 2023 fructiferum

1288 2043 1338 2079 de
1359 2043 1503 2080 divinis
1527 2044 1744 2092 praeceptis.
1768 2047 1818 2081 De
1837 2046 2014 2083 secundo
2035 2047 2087 2082 ¹⁸:
2113 2061 2131 2081 α
2154 2047 2328 2085 Verbum

1286 2117 1441 2153 meum,
1474 2107 1585 2155 quod
1613 2108 1835 2155 egredietur
1860 2109 1909 2146 de
1937 2121 2003 2147 ore
2033 2121 2146 2157 meo,
2167 2122 2250 2148 non
2269 2123 2329 2149 re-

1285 2172 1457 2206 vertetur
1478 2169 1530 2207 ad
1549 2180 1612 2207 me
1631 2181 1817 2217 vacuum,
1839 2172 1910 2209 sed
1927 2171 2043 2210 faciet
2064 2184 2326 2222 quaecumque

1287 2233 1409 2278 volui,
1428 2235 1465 2270 et
1482 2233 1782 2281 prosperabitur
1798 2246 1806 2271 z
1828 2248 1846 2270 n
1870 2246 1959 2272 eece
1978 2235 2147 2273 verbum
2165 2248 2328 2286 prospe-

1284 2306 1374 2332 rum
1402 2295 1451 2332 de
1471 2295 1613 2332 divinis
1629 2296 1846 2343 promissis
1869 2299 1920 2335 De
1941 2298 2054 2336 tertio
2073 2299 2256 2337 scribitur
2279 2302 2323 2338 ¹⁵:

1291 2372 1307 2393 ι(
1323 2361 1409 2407 Ipse
1428 2359 1610 2396 liberavit
1627 2370 1691 2396 me
1721 2360 1770 2396 de
1790 2359 1936 2409 laqueo
1961 2363 2212 2408 venantium,
2234 2367 2270 2401 et
2302 2375 2325 2401 a

1284 2421 1409 2458 verbo
1433 2432 1596 2468 aspero3
1616 2434 1634 2455 »
1657 2421 1699 2458 id
1727 2425 1796 2468 est,
1819 2433 1842 2459 a
1860 2423 2073 2462 tentatione
2101 2425 2322 2473 diabolica,

1285 2487 1321 2520 et
1340 2494 1363 2519 a
1383 2482 1688 2520 comminatione
1710 2485 1934 2523 dominica:
1963 2497 2053 2524 ecce
2073 2487 2240 2525 verbum
2260 2498 2323 2525 as-

1283 2557 1424 2594 perum
1445 2547 1494 2583 de
1515 2547 1890 2586 comminationibus
1911 2549 2067 2587 divinis.

1717 2655 1889 2698 Epilogus.

1330 2735 1390 2772 Ait
1417 2745 1511 2783 ergo
1537 2735 1749 2784 Propheta,
1783 2736 1847 2774 vel
1885 2737 1945 2775 vir
1974 2738 2100 2785 iustus
2133 2738 2320 2776 divinitus

1282 2798 1520 2846 flagellatus,
1558 2809 1656 2836 voce
1693 2799 1947 2848 prophetica:
1982 2802 2210 2838 Humiliatus
2240 2813 2318 2839 sum

1280 2872 1552 2908 usquequaque,
1581 2862 1622 2898 in
1651 2873 1732 2910 quo
1756 2862 1920 2900 tumoris
1941 2863 2097 2901 emissio
2107 2877 2117 2911 ;
2148 2866 2317 2911 Domine,

1281 2924 1322 2960 in
1351 2934 1432 2972 quo
1462 2924 1613 2962 timoris
1639 2925 1830 2963 immissio
1838 2938 1850 2972 3
1884 2927 2037 2973 Vivz'fica
2065 2937 2138 2972 me,
2166 2926 2208 2963 in
2237 2938 2317 2976 quo

1281 2986 1485 3033 languoris
1506 2987 1687 3034 amissi03
1721 2987 1920 3025 Secundum
1953 2990 2096 3026 verbum
2129 2992 2248 3033 tuum,
2278 2990 2318 3026 in

1284 3060 1364 3097 quo
1385 3049 1532 3097 vigoris
1550 3049 1776 3098 promissio.

1637 3165 1857 3194 vuastcuws
1881 3166 1947 3194 111.

1330 3239 1412 3277 108.
1440 3239 1655 3277 Voluntaria
1680 3243 1753 3278 oris
1773 3242 1866 3288 mei,
1886 3243 1958 3280 etc.
1985 3242 2156 3280 Charitas
2182 3242 2318 3280 lucens

1276 3301 1293 3340 f
1297 3302 1376 3340 oris
1396 3301 1591 3351 disposuit
1606 3302 1808 3351 tripliciter
1825 3303 1933 3342 viam
1950 3305 2074 3342 moris
2105 3317 2114 3342 ε
2135 3304 2319 3343 videlicet

1281 3411 1336 3443 111,
1356 3406 1386 3438 2.
1402 3422 1443 3449 -τ
1459 3406 1470 3422 ⁹
1487 3404 1581 3446 Sap.¹
1602 3413 1628 3444 1,
1653 3407 1700 3437 ¹3.
1715 3422 1757 3428 —
1774 3406 1801 3428 ¹⁰
1819 3405 1908 3443 Luc„
1929 3413 2015 3446 xvii,
2032 3407 2140 3439 33.—
2159 3407 2183 3429 ¹¹
2205 3407 2314 3447 Deus„

1281 3460 1393 3494 xxxii,
1415 3453 1464 3484 39.
1483 3470 1523 3475 -
1552 3453 1577 3474 ¹²
1595 3451 1667 3491 Joh,
1700 3460 1731 3493 v,
1763 3455 1871 3484 18.—
1899 3454 1923 3475 ¹³
1944 3454 2064 3495 Eccli„
2084 3463 2198 3497 xxvii,
2224 3457 2254 3487 7.
2277 3471 2318 3479 -

1284 3500 1304 3516 '⁴
1327 3501 1404 3535 len„
1429 3507 1480 3538 ω’,
1507 3502 1552 3531 Η).
1574 3518 1604 3521 -
1632 3500 1657 3521 ¹⁵
1679 3500 1765 3532 Psnl.
1789 3509 1841 3540 Mt,
1860 3504 1890 3531 3.

1326 3562 1369 3598 ta„
1395 3559 1476 3590 Coet.
1497 3558 1576 3591 edit.
1598 3563 1630 3591 et
1654 3558 1722 3591 ubi.

2347 3246 2486 3278 Charitas

2338 3291 2393 3318 sori
2431 3289 2478 3317 lu-

2338 3339 2420 3360 cens.
