2633 3878
885 180 939 223 IN
970 178 1344 222 HEXAEMERON.
1381 179 1555 221 SERMO
1585 179 1710 221 xxu.

222 272 449 314 intendunt
467 272 765 327 speculationi,
793 283 818 312 a
845 283 930 324 qua
945 270 1076 312 etiam
1095 282 1256 311 nomen

223 348 496 398 acceperunt,
527 348 568 386 et
595 347 740 398 postea
759 342 965 384 unctioni.
989 342 1071 383 Alii
1103 342 1258 395 princi-

222 416 374 470 paliter
405 416 620 466 unctioni,
648 418 689 456 et
722 417 865 467 postea
892 413 1188 467 speculationi,
1217 416 1258 453 et

222 488 387 529 utinam
413 499 533 528 amor
554 487 621 528 vel
642 486 786 527 unctio
807 497 892 526 non
919 484 1087 525 recedat
1105 496 1131 524 a
1151 484 1255 524 Che-

81 577 181 604 sanct.
222 561 380 602 rubim.
403 560 454 601 Et
477 559 674 610 addebat,
699 559 814 612 quod
833 558 982 599 beatus
1005 556 1258 598 Franciscus

79 619 186 646 mm·
225 632 431 682 dixerat¹,
451 630 563 684 quod
579 629 761 681 volebat,
785 629 899 684 quod
918 629 1069 670 fratres
1090 628 1154 669 sui
1174 632 1259 668 stu-

111 667 194 686 011ἱο-

61 667 206 729 ἒέηῐῑθῐ
223 702 387 753 derent,
418 701 649 743 dummodo
676 702 862 743 facerent
885 701 1004 754 prius
1029 712 1160 753 quam
1185 699 1258 740 do-

62 743 204 812 ειϊιοῗέῗι-
223 776 364 816 cerent
385 786 396 814 :
424 774 559 815 multa
582 775 696 815 enim
722 773 852 823 scire,
882 776 921 813 et
952 784 1038 812 non
1068 774 1258 824 gustare,

61 825 143 854 ‘im'
222 846 324 900 quid
341 846 482 887 valet?
506 846 672 887 Tertius
698 845 801 887 ordo
827 848 890 886 est
910 843 1154 886 vacantium
1176 843 1259 884 Deo

221 931 298 973 per
322 920 499 961 modum
539 918 922 967 sursumaciivum,
951 916 1107 957 scilicet
1135 928 1261 957 exce-

220 990 428 1032 dentium.
450 990 499 1031 Et
519 990 700 1031 dicebat:
719 988 821 1038 Quis
835 988 949 1029 enim
970 988 1048 1028 iste
1068 988 1155 1028 est?
1180 987 1261 1028 Iste

221 1065 284 1103 est
311 1062 415 1103 ordo
441 1061 700 1114 seraphicus,
730 1060 788 1102 De
819 1060 901 1101 isto
932 1059 1103 1101 videtur
1130 1059 1261 1099 fuisse

62 1147 203 1184 Ejusdem
220 1133 470 1176 Franciscus
493 1146 502 1174 :
529 1136 570 1175 et
588 1134 766 1185 dicebat,
796 1132 911 1186 quod
931 1134 1162 1185 antequam
1181 1131 1258 1171 ha-

59 1190 203 1268 33:³11&ss
221 1208 373 1248 buerat
390 1206 607 1256 habitum,
629 1210 778 1259 raptus
797 1205 891 1255 luit,
914 1208 955 1245 et
974 1204 1175 1244 inventus
1197 1205 1260 1244 est

216 1279 344 1332 juxta
357 1278 586 1331 quamdam
601 1290 759 1331 sepem.
775 1276 851 1317 Hic
868 1276 981 1316 enim
995 1278 1057 1316 est
1071 1275 1261 1316 maxima

221 1349 465 1400 difficultas,
496 1349 653 1390 scilicet
683 1349 728 1389 in
763 1347 1123 1398 sursumartione,
1162 1347 1262 1400 quia

221 1423 359 1462 totum
381 1433 534 1475 corpus
553 1423 783 1461 enervatur
796 1435 805 1470 ;
829 1422 870 1460 et
885 1419 970 1459 nisi
990 1422 1098 1460 esset
1118 1418 1262 1471 aliqua

221 1494 451 1536 consolatio
478 1495 665 1547 spiritus,
687 1506 776 1534 non
797 1493 1037 1534 sustineret.
1061 1492 1111 1533 Et
1131 1492 1177 1532 in
1195 1492 1261 1532 his

221 1566 583 1608 consummabitur
621 1565 820 1606 Ecclesia.
858 1564 960 1614 Quis
1001 1567 1145 1604 autem
1184 1563 1261 1604 iste

220 1637 324 1678 ordo
343 1637 397 1677 sit
421 1637 607 1687 futurus,
630 1636 699 1677 vel
725 1637 817 1689 jam
839 1636 905 1686 sit,
936 1647 1022 1676 non
1050 1637 1112 1675 est
1140 1634 1262 1675 facile

220 1708 341 1749 scire.
377 1707 548 1749 Primus
583 1708 685 1749 ordo
714 1707 939 1760 respondet
959 1705 1166 1756 Thronis;
1201 1718 1262 1746 se-

220 1780 410 1831 cundus,
438 1780 689 1830 Cherubim3
724 1780 895 1832 tertius,
937 1778 1178 1832 Seraphim.
1212 1777 1263 1820 Et

219 1851 290 1892 isti
316 1854 415 1893 sunt
439 1852 670 1905 propinqui
699 1851 990 1902 Hierusalem,
1013 1853 1054 1891 et
1073 1862 1161 1891 non
1180 1850 1259 1891 ha-

219 1924 321 1966 bent
340 1924 422 1965 nisi
442 1924 626 1965 evolare.
645 1923 727 1964 Iste
745 1924 847 1964 ordo
866 1935 950 1963 non
970 1921 1154 1972 florebit,
1176 1921 1260 1962 nisi

221 1995 412 2037 Christus
431 1998 646 2048 appareat,
663 1998 704 2035 et
724 1994 908 2048 patiatur
925 1993 971 2033 in
989 2005 1166 2046 corpore
1185 2005 1261 2034 suo

220 2068 414 2122 mystico.
437 2067 489 2109 Et
517 2068 702 2118 dicebat,
725 2067 840 2120 quod
858 2066 931 2107 illa
956 2065 1165 2119 apparitio
1191 2064 1262 2106 Se-

219 2141 390 2194 raphim
417 2141 541 2183 beato
570 2141 602 2182 F
604 2141 812 2192 rancisco,
835 2152 930 2193 quae
957 2139 1037 2180 fuit
1064 2150 1263 2192 expressa

221 2215 263 2253 et
287 2213 508 2266 impressa,
540 2213 787 2255 ostendebat
809 2212 924 2266 quod
955 2212 1033 2252 iste
1065 2211 1168 2252 ordo
1201 2210 1263 2251 illi

221 2285 477 2338 respondere
502 2285 704 2335 debebat,
736 2284 809 2325 scd
833 2286 978 2324 tamen
1006 2283 1089 2324 hoc
1115 2282 1262 2323 venire

221 2368 297 2410 per
310 2355 617 2397 tribulationes
630 2354 680 2396 Et
691 2356 737 2396 in
748 2356 818 2396 illa
829 2355 1094 2409 apparitione
1103 2367 1263 2408 magna

174 2439 181 2443 ·
221 2427 426 2480 mysteria
451 2430 594 2468 erunt.
625 2427 694 2468 Sic
719 2440 824 2480 ergo
850 2427 1176 2479 distinguuntur
1202 2427 1263 2468 illi

223 2499 393 2540 ordines
407 2499 643 2539 secundum
658 2500 868 2552 maj0rem
884 2502 924 2539 et
940 2499 1149 2539 minorem
1167 2511 1258 2552 per-

223 2570 446 2613 fectionem
458 2602 469 2622 ,
490 2570 721 2624 comparati
741 2571 977 2611 secundum
998 2572 1158 2621 status,
1175 2582 1262 2611 non

223 2643 460 2685 secundum
479 2654 706 2697 personas:
730 2642 831 2696 quia
849 2654 937 2683 una
955 2653 1137 2695 persona
1156 2642 1262 2683 laica

223 2715 451 2768 aliquando
489 2714 711 2768 perfectior
752 2717 835 2765 est,
876 2726 1006 2767 quam
1041 2714 1259 2767 religiosa.

222 2785 426 2840 Sequitur
451 2786 502 2828 de
533 2786 628 2827 luce
653 2785 832 2837 stellarI,
861 2797 937 2838 per
960 2798 1091 2839 quam
1120 2787 1263 2827 anima

221 2858 531 2900 hierarchizata
548 2857 816 2910 intelligitur.
839 2855 1016 2898 Necesse
1041 2860 1104 2898 est
1123 2857 1259 2909 enim,

221 2934 271 2973 ut
300 2933 471 2983 anima,
508 2944 606 2985 quae
646 2934 710 2972 est
746 2929 1073 2980 hierarchizata,
1106 2929 1261 2970 habeat

222 3006 310 3045 tres
346 3004 721 3057 correspondentes
757 3013 954 3055 supernae
988 3000 1259 3042 hierarchiae.

223 3074 403 3116 Grandis
447 3087 516 3116 res
561 3077 624 3116 est
660 3075 826 3125 anima,
874 3073 974 3126 quia
1007 3072 1053 3112 in
1090 3084 1140 3113 ea
1183 3085 1260 3125 po-

223 3149 304 3188 test
337 3146 517 3188 describi
550 3149 664 3188 totus
694 3147 824 3188 orbis.
859 3144 1042 3186 Pulchra
1073 3143 1227 3185 dicitur
1247 3145 1262 3167 ¹

64 3225 206 3272 ‚Gradus
223 3219 332 3260 sicut
374 3218 667 3270 Hierusalem,
708 3218 811 3271 quia
858 3215 1108 3257 assimilavit
1154 3216 1258 3258 Hie-

63 3273 206 3343 ιῗιὲῗξζῗ
224 3290 411 3332 rusalem
443 3302 519 3344 per
557 3290 878 3344 dispositionem
915 3288 1133 3340 graduum
1167 3289 1260 3330 hie-

64 3349 108 3376 ter
121 3389 128 3395 ·
145 3350 204 3378 dig.

65 3390 165 3424 positi.

266 3471 279 3492 ¹
297 3470 392 3504 Celui
419 3471 478 3513 qui
508 3470 652 3514 ajoutait
679 3472 699 3504 a
723 3480 761 3504 ce
793 3470 871 3513 qu’il
899 3469 1015 3502 venuit
1039 3469 1081 3502 de
1108 3469 1195 3511 dire,
1222 3479 1262 3503 ce

227 3515 373 3559 qu'avait
401 3518 450 3551 dit
481 3519 570 3552 saint
592 3519 773 3561 Francots,
806 3518 923 3551 n'etait
953 3518 1045 3550 donc
1076 3527 1135 3559 pas
1171 3518 1261 3550 saint

223 3363 531 3405 rarchicorum.
560 3363 851 3417 Disponuntur
876 3364 1023 3402 autem
1042 3360 1087 3401 in
1117 3361 1291 3404 anima-

2293 185 2370 223 143

1335 269 1496 322 gradus
1528 269 1761 323 tripliciter,
1785 270 2019 312 secundum
2042 281 2285 320 ascensum,
2303 283 2372 312 se-

1333 341 1525 382 cundum
1541 341 1807 392 descensum,
1823 345 1862 383 et
1875 342 2109 383 secundum
2124 354 2372 395 regressum

1334 414 1379 454 in
1401 413 1552 461 Deum,
1576 416 1623 453 ut
1641 413 1710 453 lex
1730 413 1889 464 divina3
1910 418 1949 455 et
1970 418 2069 455 tunc
2096 415 2241 455 anima
2259 415 2374 456 videt

1335 485 1513 537 angelos
1531 483 1602 524 Dei
1617 484 1890 525 ascendentes
1911 487 1951 525 et
1977 485 2276 526 descendentes
2299 498 2373 539 per

1336 556 1508 607 scalam,
1523 558 1571 597 ut
1585 556 1826 597 viditJacob
1838 555 1882 595 in
1891 555 1978 596 vita
1994 567 2085 596 sua.
2108 556 2249 597 Abbas
2268 555 2373 598 Ver-
2419 574 2534 600 Gradus

1336 628 1528 669 cellensis
1548 628 1784 680 assignavit
1803 630 1888 668 tres
1919 627 2094 679 gradus,
2119 628 2275 668 scilicet
2296 640 2371 668 na·
2392 615 2534 684 “2³32-

1335 703 1461 750 turae,
1484 699 1721 750 industriae,
1743 701 1783 739 et
1799 699 1964 751 gratiae.
1985 698 2064 739 Sed
2081 710 2168 739 non
2188 698 2371 750 videtur,

1336 771 1451 824 quod
1471 771 1614 824 aliquo
1635 771 1759 812 modo
1777 783 1851 823 per
1867 774 2069 811 naturam
2085 770 2228 811 anima
2249 771 2376 823 possit

1336 842 1655 884 hierarchizari.
1680 841 1777 883 Ideo
1804 854 1881 883 nos
1912 842 2117 883 debemus
2143 841 2376 883 attribuere

1336 914 1560 955 industriae
1588 926 1688 954 cum
1709 915 1877 964 natura,
1902 913 2121 954 industriae
2142 925 2240 954 cum
2273 925 2376 965 gra-

1336 987 1433 1037 tria,
1449 989 1490 1027 et
1510 987 1662 1038 gratiae
1677 997 1806 1038 super
1827 987 2024 1025 naturam
2042 987 2082 1025 et
2100 984 2369 1026 industriam.

1336 1057 1438 1100 Tres
1459 1061 1603 1099 autem
1622 1059 1723 1097 sunt
1748 1056 1910 1109 gradus
1931 1056 2156 1097 industriae
2177 1069 2276 1097 cum
2296 1069 2372 1097 na-

1336 1134 1448 1181 tura,
1471 1131 1562 1171 sive
1588 1133 1721 1180 actus,
1747 1129 1906 1170 scilicet
1930 1128 2156 1180 nuntiatio,
2187 1129 2371 1182 dictatio,

1337 1202 1495 1244 ductio.
1508 1201 1723 1243 Nuntiatio
1736 1202 1963 1254 respondet
1975 1200 2153 1253 Angelis
2165 1214 2175 1251 ;
2190 1201 2373 1254 dictatio,

1337 1274 1504 1315 Arcban
1513 1273 1622 1326 gelis
1633 1288 1642 1323 ;
1655 1273 1811 1323 ductio,
1826 1271 2147 1325 Principatibus.
2164 1272 2376 1315 industria

1338 1346 1454 1387 enim
1486 1346 1624 1399 primo
1658 1344 1848 1398 percipit,
1881 1344 1992 1397 quod
2018 1344 2197 1397 quilibet
2226 1357 2377 1386 sensus

1337 1417 1522 1458 nuntiat.
1554 1416 1679 1458 Visus
1708 1419 1750 1456 et
1780 1415 1950 1456 auditus
1980 1414 2116 1456 multa
2141 1417 2377 1457 nuntIave-

1337 1495 1465 1541 runt3
1490 1489 1563 1531 sed
1583 1489 1754 1530 auditus
1774 1488 1912 1541 plura,
1935 1491 1984 1528 ut
2012 1487 2085 1528 illa
2109 1500 2206 1540 quae
2231 1487 2376 1530 Romae

1336 1562 1464 1612 finnt3
1485 1564 1651 1614 gustus,
1672 1560 1889 1609 odonam,
1909 1561 2096 1599 ettactus
2113 1570 2199 1599 non
2216 1560 2378 1600 vadunt

1336 1634 1484 1686 longe,
1507 1635 1548 1673 et
1562 1632 1655 1673 idco
1677 1631 1788 1672 tardi
1809 1635 1923 1671 sunt.
1950 1629 2106 1671 Cavere
2137 1634 2281 1672 autem
2301 1631 2376 1672 de—

1339 1706 1409 1746 bet
1427 1703 1635 1745 industria
1657 1705 1706 1744 ut
1725 1715 1814 1743 non
1836 1701 2054 1755 permittat
2072 1714 2244 1743 omnem
2262 1715 2374 1744 nun-

1338 1778 1448 1818 tium
1481 1777 1656 1825 intrare,
1688 1779 1735 1816 ut
1756 1774 1960 1815 mulieres
1979 1773 2147 1815 videre:
2171 1775 2379 1816 industria

1338 1848 1453 1889 enim
1474 1847 1598 1888 debet
1620 1847 1861 1888 discernere
1874 1845 1985 1886 inter
2004 1846 2214 1897 nuntiata,
2231 1850 2376 1888 utrum

1337 1922 1422 1961 sint
1442 1919 1693 1974 respuenda,
1717 1918 1785 1959 vel
1804 1918 2012 1970 eligenda.
2033 1917 2189 1959 Deinde
2208 1931 2378 1961 necesse

1336 1994 1399 2032 est
1427 1990 1689 2040 deliberatio,
1723 2001 1822 2043 quae
1853 1991 1916 2030 est
1945 1989 2128 2041 dictatio,
2155 1992 2303 2031 utrum
2323 1991 2374 2032 li-

1337 2066 1441 2114 ceat3
1465 2066 1506 2104 et
1526 2063 1560 2103 si
1580 2062 1717 2113 liceat,
1742 2065 1890 2102 utrum
1911 2060 2068 2111 deceat,
2094 2064 2136 2102 et
2157 2062 2191 2102 si
2217 2062 2374 2114 deceat,

1336 2140 1486 2176 utrum
1504 2134 1714 2188 expediat.
1732 2132 1800 2174 Nil
1820 2134 1934 2174 euim
1951 2133 2136 2186 expedit,
2156 2134 2237 2174 nisi
2255 2134 2378 2176 liceat

1336 2210 1377 2248 et
1409 2207 1567 2248 deceat.
1600 2205 1757 2247 Deinde
1785 2206 2022 2246 necessaria
2050 2208 2112 2246 est
2145 2205 2302 2256 ductio,
2332 2211 2379 2248 ut

1336 2282 1635 2333 prosequatur.
1669 2277 1875 2331 Prosequi
1905 2280 2050 2318 autem
2077 2280 2139 2318 est
2159 2290 2375 2320 assumere

1336 2352 1380 2392 in
1415 2352 1662 2392 facultatem
1696 2350 1927 2391 voluntatis
1941 2381 1951 2401 ,
1984 2352 2025 2390 et
2058 2352 2122 2390 est
2157 2349 2378 2404 Principa-

1335 2426 1476 2464 tuum.
1493 2423 1615 2464 Multi
1628 2423 1742 2463 enim
1756 2425 1856 2463 sunt
1870 2421 1935 2462 An
1942 2421 2029 2474 geli
2046 2425 2086 2462 et
2101 2421 2373 2474 Archangeli,

1336 2494 1496 2535 scilicet
1529 2493 1828 2547 perspicientes
1869 2497 1911 2534 et
1955 2493 2235 2535 deliberantes
2274 2495 2377 2548 quid

1336 2565 1520 2618 expedit,
1543 2565 1615 2606 sed
1633 2577 1721 2605 non
1741 2567 1842 2605 sunt
1856 2568 2172 2617 prosequentes,
2190 2568 2237 2606 ut
2258 2564 2377 2606 Prin-

1335 2637 1513 2690 cipatuS.
1539 2635 1760 2677 Secundus
1780 2638 1844 2676 est
1859 2635 2020 2688 gradus
2037 2636 2257 2678 industriae
2274 2648 2374 2678 cum

1338 2709 1492 2760 gratia.
1518 2708 1569 2749 Et
1599 2711 1699 2749 sunt
1716 2711 1802 2749 tres
1830 2710 1948 2749 actus
1970 2719 1980 2748 :
2003 2708 2181 2761 primus,
2203 2711 2252 2750 ut
2280 2721 2376 2762 pro-

1334 2784 1428 2834 pter
1457 2781 1592 2822 Deum
1619 2781 1693 2820 fiat
1716 2779 1831 2833 quod
1857 2779 2139 2821 deliberatum
2158 2784 2236 2822 est.
2257 2779 2374 2822 Unde

1335 2853 1475 2907 prima
1491 2853 1700 2894 ordinatio
1720 2855 1783 2894 est
1802 2852 1848 2893 in
1867 2852 2016 2903 Deum;
2039 2864 2134 2906 quae
2152 2856 2215 2894 est
2233 2852 2375 2895 Potes-

1336 2927 1488 2976 tatum,
1513 2924 1669 2965 scilicet
1695 2924 1740 2964 in
1770 2924 1904 2965 finem
1932 2924 2145 2976 ordinare,
2179 2927 2219 2965 et
2250 2925 2373 2978 quid-

1335 2996 1439 3050 quid
1461 2995 1758 3037 deordinatum
1785 3000 1848 3036 est
1878 3008 2099 3038 removere
2126 3011 2136 3037 :
2171 2997 2244 3039 sed
2273 2998 2375 3051 quia

1336 3069 1416 3110 hoc
1437 3072 1501 3110 cst
1516 3068 1698 3120 difficile,
1724 3068 1818 3110 ideo
1845 3069 2081 3111 necessaria
2109 3073 2173 3111 est
2194 3070 2370 3111 robora·

1334 3141 1407 3193 tio,
1431 3153 1528 3194 quae
1550 3144 1612 3182 est
1632 3140 1874 3194 Virtutum·,
1895 3145 1936 3183 et
1955 3143 2054 3195 quia
2082 3143 2128 3183 in
2151 3143 2281 3184 finem
2302 3156 2373 3186 or·

1335 3213 1483 3254 dinare
1502 3216 1565 3254 est
1585 3213 1768 3264 difficile,
1797 3219 1838 3255 et
1866 3214 2081 3266 roborare,
2111 3214 2205 3256 ideo
2226 3216 2371 3269 sequi-

1334 3287 1407 3326 tur
1425 3285 1662 3339 imperatio,
1681 3297 1779 3338 quae
1797 3288 1861 3326 est
1881 3284 2246 3328 Dominationum.
2269 3286 2371 3330 Ter·

1333 3357 1395 3399 tia
1412 3357 1734 3399 hierarcbizatio
1754 3360 1818 3398 est
1837 3357 1988 3410 gratiae
2015 3369 2144 3411 super
2164 3362 2364 3402 naturam

1335 3467 1495 3508 Francois
1521 3465 1694 3497 luinieme
1722 3474 1729 3495 τ
1757 3464 1867 3497 c’etuit
1892 3464 1980 3497 donc
2005 3465 2093 3499 saint
2116 3469 2371 3503 Bouaventure.
2420 3496 2424 3499 .

1336 3535 1377 3540 —
1395 3516 1409 3536 2
1429 3516 1542 3554 Cant„
1561 3522 1607 3554 vi,
1629 3517 1657 3545 3.
