<?xml version="1.0" encoding="UTF-8"?>
<!DOCTYPE html PUBLIC "-//W3C//DTD XHTML 1.0 Transitional//EN"
    "http://www.w3.org/TR/xhtml1/DTD/xhtml1-transitional.dtd">
<html xmlns="http://www.w3.org/1999/xhtml" xml:lang="en" lang="en">
 <head>
  <title>
</title>
<meta http-equiv="Content-Type" content="text/html;charset=utf-8" />
  <meta name='ocr-system' content='tesseract 3.04.00' />
  <meta name='ocr-capabilities' content='ocr_page ocr_carea ocr_par ocr_line ocrx_word'/>
</head>
<body>
  <div class='ocr_page' id='page_1' title='image "./operaomniasixtiv09bonauoft/operaomniasixtiv09bonauoft_0449.png"; bbox 0 0 2633 3878; ppageno 0'>
   <div class='ocr_carea' id='block_1_1' title="bbox 19 278 160 308">
    <p class='ocr_par' dir='ltr' id='par_1_1' title="bbox 19 278 160 308">
     <span class='ocr_line' id='line_1_1' title="bbox 19 278 160 308; baseline 0.014 -2"><span class='ocrx_word' id='word_1_1' title='bbox 19 280 63 306; x_wconf 84' lang='lat' dir='ltr'>ter</span> <span class='ocrx_word' id='word_1_2' title='bbox 82 278 160 308; x_wconf 81' lang='lat' dir='ltr'>vive-</span> 
     </span>
    </p>
   </div>
   <div class='ocr_carea' id='block_1_2' title="bbox 19 320 157 348">
    <p class='ocr_par' dir='ltr' id='par_1_2' title="bbox 19 320 157 348">
     <span class='ocr_line' id='line_1_2' title="bbox 19 320 157 348; baseline 0 -1"><span class='ocrx_word' id='word_1_3' title='bbox 19 327 52 348; x_wconf 84' lang='lat' dir='ltr'>re</span> <span class='ocrx_word' id='word_1_4' title='bbox 81 320 157 348; x_wconf 75' lang='lat' dir='ltr'>facit.</span> 
     </span>
    </p>
   </div>
   <div class='ocr_carea' id='block_1_3' title="bbox 50 2584 168 2694">
    <p class='ocr_par' dir='ltr' id='par_1_3' title="bbox 50 2584 168 2694">
     <span class='ocr_line' id='line_1_3' title="bbox 63 2584 148 2619; baseline 0 -8"><span class='ocrx_word' id='word_1_5' title='bbox 63 2584 148 2619; x_wconf 79' lang='lat' dir='ltr'>Legis</span> 
     </span>
     <span class='ocr_line' id='line_1_4' title="bbox 50 2626 168 2653; baseline 0.008 -1"><span class='ocrx_word' id='word_1_6' title='bbox 50 2626 168 2653; x_wconf 83' lang='lat' dir='ltr'>medita-</span> 
     </span>
     <span class='ocr_line' id='line_1_5' title="bbox 82 2667 132 2694; baseline 0.02 -1"><span class='ocrx_word' id='word_1_7' title='bbox 82 2667 132 2694; x_wconf 81' lang='lat' dir='ltr'>tio.</span> 
     </span>
    </p>
   </div>
   <div class='ocr_carea' id='block_1_4' title="bbox 1026 180 1469 223">
    <p class='ocr_par' dir='ltr' id='par_1_4' title="bbox 1026 180 1469 223">
     <span class='ocr_line' id='line_1_6' title="bbox 1026 180 1469 223; baseline -0.005 -1"><span class='ocrx_word' id='word_1_8' title='bbox 1026 180 1267 223; x_wconf 88' lang='lat' dir='ltr'>PSALMUS</span> <span class='ocrx_word' id='word_1_9' title='bbox 1298 180 1469 223; x_wconf 74' lang='lat' dir='ltr'>cxviii.</span> 
     </span>
    </p>
   </div>
   <div class='ocr_carea' id='block_1_5' title="bbox 178 269 1218 1129">
    <p class='ocr_par' dir='ltr' id='par_1_5' title="bbox 178 269 1218 1129">
     <span class='ocr_line' id='line_1_7' title="bbox 178 269 1209 327; baseline -0.011 -12"><span class='ocrx_word' id='word_1_10' title='bbox 178 277 347 327; x_wconf 86' lang='lat' dir='ltr'>pliciter;</span> <span class='ocrx_word' id='word_1_11' title='bbox 374 275 556 313; x_wconf 90' lang='lat' dir='ltr'>videlicet</span> <span class='ocrx_word' id='word_1_12' title='bbox 582 273 760 319; x_wconf 86' lang='lat' dir='ltr'>fideliter,</span> <span class='ocrx_word' id='word_1_13' title='bbox 788 270 1034 315; x_wconf 88' lang='lat' dir='ltr'>fiducialiter,</span> <span class='ocrx_word' id='word_1_14' title='bbox 1063 269 1209 317; x_wconf 88' lang='lat' dir='ltr'>patien-</span> 
     </span>
     <span class='ocr_line' id='line_1_8' title="bbox 178 331 1209 388; baseline -0.009 -11"><span class='ocrx_word' id='word_1_15' title='bbox 178 342 236 377; x_wconf 86' lang='lat' dir='ltr'>ter</span> <span class='ocrx_word' id='word_1_16' title='bbox 256 352 265 376; x_wconf 89' lang='lat'><strong>:</strong></span> <span class='ocrx_word' id='word_1_17' title='bbox 288 338 381 388; x_wconf 87' lang='lat' dir='ltr'>quia</span> <span class='ocrx_word' id='word_1_18' title='bbox 401 337 512 384; x_wconf 89' lang='lat' dir='ltr'>sicut,</span> <span class='ocrx_word' id='word_1_19' title='bbox 533 335 720 385; x_wconf 85' lang='lat' dir='ltr'>Apostolo</span> <span class='ocrx_word' id='word_1_20' title='bbox 743 336 848 378; x_wconf 88' lang='lat' dir='ltr'>teste,</span> <span class='ocrx_word' id='word_1_21' title='bbox 866 332 990 380; x_wconf 90' lang='lat' dir='ltr'>liquet</span> <span class='ocrx_word' id='word_1_22' title='bbox 1010 336 1020 353; x_wconf 89' lang='lat'><strong>¹</strong></span> <span class='ocrx_word' id='word_1_23' title='bbox 1044 343 1051 367; x_wconf 92' lang='lat'>:</span> <span class='ocrx_word' id='word_1_24' title='bbox 1078 345 1096 365; x_wconf 74' lang='grc' dir='ltr'>ι(</span> <span class='ocrx_word' id='word_1_25' title='bbox 1114 331 1209 369; x_wconf 86' lang='lat' dir='ltr'>Cha-</span> 
     </span>
     <span class='ocr_line' id='line_1_9' title="bbox 178 392 1210 443; baseline -0.011 -4"><span class='ocrx_word' id='word_1_26' title='bbox 178 402 271 440; x_wconf 79' lang='lat' dir='ltr'>ritas</span> <span class='ocrx_word' id='word_1_27' title='bbox 292 401 426 438; x_wconf 87' lang='lat' dir='ltr'>omnia</span> <span class='ocrx_word' id='word_1_28' title='bbox 445 398 588 443; x_wconf 90' lang='lat' dir='ltr'>credit,</span> <span class='ocrx_word' id='word_1_29' title='bbox 609 396 743 435; x_wconf 89' lang='lat' dir='ltr'>omnia</span> <span class='ocrx_word' id='word_1_30' title='bbox 767 396 917 443; x_wconf 81' lang='lat' dir='ltr'><strong>sperat,</strong></span> <span class='ocrx_word' id='word_1_31' title='bbox 939 394 1073 431; x_wconf 87' lang='lat' dir='ltr'>omnia</span> <span class='ocrx_word' id='word_1_32' title='bbox 1100 392 1210 429; x_wconf 89' lang='lat' dir='ltr'>susti-</span> 
     </span>
     <span class='ocr_line' id='line_1_10' title="bbox 179 456 1212 512; baseline -0.011 -9"><span class='ocrx_word' id='word_1_33' title='bbox 179 467 256 503; x_wconf 83' lang='lat' dir='ltr'>net.</span> <span class='ocrx_word' id='word_1_34' title='bbox 286 478 304 500; x_wconf 86' lang='lat'>»</span> <span class='ocrx_word' id='word_1_35' title='bbox 334 466 385 501; x_wconf 92' lang='lat' dir='ltr'>De</span> <span class='ocrx_word' id='word_1_36' title='bbox 411 462 540 512; x_wconf 90' lang='lat' dir='ltr'>prima</span> <span class='ocrx_word' id='word_1_37' title='bbox 562 460 643 497; x_wconf 89' lang='lat' dir='ltr'>vita</span> <span class='ocrx_word' id='word_1_38' title='bbox 671 461 684 481; x_wconf 77' lang='lat'>²</span> <span class='ocrx_word' id='word_1_39' title='bbox 715 470 723 494; x_wconf 93' lang='lat'><strong>:</strong></span> <span class='ocrx_word' id='word_1_40' title='bbox 755 473 772 491; x_wconf 91' lang='lat'>«</span> <span class='ocrx_word' id='word_1_41' title='bbox 803 459 932 494; x_wconf 86' lang='lat' dir='ltr'>Justus</span> <span class='ocrx_word' id='word_1_42' title='bbox 959 457 1000 494; x_wconf 88' lang='lat' dir='ltr'>in</span> <span class='ocrx_word' id='word_1_43' title='bbox 1029 456 1109 494; x_wconf 90' lang='lat' dir='ltr'>fide</span> <span class='ocrx_word' id='word_1_44' title='bbox 1140 467 1212 493; x_wconf 90' lang='lat' dir='ltr'>sua</span> 
     </span>
     <span class='ocr_line' id='line_1_11' title="bbox 178 518 1212 572; baseline -0.008 -8"><span class='ocrx_word' id='word_1_45' title='bbox 178 527 286 565; x_wconf 88' lang='lat' dir='ltr'>vivet</span> <span class='ocrx_word' id='word_1_46' title='bbox 307 539 316 563; x_wconf 75' lang='grc' dir='ltr'><strong><em>ε</em></strong></span> <span class='ocrx_word' id='word_1_47' title='bbox 339 539 357 561; x_wconf 85' lang='lat'>»</span> <span class='ocrx_word' id='word_1_48' title='bbox 380 527 417 562; x_wconf 93' lang='lat' dir='ltr'>et</span> <span class='ocrx_word' id='word_1_49' title='bbox 436 523 533 572; x_wconf 88' lang='lat' dir='ltr'>quid</span> <span class='ocrx_word' id='word_1_50' title='bbox 557 524 613 559; x_wconf 91' lang='lat' dir='ltr'>est</span> <span class='ocrx_word' id='word_1_51' title='bbox 630 521 762 558; x_wconf 89' lang='lat' dir='ltr'>vivere</span> <span class='ocrx_word' id='word_1_52' title='bbox 789 521 831 556; x_wconf 90' lang='lat' dir='ltr'>in</span> <span class='ocrx_word' id='word_1_53' title='bbox 855 519 955 564; x_wconf 87' lang='lat' dir='ltr'>fide,</span> <span class='ocrx_word' id='word_1_54' title='bbox 982 519 1056 555; x_wconf 90' lang='lat' dir='ltr'>nisi</span> <span class='ocrx_word' id='word_1_55' title='bbox 1078 518 1212 556; x_wconf 88' lang='lat' dir='ltr'>vivere</span> 
     </span>
     <span class='ocr_line' id='line_1_12' title="bbox 180 580 1209 626; baseline -0.01 1"><span class='ocrx_word' id='word_1_56' title='bbox 180 588 372 626; x_wconf 72' lang='lat' dir='ltr'>fideliter?</span> <span class='ocrx_word' id='word_1_57' title='bbox 384 589 436 624; x_wconf 91' lang='lat' dir='ltr'>De</span> <span class='ocrx_word' id='word_1_58' title='bbox 450 584 626 623; x_wconf 91' lang='lat' dir='ltr'>secunda</span> <span class='ocrx_word' id='word_1_59' title='bbox 640 583 721 620; x_wconf 85' lang='lat' dir='ltr'>vita</span> <span class='ocrx_word' id='word_1_60' title='bbox 736 581 877 619; x_wconf 88' lang='lat' dir='ltr'>dicitur</span> <span class='ocrx_word' id='word_1_61' title='bbox 890 582 930 618; x_wconf 93' lang='lat' dir='ltr'>in</span> <span class='ocrx_word' id='word_1_62' title='bbox 945 581 1027 618; x_wconf 83' lang='lat' dir='ltr'>haec</span> <span class='ocrx_word' id='word_1_63' title='bbox 1039 580 1163 618; x_wconf 88' lang='lat' dir='ltr'>verba</span> <span class='ocrx_word' id='word_1_64' title='bbox 1175 582 1209 617; x_wconf 77' lang='lat'>3:</span> 
     </span>
     <span class='ocr_line' id='line_1_13' title="bbox 186 642 1213 695; baseline -0.007 -10"><span class='ocrx_word' id='word_1_65' title='bbox 186 664 204 685; x_wconf 84' lang='lat'>«</span> <span class='ocrx_word' id='word_1_66' title='bbox 218 651 304 688; x_wconf 87' lang='lat' dir='ltr'>Sive</span> <span class='ocrx_word' id='word_1_67' title='bbox 317 648 539 695; x_wconf 86' lang='lat' dir='ltr'>vigilemus,</span> <span class='ocrx_word' id='word_1_68' title='bbox 553 646 634 683; x_wconf 87' lang='lat' dir='ltr'>sive</span> <span class='ocrx_word' id='word_1_69' title='bbox 646 644 907 690; x_wconf 85' lang='lat' dir='ltr'>dormiamus,</span> <span class='ocrx_word' id='word_1_70' title='bbox 928 643 1046 680; x_wconf 86' lang='lat' dir='ltr'>simul</span> <span class='ocrx_word' id='word_1_71' title='bbox 1063 642 1110 690; x_wconf 85' lang='lat' dir='ltr'>(a)</span> <span class='ocrx_word' id='word_1_72' title='bbox 1122 653 1213 678; x_wconf 90' lang='lat' dir='ltr'>cum</span> 
     </span>
     <span class='ocr_line' id='line_1_14' title="bbox 182 704 1214 757; baseline -0.008 -9"><span class='ocrx_word' id='word_1_73' title='bbox 182 712 250 749; x_wconf 90' lang='lat' dir='ltr'>illo</span> <span class='ocrx_word' id='word_1_74' title='bbox 274 711 454 748; x_wconf 85' lang='lat' dir='ltr'>vivamus</span> <span class='ocrx_word' id='word_1_75' title='bbox 475 721 484 746; x_wconf 92' lang='lat'>:</span> <span class='ocrx_word' id='word_1_76' title='bbox 506 712 667 757; x_wconf 86' lang='lat' dir='ltr'>propter</span> <span class='ocrx_word' id='word_1_77' title='bbox 689 706 800 755; x_wconf 90' lang='lat' dir='ltr'>quod</span> <span class='ocrx_word' id='word_1_78' title='bbox 827 704 1090 743; x_wconf 84' lang='lat' dir='ltr'>consolamini</span> <span class='ocrx_word' id='word_1_79' title='bbox 1116 704 1214 741; x_wconf 93' lang='lat' dir='ltr'>invi-</span> 
     </span>
     <span class='ocr_line' id='line_1_15' title="bbox 183 766 1214 820; baseline -0.008 -9"><span class='ocrx_word' id='word_1_80' title='bbox 183 784 268 811; x_wconf 86' lang='lat' dir='ltr'>cem</span> <span class='ocrx_word' id='word_1_81' title='bbox 292 785 300 810; x_wconf 95' lang='lat'><strong>:</strong></span> <span class='ocrx_word' id='word_1_82' title='bbox 324 786 342 808; x_wconf 91' lang='lat'>»</span> <span class='ocrx_word' id='word_1_83' title='bbox 361 775 398 810; x_wconf 89' lang='lat' dir='ltr'>et</span> <span class='ocrx_word' id='word_1_84' title='bbox 416 771 514 820; x_wconf 91' lang='lat' dir='ltr'>quid</span> <span class='ocrx_word' id='word_1_85' title='bbox 534 774 590 808; x_wconf 91' lang='lat' dir='ltr'>est</span> <span class='ocrx_word' id='word_1_86' title='bbox 607 769 738 807; x_wconf 89' lang='lat' dir='ltr'>vivere</span> <span class='ocrx_word' id='word_1_87' title='bbox 757 769 796 805; x_wconf 92' lang='lat' dir='ltr'>in</span> <span class='ocrx_word' id='word_1_88' title='bbox 818 768 967 805; x_wconf 90' lang='lat' dir='ltr'>Christo</span> <span class='ocrx_word' id='word_1_89' title='bbox 989 767 1153 804; x_wconf 89' lang='lat' dir='ltr'>firmiter</span> <span class='ocrx_word' id='word_1_90' title='bbox 1167 766 1214 814; x_wconf 85' lang='lat' dir='ltr'>(b)</span> 
     </span>
     <span class='ocr_line' id='line_1_16' title="bbox 184 829 1215 879; baseline -0.007 -7"><span class='ocrx_word' id='word_1_91' title='bbox 184 839 222 872; x_wconf 87' lang='lat' dir='ltr'>et</span> <span class='ocrx_word' id='word_1_92' title='bbox 253 833 566 879; x_wconf 85' lang='lat' dir='ltr'>consolabiliter,</span> <span class='ocrx_word' id='word_1_93' title='bbox 599 832 673 869; x_wconf 91' lang='lat' dir='ltr'>nisi</span> <span class='ocrx_word' id='word_1_94' title='bbox 702 831 835 868; x_wconf 82' lang='lat' dir='ltr'>vivere</span> <span class='ocrx_word' id='word_1_95' title='bbox 866 829 1132 867; x_wconf 74' lang='lat' dir='ltr'>fiducialiter?</span> <span class='ocrx_word' id='word_1_96' title='bbox 1165 831 1215 865; x_wconf 92' lang='lat' dir='ltr'>De</span> 
     </span>
     <span class='ocr_line' id='line_1_17' title="bbox 183 892 1216 942; baseline -0.005 -10"><span class='ocrx_word' id='word_1_97' title='bbox 183 896 296 934; x_wconf 86' lang='lat' dir='ltr'>tertia</span> <span class='ocrx_word' id='word_1_98' title='bbox 314 896 408 942; x_wconf 89' lang='lat' dir='ltr'>vita,</span> <span class='ocrx_word' id='word_1_99' title='bbox 430 895 611 932; x_wconf 86' lang='lat' dir='ltr'>scribitur</span> <span class='ocrx_word' id='word_1_100' title='bbox 631 894 704 930; x_wconf 89' lang='lat' dir='ltr'>sub</span> <span class='ocrx_word' id='word_1_101' title='bbox 724 894 798 930; x_wconf 88' lang='lat' dir='ltr'>hac</span> <span class='ocrx_word' id='word_1_102' title='bbox 819 892 947 929; x_wconf 84' lang='lat' dir='ltr'>forma</span> <span class='ocrx_word' id='word_1_103' title='bbox 966 893 979 914; x_wconf 58' lang='lat'>¹*</span> <span class='ocrx_word' id='word_1_104' title='bbox 1002 904 1010 928; x_wconf 95' lang='lat'><strong>:</strong></span> <span class='ocrx_word' id='word_1_105' title='bbox 1036 906 1054 926; x_wconf 84' lang='lat'>«</span> <span class='ocrx_word' id='word_1_106' title='bbox 1075 893 1216 929; x_wconf 88' lang='lat' dir='ltr'>Omnes</span> 
     </span>
     <span class='ocr_line' id='line_1_18' title="bbox 184 955 1216 1006; baseline -0.005 -12"><span class='ocrx_word' id='word_1_107' title='bbox 184 958 252 1006; x_wconf 86' lang='lat' dir='ltr'>qui</span> <span class='ocrx_word' id='word_1_108' title='bbox 278 957 342 1005; x_wconf 91' lang='lat' dir='ltr'>pie</span> <span class='ocrx_word' id='word_1_109' title='bbox 362 957 503 994; x_wconf 85' lang='lat' dir='ltr'>volunt</span> <span class='ocrx_word' id='word_1_110' title='bbox 520 956 652 994; x_wconf 90' lang='lat' dir='ltr'>vivere</span> <span class='ocrx_word' id='word_1_111' title='bbox 671 957 712 992; x_wconf 93' lang='lat' dir='ltr'>in</span> <span class='ocrx_word' id='word_1_112' title='bbox 733 955 881 992; x_wconf 89' lang='lat' dir='ltr'>Christo</span> <span class='ocrx_word' id='word_1_113' title='bbox 901 956 1013 999; x_wconf 89' lang='lat' dir='ltr'>Jesu,</span> <span class='ocrx_word' id='word_1_114' title='bbox 1035 965 1216 1002; x_wconf 87' lang='lat' dir='ltr'>persecu-</span> 
     </span>
     <span class='ocr_line' id='line_1_19' title="bbox 183 1016 1218 1066; baseline -0.004 -10"><span class='ocrx_word' id='word_1_115' title='bbox 183 1019 332 1056; x_wconf 84' lang='lat' dir='ltr'><strong>tionem</strong></span> <span class='ocrx_word' id='word_1_116' title='bbox 355 1019 557 1066; x_wconf 87' lang='lat' dir='ltr'>patiuntur</span> <span class='ocrx_word' id='word_1_117' title='bbox 583 1031 591 1054; x_wconf 91' lang='lat'>:</span> <span class='ocrx_word' id='word_1_118' title='bbox 616 1034 632 1051; x_wconf 88' lang='lat'>»</span> <span class='ocrx_word' id='word_1_119' title='bbox 655 1017 752 1065; x_wconf 88' lang='lat' dir='ltr'>quid</span> <span class='ocrx_word' id='word_1_120' title='bbox 770 1019 900 1054; x_wconf 89' lang='lat' dir='ltr'>autem</span> <span class='ocrx_word' id='word_1_121' title='bbox 922 1019 976 1052; x_wconf 88' lang='lat' dir='ltr'>est</span> <span class='ocrx_word' id='word_1_122' title='bbox 998 1016 1051 1052; x_wconf 89' lang='lat' dir='ltr'>sic</span> <span class='ocrx_word' id='word_1_123' title='bbox 1071 1016 1218 1061; x_wconf 86' lang='lat' dir='ltr'>vivere,</span> 
     </span>
     <span class='ocr_line' id='line_1_20' title="bbox 183 1081 648 1129; baseline -0.002 -11"><span class='ocrx_word' id='word_1_124' title='bbox 183 1081 259 1118; x_wconf 91' lang='lat' dir='ltr'>nisi</span> <span class='ocrx_word' id='word_1_125' title='bbox 279 1082 410 1119; x_wconf 88' lang='lat' dir='ltr'>vivere</span> <span class='ocrx_word' id='word_1_126' title='bbox 429 1081 648 1129; x_wconf 74' lang='lat' dir='ltr'>patienter?</span> 
     </span>
    </p>
   </div>
   <div class='ocr_carea' id='block_1_6' title="bbox 522 1185 875 1221">
    <p class='ocr_par' dir='ltr' id='par_1_6' title="bbox 522 1185 875 1221">
     <span class='ocr_line' id='line_1_21' title="bbox 522 1185 875 1221; baseline -0.006 0"><span class='ocrx_word' id='word_1_127' title='bbox 522 1185 712 1221; x_wconf 75' lang='lat' dir='ltr'>Articulus</span> <span class='ocrx_word' id='word_1_128' title='bbox 734 1185 875 1219; x_wconf 76' lang='lat' dir='ltr'>tertius.</span> 
     </span>
    </p>
   </div>
   <div class='ocr_carea' id='block_1_7' title="bbox 187 1264 1242 3554">
    <p class='ocr_par' dir='ltr' id='par_1_7' title="bbox 187 1264 1233 2301">
     <span class='ocr_line' id='line_1_22' title="bbox 232 1264 1221 1316; baseline -0.005 -11"><span class='ocrx_word' id='word_1_129' title='bbox 232 1267 435 1316; x_wconf 89' lang='lat' dir='ltr'>AEquitatis</span> <span class='ocrx_word' id='word_1_130' title='bbox 460 1269 681 1316; x_wconf 81' lang='lat' dir='ltr'>praeventus</span> <span class='ocrx_word' id='word_1_131' title='bbox 707 1266 957 1314; x_wconf 81' lang='lat' dir='ltr'><strong>supponitur,</strong></span> <span class='ocrx_word' id='word_1_132' title='bbox 987 1276 1078 1302; x_wconf 91' lang='lat' dir='ltr'>cum</span> <span class='ocrx_word' id='word_1_133' title='bbox 1108 1264 1221 1301; x_wconf 88' lang='lat' dir='ltr'>ratio-</span> 
     </span>
     <span class='ocr_line' id='line_1_23' title="bbox 190 1327 1222 1378; baseline -0.004 -11"><span class='ocrx_word' id='word_1_134' title='bbox 190 1330 361 1367; x_wconf 88' lang='lat' dir='ltr'>cinando</span> <span class='ocrx_word' id='word_1_135' title='bbox 381 1329 617 1378; x_wconf 82' lang='lat' dir='ltr'>proponitur</span> <span class='ocrx_word' id='word_1_136' title='bbox 634 1341 642 1365; x_wconf 80' lang='lat' dir='ltr'>z</span> <span class='ocrx_word' id='word_1_137' title='bbox 665 1329 762 1372; x_wconf 80' lang='lat' dir='ltr'>Quia</span> <span class='ocrx_word' id='word_1_138' title='bbox 782 1330 840 1365; x_wconf 76' lang='lat' dir='ltr'>Ieae</span> <span class='ocrx_word' id='word_1_139' title='bbox 861 1332 937 1364; x_wconf 78' lang='lat' dir='ltr'>cua.</span> <span class='ocrx_word' id='word_1_140' title='bbox 959 1327 1028 1364; x_wconf 88' lang='lat' dir='ltr'>Ubi</span> <span class='ocrx_word' id='word_1_141' title='bbox 1048 1337 1222 1374; x_wconf 90' lang='lat' dir='ltr'>namque</span> 
     </span>
     <span class='ocr_line' id='line_1_24' title="bbox 187 1388 1221 1439; baseline -0.004 -10"><span class='ocrx_word' id='word_1_142' title='bbox 187 1391 248 1429; x_wconf 88' lang='lat' dir='ltr'>lex</span> <span class='ocrx_word' id='word_1_143' title='bbox 268 1395 336 1438; x_wconf 89' lang='lat' dir='ltr'>est,</span> <span class='ocrx_word' id='word_1_144' title='bbox 354 1391 410 1428; x_wconf 89' lang='lat' dir='ltr'>ibi</span> <span class='ocrx_word' id='word_1_145' title='bbox 431 1391 594 1439; x_wconf 75' lang='lat' dir='ltr'>aequitas</span> <span class='ocrx_word' id='word_1_146' title='bbox 614 1393 669 1427; x_wconf 89' lang='lat' dir='ltr'>est</span> <span class='ocrx_word' id='word_1_147' title='bbox 681 1404 691 1438; x_wconf 59' lang='grc' dir='ltr'>,ι</span> <span class='ocrx_word' id='word_1_148' title='bbox 710 1390 780 1427; x_wconf 88' lang='lat' dir='ltr'>ubi</span> <span class='ocrx_word' id='word_1_149' title='bbox 801 1401 895 1427; x_wconf 89' lang='lat' dir='ltr'>vero</span> <span class='ocrx_word' id='word_1_150' title='bbox 915 1388 1077 1438; x_wconf 62' lang='lat' dir='ltr'>{equitas</span> <span class='ocrx_word' id='word_1_151' title='bbox 1098 1389 1221 1434; x_wconf 89' lang='lat' dir='ltr'>abest,</span> 
     </span>
     <span class='ocr_line' id='line_1_25' title="bbox 189 1451 1225 1501; baseline -0.002 -11"><span class='ocrx_word' id='word_1_152' title='bbox 189 1456 225 1490; x_wconf 91' lang='lat' dir='ltr'>et</span> <span class='ocrx_word' id='word_1_153' title='bbox 244 1453 431 1501; x_wconf 90' lang='lat' dir='ltr'>iniquitas</span> <span class='ocrx_word' id='word_1_154' title='bbox 452 1452 574 1497; x_wconf 88' lang='lat' dir='ltr'>adest,</span> <span class='ocrx_word' id='word_1_155' title='bbox 597 1452 653 1489; x_wconf 90' lang='lat' dir='ltr'>ibi</span> <span class='ocrx_word' id='word_1_156' title='bbox 672 1452 735 1489; x_wconf 90' lang='lat' dir='ltr'>lex</span> <span class='ocrx_word' id='word_1_157' title='bbox 754 1463 838 1489; x_wconf 89' lang='lat' dir='ltr'>esse</span> <span class='ocrx_word' id='word_1_158' title='bbox 860 1463 942 1488; x_wconf 93' lang='lat' dir='ltr'>non</span> <span class='ocrx_word' id='word_1_159' title='bbox 960 1454 1089 1500; x_wconf 89' lang='lat' dir='ltr'>potest</span> <span class='ocrx_word' id='word_1_160' title='bbox 1096 1464 1106 1498; x_wconf 84' lang='lat'>3</span> <span class='ocrx_word' id='word_1_161' title='bbox 1130 1451 1225 1488; x_wconf 87' lang='lat' dir='ltr'>alio-</span> 
     </span>
     <span class='ocr_line' id='line_1_26' title="bbox 190 1512 1225 1563; baseline -0.003 -11"><span class='ocrx_word' id='word_1_162' title='bbox 190 1516 307 1563; x_wconf 91' lang='lat' dir='ltr'>quin,</span> <span class='ocrx_word' id='word_1_163' title='bbox 333 1514 445 1563; x_wconf 91' lang='lat' dir='ltr'>quod</span> <span class='ocrx_word' id='word_1_164' title='bbox 474 1514 694 1551; x_wconf 86' lang='lat' dir='ltr'>absurdum</span> <span class='ocrx_word' id='word_1_165' title='bbox 724 1517 796 1561; x_wconf 90' lang='lat' dir='ltr'>est,</span> <span class='ocrx_word' id='word_1_166' title='bbox 825 1514 1075 1561; x_wconf 84' lang='lat' dir='ltr'>illegitimum</span> <span class='ocrx_word' id='word_1_167' title='bbox 1100 1512 1225 1560; x_wconf 88' lang='lat' dir='ltr'>legiti-</span> 
     </span>
     <span class='ocr_line' id='line_1_27' title="bbox 189 1575 1226 1624; baseline -0.005 -8"><span class='ocrx_word' id='word_1_168' title='bbox 189 1589 301 1616; x_wconf 90' lang='lat' dir='ltr'>mum</span> <span class='ocrx_word' id='word_1_169' title='bbox 332 1580 400 1615; x_wconf 89' lang='lat' dir='ltr'>est.</span> <span class='ocrx_word' id='word_1_170' title='bbox 431 1580 474 1614; x_wconf 90' lang='lat' dir='ltr'>Et</span> <span class='ocrx_word' id='word_1_171' title='bbox 503 1581 616 1623; x_wconf 87' lang='lat' dir='ltr'>nota,</span> <span class='ocrx_word' id='word_1_172' title='bbox 644 1577 754 1624; x_wconf 87' lang='lat' dir='ltr'>quod</span> <span class='ocrx_word' id='word_1_173' title='bbox 782 1576 924 1623; x_wconf 82' lang='lat' dir='ltr'>legitur</span> <span class='ocrx_word' id='word_1_174' title='bbox 951 1576 990 1612; x_wconf 86' lang='lat' dir='ltr'>in</span> <span class='ocrx_word' id='word_1_175' title='bbox 1020 1575 1226 1623; x_wconf 88' lang='lat' dir='ltr'>Scripturis</span> 
     </span>
     <span class='ocr_line' id='line_1_28' title="bbox 190 1637 1226 1687; baseline -0.004 -10"><span class='ocrx_word' id='word_1_176' title='bbox 190 1640 254 1678; x_wconf 87' lang='lat' dir='ltr'>lex</span> <span class='ocrx_word' id='word_1_177' title='bbox 274 1639 471 1686; x_wconf 80' lang='lat' dir='ltr'>mentalis,</span> <span class='ocrx_word' id='word_1_178' title='bbox 491 1639 586 1687; x_wconf 86' lang='lat' dir='ltr'>quia</span> <span class='ocrx_word' id='word_1_179' title='bbox 605 1639 701 1685; x_wconf 85' lang='lat' dir='ltr'>ligat</span> <span class='ocrx_word' id='word_1_180' title='bbox 717 1638 847 1675; x_wconf 87' lang='lat' dir='ltr'>cordis</span> <span class='ocrx_word' id='word_1_181' title='bbox 868 1638 1031 1674; x_wconf 88' lang='lat' dir='ltr'>consilia</span> <span class='ocrx_word' id='word_1_182' title='bbox 1043 1650 1054 1684; x_wconf 85' lang='lat'>;</span> <span class='ocrx_word' id='word_1_183' title='bbox 1076 1637 1140 1674; x_wconf 86' lang='lat' dir='ltr'>lex</span> <span class='ocrx_word' id='word_1_184' title='bbox 1158 1648 1226 1674; x_wconf 87' lang='lat' dir='ltr'>vo-</span> 
     </span>
     <span class='ocr_line' id='line_1_29' title="bbox 191 1699 1226 1750; baseline -0.005 -11"><span class='ocrx_word' id='word_1_185' title='bbox 191 1702 312 1748; x_wconf 88' lang='lat' dir='ltr'>calis,</span> <span class='ocrx_word' id='word_1_186' title='bbox 342 1702 437 1750; x_wconf 88' lang='lat' dir='ltr'>quia</span> <span class='ocrx_word' id='word_1_187' title='bbox 468 1700 564 1749; x_wconf 88' lang='lat' dir='ltr'>ligat</span> <span class='ocrx_word' id='word_1_188' title='bbox 597 1700 676 1737; x_wconf 89' lang='lat' dir='ltr'>oris</span> <span class='ocrx_word' id='word_1_189' title='bbox 710 1699 890 1748; x_wconf 82' lang='lat' dir='ltr'>eloquia3</span> <span class='ocrx_word' id='word_1_190' title='bbox 923 1699 988 1736; x_wconf 79' lang='lat' dir='ltr'>lex</span> <span class='ocrx_word' id='word_1_191' title='bbox 1016 1699 1226 1744; x_wconf 84' lang='lat' dir='ltr'>manualis,</span> 
     </span>
     <span class='ocr_line' id='line_1_30' title="bbox 190 1764 1227 1814; baseline -0.002 -11"><span class='ocrx_word' id='word_1_192' title='bbox 190 1765 284 1814; x_wconf 90' lang='lat' dir='ltr'>quia</span> <span class='ocrx_word' id='word_1_193' title='bbox 302 1764 400 1812; x_wconf 86' lang='lat' dir='ltr'>ligat</span> <span class='ocrx_word' id='word_1_194' title='bbox 413 1775 605 1801; x_wconf 85' lang='lat' dir='ltr'>manuum</span> <span class='ocrx_word' id='word_1_195' title='bbox 624 1764 819 1801; x_wconf 78' lang='lat' dir='ltr'>exercitia.</span> <span class='ocrx_word' id='word_1_196' title='bbox 844 1766 894 1801; x_wconf 93' lang='lat' dir='ltr'>De</span> <span class='ocrx_word' id='word_1_197' title='bbox 913 1764 1043 1812; x_wconf 85' lang='lat' dir='ltr'>primo</span> <span class='ocrx_word' id='word_1_198' title='bbox 1061 1764 1073 1785; x_wconf 84' lang='lat'><strong>⁵</strong></span> <span class='ocrx_word' id='word_1_199' title='bbox 1090 1776 1098 1800; x_wconf 90' lang='lat'>:</span> <span class='ocrx_word' id='word_1_200' title='bbox 1118 1777 1136 1798; x_wconf 89' lang='lat'>«</span> <span class='ocrx_word' id='word_1_201' title='bbox 1149 1770 1227 1801; x_wconf 88' lang='lat' dir='ltr'>Au-</span> 
     </span>
     <span class='ocr_line' id='line_1_31' title="bbox 191 1826 1228 1875; baseline -0.001 -11"><span class='ocrx_word' id='word_1_202' title='bbox 191 1827 270 1864; x_wconf 87' lang='lat' dir='ltr'>dite</span> <span class='ocrx_word' id='word_1_203' title='bbox 296 1837 380 1874; x_wconf 89' lang='lat' dir='ltr'>me,</span> <span class='ocrx_word' id='word_1_204' title='bbox 401 1827 472 1875; x_wconf 87' lang='lat' dir='ltr'>qui</span> <span class='ocrx_word' id='word_1_205' title='bbox 496 1827 598 1863; x_wconf 90' lang='lat' dir='ltr'>scitis</span> <span class='ocrx_word' id='word_1_206' title='bbox 620 1827 789 1873; x_wconf 80' lang='lat' dir='ltr'>justum3</span> <span class='ocrx_word' id='word_1_207' title='bbox 813 1827 986 1874; x_wconf 86' lang='lat' dir='ltr'>populus</span> <span class='ocrx_word' id='word_1_208' title='bbox 1011 1837 1142 1873; x_wconf 92' lang='lat' dir='ltr'>meus,</span> <span class='ocrx_word' id='word_1_209' title='bbox 1163 1826 1228 1863; x_wconf 84' lang='lat' dir='ltr'>lex</span> 
     </span>
     <span class='ocr_line' id='line_1_32' title="bbox 191 1888 1229 1935; baseline -0.001 -10"><span class='ocrx_word' id='word_1_210' title='bbox 191 1888 331 1926; x_wconf 90' lang='lat' dir='ltr'>meain</span> <span class='ocrx_word' id='word_1_211' title='bbox 345 1888 465 1924; x_wconf 90' lang='lat' dir='ltr'>corde</span> <span class='ocrx_word' id='word_1_212' title='bbox 487 1898 625 1925; x_wconf 87' lang='lat' dir='ltr'>eorum</span> <span class='ocrx_word' id='word_1_213' title='bbox 640 1900 648 1924; x_wconf 90' lang='lat'>:</span> <span class='ocrx_word' id='word_1_214' title='bbox 665 1901 682 1922; x_wconf 73' lang='lat'>&gt;³</span> <span class='ocrx_word' id='word_1_215' title='bbox 702 1898 792 1924; x_wconf 89' lang='lat' dir='ltr'>ecce</span> <span class='ocrx_word' id='word_1_216' title='bbox 806 1888 869 1925; x_wconf 82' lang='lat' dir='ltr'>lex</span> <span class='ocrx_word' id='word_1_217' title='bbox 883 1888 1081 1934; x_wconf 77' lang='lat' dir='ltr'>mentalis,</span> <span class='ocrx_word' id='word_1_218' title='bbox 1102 1888 1229 1935; x_wconf 81' lang='lat' dir='ltr'>ligans</span> 
     </span>
     <span class='ocr_line' id='line_1_33' title="bbox 193 1949 1229 1988; baseline -0.001 -1"><span class='ocrx_word' id='word_1_219' title='bbox 193 1950 324 1988; x_wconf 91' lang='lat' dir='ltr'>cordis</span> <span class='ocrx_word' id='word_1_220' title='bbox 360 1950 536 1988; x_wconf 89' lang='lat' dir='ltr'>consilia.</span> <span class='ocrx_word' id='word_1_221' title='bbox 565 1952 616 1987; x_wconf 93' lang='lat' dir='ltr'>De</span> <span class='ocrx_word' id='word_1_222' title='bbox 646 1950 820 1987; x_wconf 87' lang='lat' dir='ltr'>secundo</span> <span class='ocrx_word' id='word_1_223' title='bbox 845 1951 857 1972; x_wconf 75' lang='lat'>‘⁵</span> <span class='ocrx_word' id='word_1_224' title='bbox 893 1963 900 1987; x_wconf 92' lang='lat'><strong>:</strong></span> <span class='ocrx_word' id='word_1_225' title='bbox 925 1963 942 1984; x_wconf 90' lang='lat'>«</span> <span class='ocrx_word' id='word_1_226' title='bbox 961 1953 1038 1987; x_wconf 79' lang='lat' dir='ltr'>Lex</span> <span class='ocrx_word' id='word_1_227' title='bbox 1076 1949 1229 1987; x_wconf 90' lang='lat' dir='ltr'>Domini</span> 
     </span>
     <span class='ocr_line' id='line_1_34' title="bbox 195 2012 1229 2061; baseline -0.002 -11"><span class='ocrx_word' id='word_1_228' title='bbox 195 2023 350 2061; x_wconf 86' lang='lat' dir='ltr'>semper</span> <span class='ocrx_word' id='word_1_229' title='bbox 368 2013 416 2049; x_wconf 92' lang='lat' dir='ltr'>sit</span> <span class='ocrx_word' id='word_1_230' title='bbox 434 2013 474 2049; x_wconf 90' lang='lat' dir='ltr'>in</span> <span class='ocrx_word' id='word_1_231' title='bbox 492 2023 559 2049; x_wconf 91' lang='lat' dir='ltr'>ore</span> <span class='ocrx_word' id='word_1_232' title='bbox 582 2014 670 2059; x_wconf 83' lang='lat' dir='ltr'>tuo3</span> <span class='ocrx_word' id='word_1_233' title='bbox 691 2026 709 2047; x_wconf 71' lang='lat' dir='ltr'>n</span> <span class='ocrx_word' id='word_1_234' title='bbox 729 2023 817 2049; x_wconf 82' lang='lat' dir='ltr'>ecce</span> <span class='ocrx_word' id='word_1_235' title='bbox 838 2012 903 2048; x_wconf 76' lang='lat' dir='ltr'>lex</span> <span class='ocrx_word' id='word_1_236' title='bbox 921 2012 1083 2059; x_wconf 89' lang='lat' dir='ltr'>vocalis,</span> <span class='ocrx_word' id='word_1_237' title='bbox 1102 2012 1229 2060; x_wconf 87' lang='lat' dir='ltr'>ligans</span> 
     </span>
     <span class='ocr_line' id='line_1_35' title="bbox 195 2074 1231 2123; baseline -0.001 -11"><span class='ocrx_word' id='word_1_238' title='bbox 195 2075 274 2112; x_wconf 90' lang='lat' dir='ltr'>oris</span> <span class='ocrx_word' id='word_1_239' title='bbox 294 2075 469 2123; x_wconf 86' lang='lat' dir='ltr'>eloquia.</span> <span class='ocrx_word' id='word_1_240' title='bbox 491 2077 541 2112; x_wconf 89' lang='lat' dir='ltr'>De</span> <span class='ocrx_word' id='word_1_241' title='bbox 562 2075 674 2111; x_wconf 89' lang='lat' dir='ltr'>tertio</span> <span class='ocrx_word' id='word_1_242' title='bbox 695 2076 707 2097; x_wconf 78' lang='lat'><strong>⁷</strong></span> <span class='ocrx_word' id='word_1_243' title='bbox 731 2087 739 2110; x_wconf 90' lang='lat'>:</span> <span class='ocrx_word' id='word_1_244' title='bbox 760 2088 776 2109; x_wconf 77' lang='grc' dir='ltr'>α</span> <span class='ocrx_word' id='word_1_245' title='bbox 789 2074 982 2111; x_wconf 89' lang='lat' dir='ltr'>Dederunt</span> <span class='ocrx_word' id='word_1_246' title='bbox 997 2074 1032 2111; x_wconf 91' lang='lat' dir='ltr'>ei</span> <span class='ocrx_word' id='word_1_247' title='bbox 1052 2075 1092 2111; x_wconf 91' lang='lat' dir='ltr'>in</span> <span class='ocrx_word' id='word_1_248' title='bbox 1109 2085 1231 2111; x_wconf 89' lang='lat' dir='ltr'>manu</span> 
     </span>
     <span class='ocr_line' id='line_1_36' title="bbox 195 2137 1231 2185; baseline -0.001 -11"><span class='ocrx_word' id='word_1_249' title='bbox 195 2138 278 2185; x_wconf 90' lang='lat' dir='ltr'>ejus</span> <span class='ocrx_word' id='word_1_250' title='bbox 298 2137 510 2175; x_wconf 88' lang='lat' dir='ltr'>tenendam</span> <span class='ocrx_word' id='word_1_251' title='bbox 525 2137 669 2184; x_wconf 83' lang='lat' dir='ltr'>legem,</span> <span class='ocrx_word' id='word_1_252' title='bbox 691 2139 728 2173; x_wconf 89' lang='lat' dir='ltr'>et</span> <span class='ocrx_word' id='word_1_253' title='bbox 745 2137 1032 2174; x_wconf 86' lang='lat' dir='ltr'>constituerunt</span> <span class='ocrx_word' id='word_1_254' title='bbox 1052 2147 1143 2173; x_wconf 88' lang='lat' dir='ltr'>eum</span> <span class='ocrx_word' id='word_1_255' title='bbox 1171 2147 1231 2174; x_wconf 88' lang='lat' dir='ltr'>re-</span> 
     </span>
     <span class='ocr_line' id='line_1_37' title="bbox 195 2198 1233 2246; baseline -0.002 -9"><span class='ocrx_word' id='word_1_256' title='bbox 195 2210 286 2246; x_wconf 87' lang='lat' dir='ltr'>gem</span> <span class='ocrx_word' id='word_1_257' title='bbox 306 2212 314 2236; x_wconf 92' lang='lat'>:</span> <span class='ocrx_word' id='word_1_258' title='bbox 332 2213 350 2236; x_wconf 90' lang='lat'>»</span> <span class='ocrx_word' id='word_1_259' title='bbox 367 2210 454 2237; x_wconf 90' lang='lat' dir='ltr'>ecce</span> <span class='ocrx_word' id='word_1_260' title='bbox 469 2199 534 2237; x_wconf 79' lang='lat' dir='ltr'>lex</span> <span class='ocrx_word' id='word_1_261' title='bbox 547 2198 758 2245; x_wconf 81' lang='lat' dir='ltr'>manualis,</span> <span class='ocrx_word' id='word_1_262' title='bbox 774 2199 901 2245; x_wconf 85' lang='lat' dir='ltr'>ligans</span> <span class='ocrx_word' id='word_1_263' title='bbox 913 2209 1107 2236; x_wconf 86' lang='lat' dir='ltr'>manuum</span> <span class='ocrx_word' id='word_1_264' title='bbox 1124 2209 1233 2236; x_wconf 84' lang='lat' dir='ltr'>exer-</span> 
     </span>
     <span class='ocr_line' id='line_1_38' title="bbox 195 2262 299 2301; baseline 0 -2"><span class='ocrx_word' id='word_1_265' title='bbox 195 2262 299 2301; x_wconf 88' lang='lat' dir='ltr'>citia.</span> 
     </span>
    </p>

    <p class='ocr_par' dir='ltr' id='par_1_8' title="bbox 526 2310 903 2356">
     <span class='ocr_line' id='line_1_39' title="bbox 526 2310 903 2356; baseline -0.003 -10"><span class='ocrx_word' id='word_1_266' title='bbox 526 2310 711 2346; x_wconf 76' lang='lat' dir='ltr'>Articulus</span> <span class='ocrx_word' id='word_1_267' title='bbox 738 2313 903 2356; x_wconf 77' lang='lat' dir='ltr'>quartus.</span> 
     </span>
    </p>

    <p class='ocr_par' dir='ltr' id='par_1_9' title="bbox 196 2389 1242 3370">
     <span class='ocr_line' id='line_1_40' title="bbox 242 2389 1232 2438; baseline -0.002 -10"><span class='ocrx_word' id='word_1_268' title='bbox 242 2391 389 2428; x_wconf 89' lang='lat' dir='ltr'>Veritas</span> <span class='ocrx_word' id='word_1_269' title='bbox 417 2391 534 2429; x_wconf 90' lang='lat' dir='ltr'>etiam</span> <span class='ocrx_word' id='word_1_270' title='bbox 561 2390 799 2438; x_wconf 75' lang='lat' dir='ltr'>implicatur,</span> <span class='ocrx_word' id='word_1_271' title='bbox 823 2401 913 2427; x_wconf 90' lang='lat' dir='ltr'>cum</span> <span class='ocrx_word' id='word_1_272' title='bbox 935 2389 1139 2427; x_wconf 84' lang='lat' dir='ltr'>meditatio</span> <span class='ocrx_word' id='word_1_273' title='bbox 1162 2400 1232 2427; x_wconf 74' lang='lat' dir='ltr'>ex-</span> 
     </span>
     <span class='ocr_line' id='line_1_41' title="bbox 196 2451 1234 2500; baseline -0.002 -11"><span class='ocrx_word' id='word_1_274' title='bbox 196 2452 364 2500; x_wconf 84' lang='lat' dir='ltr'>plicatur</span> <span class='ocrx_word' id='word_1_275' title='bbox 393 2464 401 2489; x_wconf 92' lang='lat'>:</span> <span class='ocrx_word' id='word_1_276' title='bbox 434 2453 552 2500; x_wconf 90' lang='lat' dir='ltr'>quia,</span> <span class='ocrx_word' id='word_1_277' title='bbox 579 2451 678 2488; x_wconf 88' lang='lat' dir='ltr'>sicut</span> <span class='ocrx_word' id='word_1_278' title='bbox 705 2455 760 2488; x_wconf 86' lang='lat' dir='ltr'>est</span> <span class='ocrx_word' id='word_1_279' title='bbox 786 2452 851 2488; x_wconf 77' lang='lat' dir='ltr'>lex</span> <span class='ocrx_word' id='word_1_280' title='bbox 878 2452 1038 2497; x_wconf 85' lang='lat' dir='ltr'>insana,</span> <span class='ocrx_word' id='word_1_281' title='bbox 1064 2452 1126 2488; x_wconf 93' lang='lat' dir='ltr'>cui</span> <span class='ocrx_word' id='word_1_282' title='bbox 1153 2462 1234 2488; x_wconf 82' lang='lat' dir='ltr'>non</span> 
     </span>
     <span class='ocr_line' id='line_1_42' title="bbox 197 2513 1235 2562; baseline 0 -12"><span class='ocrx_word' id='word_1_283' title='bbox 197 2513 333 2550; x_wconf 90' lang='lat' dir='ltr'>subest</span> <span class='ocrx_word' id='word_1_284' title='bbox 352 2514 541 2562; x_wconf 85' lang='lat' dir='ltr'>aequitas;</span> <span class='ocrx_word' id='word_1_285' title='bbox 562 2514 617 2550; x_wconf 90' lang='lat' dir='ltr'>sic</span> <span class='ocrx_word' id='word_1_286' title='bbox 637 2517 693 2550; x_wconf 89' lang='lat' dir='ltr'>est</span> <span class='ocrx_word' id='word_1_287' title='bbox 712 2513 916 2556; x_wconf 73' lang='lat' dir='ltr'>meditatio</span> <span class='ocrx_word' id='word_1_288' title='bbox 935 2524 1053 2560; x_wconf 89' lang='lat' dir='ltr'>vana,</span> <span class='ocrx_word' id='word_1_289' title='bbox 1071 2513 1134 2550; x_wconf 82' lang='lat' dir='ltr'>cui</span> <span class='ocrx_word' id='word_1_290' title='bbox 1152 2523 1235 2550; x_wconf 88' lang='lat' dir='ltr'>non</span> 
     </span>
     <span class='ocr_line' id='line_1_43' title="bbox 199 2575 1234 2624; baseline 0 -12"><span class='ocrx_word' id='word_1_291' title='bbox 199 2575 333 2613; x_wconf 88' lang='lat' dir='ltr'>subest</span> <span class='ocrx_word' id='word_1_292' title='bbox 360 2575 516 2613; x_wconf 89' lang='lat' dir='ltr'>veritas.</span> <span class='ocrx_word' id='word_1_293' title='bbox 547 2578 590 2612; x_wconf 88' lang='lat' dir='ltr'>Et</span> <span class='ocrx_word' id='word_1_294' title='bbox 621 2578 737 2622; x_wconf 90' lang='lat' dir='ltr'>nota,</span> <span class='ocrx_word' id='word_1_295' title='bbox 769 2575 880 2624; x_wconf 92' lang='lat' dir='ltr'>quod</span> <span class='ocrx_word' id='word_1_296' title='bbox 907 2575 1004 2623; x_wconf 85' lang='lat' dir='ltr'>legis</span> <span class='ocrx_word' id='word_1_297' title='bbox 1033 2575 1234 2612; x_wconf 79' lang='lat' dir='ltr'>meditatio</span> 
     </span>
     <span class='ocr_line' id='line_1_44' title="bbox 199 2638 1231 2687; baseline -0.002 -11"><span class='ocrx_word' id='word_1_298' title='bbox 199 2642 255 2676; x_wconf 91' lang='lat' dir='ltr'>est</span> <span class='ocrx_word' id='word_1_299' title='bbox 278 2639 443 2686; x_wconf 88' lang='lat' dir='ltr'>legentis</span> <span class='ocrx_word' id='word_1_300' title='bbox 469 2638 681 2687; x_wconf 86' lang='lat' dir='ltr'>protectio,</span> <span class='ocrx_word' id='word_1_301' title='bbox 703 2638 927 2686; x_wconf 81' lang='lat' dir='ltr'>provectio,</span> <span class='ocrx_word' id='word_1_302' title='bbox 954 2641 991 2675; x_wconf 88' lang='lat' dir='ltr'>et</span> <span class='ocrx_word' id='word_1_303' title='bbox 1015 2638 1200 2687; x_wconf 83' lang='lat' dir='ltr'>perfectio</span> <span class='ocrx_word' id='word_1_304' title='bbox 1224 2651 1231 2674; x_wconf 74' lang='grc' dir='ltr'>ε</span> 
     </span>
     <span class='ocr_line' id='line_1_45' title="bbox 200 2700 1236 2750; baseline -0.001 -11"><span class='ocrx_word' id='word_1_305' title='bbox 200 2703 363 2750; x_wconf 87' lang='lat' dir='ltr'>propter</span> <span class='ocrx_word' id='word_1_306' title='bbox 399 2701 458 2738; x_wconf 92' lang='lat' dir='ltr'>vis</span> <span class='ocrx_word' id='word_1_307' title='bbox 489 2700 699 2738; x_wconf 88' lang='lat' dir='ltr'>irascibilis</span> <span class='ocrx_word' id='word_1_308' title='bbox 730 2701 1043 2748; x_wconf 91' lang='lat' dir='ltr'>munimentum;</span> <span class='ocrx_word' id='word_1_309' title='bbox 1074 2704 1236 2750; x_wconf 89' lang='lat' dir='ltr'>propter</span> 
     </span>
     <span class='ocr_line' id='line_1_46' title="bbox 200 2763 1237 2811; baseline -0.003 -9"><span class='ocrx_word' id='word_1_310' title='bbox 200 2763 448 2802; x_wconf 88' lang='lat' dir='ltr'>rationabilis</span> <span class='ocrx_word' id='word_1_311' title='bbox 474 2763 777 2809; x_wconf 89' lang='lat' dir='ltr'>documentum;</span> <span class='ocrx_word' id='word_1_312' title='bbox 804 2766 968 2811; x_wconf 81' lang='lat' dir='ltr'>propter</span> <span class='ocrx_word' id='word_1_313' title='bbox 993 2763 1237 2811; x_wconf 91' lang='lat' dir='ltr'>concupisci-</span> 
     </span>
     <span class='ocr_line' id='line_1_47' title="bbox 200 2825 1236 2874; baseline -0.001 -11"><span class='ocrx_word' id='word_1_314' title='bbox 200 2826 292 2863; x_wconf 89' lang='lat' dir='ltr'>bilis</span> <span class='ocrx_word' id='word_1_315' title='bbox 328 2825 643 2874; x_wconf 83' lang='lat' dir='ltr'>implementum.</span> <span class='ocrx_word' id='word_1_316' title='bbox 682 2825 855 2863; x_wconf 90' lang='lat' dir='ltr'>Primum</span> <span class='ocrx_word' id='word_1_317' title='bbox 891 2828 997 2873; x_wconf 89' lang='lat' dir='ltr'>patet</span> <span class='ocrx_word' id='word_1_318' title='bbox 1030 2836 1100 2874; x_wconf 93' lang='lat' dir='ltr'>per</span> <span class='ocrx_word' id='word_1_319' title='bbox 1136 2825 1236 2862; x_wconf 90' lang='lat' dir='ltr'>illud</span> 
     </span>
     <span class='ocr_line' id='line_1_48' title="bbox 201 2887 1237 2937; baseline 0.001 -12"><span class='ocrx_word' id='word_1_320' title='bbox 201 2888 403 2937; x_wconf 84' lang='lat' dir='ltr'>Prophetae</span> <span class='ocrx_word' id='word_1_321' title='bbox 421 2890 434 2911; x_wconf 77' lang='lat'><strong>⁸</strong></span> <span class='ocrx_word' id='word_1_322' title='bbox 458 2900 466 2924; x_wconf 89' lang='grc'>;</span> <span class='ocrx_word' id='word_1_323' title='bbox 491 2901 509 2922; x_wconf 86' lang='lat'>«</span> <span class='ocrx_word' id='word_1_324' title='bbox 525 2887 604 2927; x_wconf 89' lang='lat' dir='ltr'>Nisi</span> <span class='ocrx_word' id='word_1_325' title='bbox 625 2887 736 2936; x_wconf 89' lang='lat' dir='ltr'>quod</span> <span class='ocrx_word' id='word_1_326' title='bbox 756 2888 820 2925; x_wconf 86' lang='lat' dir='ltr'>lex</span> <span class='ocrx_word' id='word_1_327' title='bbox 839 2891 906 2925; x_wconf 93' lang='lat' dir='ltr'>tua</span> <span class='ocrx_word' id='word_1_328' title='bbox 925 2888 1128 2926; x_wconf 82' lang='lat' dir='ltr'>meditatio</span> <span class='ocrx_word' id='word_1_329' title='bbox 1148 2899 1237 2926; x_wconf 89' lang='lat' dir='ltr'>mea</span> 
     </span>
     <span class='ocr_line' id='line_1_49' title="bbox 202 2949 1232 2998; baseline -0.001 -12"><span class='ocrx_word' id='word_1_330' title='bbox 202 2951 278 2996; x_wconf 90' lang='lat' dir='ltr'>est,</span> <span class='ocrx_word' id='word_1_331' title='bbox 301 2953 394 2987; x_wconf 90' lang='lat' dir='ltr'>tunc</span> <span class='ocrx_word' id='word_1_332' title='bbox 414 2949 512 2987; x_wconf 86' lang='lat' dir='ltr'>forte</span> <span class='ocrx_word' id='word_1_333' title='bbox 531 2950 737 2998; x_wconf 89' lang='lat' dir='ltr'>periissem</span> <span class='ocrx_word' id='word_1_334' title='bbox 763 2950 804 2987; x_wconf 91' lang='lat' dir='ltr'>in</span> <span class='ocrx_word' id='word_1_335' title='bbox 827 2950 1047 2988; x_wconf 87' lang='lat' dir='ltr'>humilitate</span> <span class='ocrx_word' id='word_1_336' title='bbox 1073 2961 1163 2988; x_wconf 88' lang='lat' dir='ltr'>mea</span> <span class='ocrx_word' id='word_1_337' title='bbox 1185 2963 1193 2987; x_wconf 92' lang='lat'><strong>:</strong></span> <span class='ocrx_word' id='word_1_338' title='bbox 1215 2964 1232 2986; x_wconf 88' lang='lat'>»</span> 
     </span>
     <span class='ocr_line' id='line_1_50' title="bbox 204 3011 1237 3060; baseline 0.003 -13"><span class='ocrx_word' id='word_1_339' title='bbox 204 3021 293 3048; x_wconf 84' lang='lat' dir='ltr'>ecce</span> <span class='ocrx_word' id='word_1_340' title='bbox 313 3011 412 3058; x_wconf 85' lang='lat' dir='ltr'>legis</span> <span class='ocrx_word' id='word_1_341' title='bbox 440 3011 666 3058; x_wconf 86' lang='lat' dir='ltr'>meditatio,</span> <span class='ocrx_word' id='word_1_342' title='bbox 686 3012 893 3049; x_wconf 87' lang='lat' dir='ltr'>irascibilis</span> <span class='ocrx_word' id='word_1_343' title='bbox 918 3012 1147 3060; x_wconf 89' lang='lat' dir='ltr'>protectiva.</span> <span class='ocrx_word' id='word_1_344' title='bbox 1170 3014 1237 3050; x_wconf 91' lang='lat' dir='ltr'>Se-</span> 
     </span>
     <span class='ocr_line' id='line_1_51' title="bbox 205 3071 1240 3121; baseline 0.004 -12"><span class='ocrx_word' id='word_1_345' title='bbox 205 3071 380 3116; x_wconf 86' lang='lat' dir='ltr'>cundum</span> <span class='ocrx_word' id='word_1_346' title='bbox 412 3072 537 3120; x_wconf 87' lang='lat' dir='ltr'>liquet</span> <span class='ocrx_word' id='word_1_347' title='bbox 563 3084 634 3121; x_wconf 93' lang='lat' dir='ltr'>per</span> <span class='ocrx_word' id='word_1_348' title='bbox 665 3074 766 3110; x_wconf 88' lang='lat' dir='ltr'>illud</span> <span class='ocrx_word' id='word_1_349' title='bbox 795 3074 1005 3111; x_wconf 83' lang='lat' dir='ltr'>Psalmistae</span> <span class='ocrx_word' id='word_1_350' title='bbox 1023 3075 1036 3096; x_wconf 83' lang='lat'>⁹</span> <span class='ocrx_word' id='word_1_351' title='bbox 1063 3086 1071 3110; x_wconf 92' lang='lat'>:</span> <span class='ocrx_word' id='word_1_352' title='bbox 1097 3088 1115 3109; x_wconf 74' lang='grc' dir='ltr'><strong>κ</strong></span> <span class='ocrx_word' id='word_1_353' title='bbox 1140 3076 1240 3120; x_wconf 86' lang='lat' dir='ltr'>Quo-</span> 
     </span>
     <span class='ocr_line' id='line_1_52' title="bbox 205 3133 1239 3183; baseline 0.003 -12"><span class='ocrx_word' id='word_1_354' title='bbox 205 3134 328 3171; x_wconf 90' lang='lat' dir='ltr'>modo</span> <span class='ocrx_word' id='word_1_355' title='bbox 369 3133 489 3170; x_wconf 84' lang='lat' dir='ltr'>dilexi</span> <span class='ocrx_word' id='word_1_356' title='bbox 525 3135 655 3183; x_wconf 81' lang='lat' dir='ltr'>legem</span> <span class='ocrx_word' id='word_1_357' title='bbox 693 3139 816 3182; x_wconf 88' lang='lat' dir='ltr'>tuam,</span> <span class='ocrx_word' id='word_1_358' title='bbox 845 3135 1032 3173; x_wconf 88' lang='lat' dir='ltr'>Domine!</span> <span class='ocrx_word' id='word_1_359' title='bbox 1063 3139 1142 3173; x_wconf 86' lang='lat' dir='ltr'>tota</span> <span class='ocrx_word' id='word_1_360' title='bbox 1176 3137 1239 3174; x_wconf 91' lang='lat' dir='ltr'>die</span> 
     </span>
     <span class='ocr_line' id='line_1_53' title="bbox 206 3195 1242 3246; baseline 0.004 -13"><span class='ocrx_word' id='word_1_361' title='bbox 206 3195 407 3233; x_wconf 86' lang='lat' dir='ltr'>meditatio</span> <span class='ocrx_word' id='word_1_362' title='bbox 435 3207 524 3234; x_wconf 88' lang='lat' dir='ltr'>mea</span> <span class='ocrx_word' id='word_1_363' title='bbox 550 3200 605 3233; x_wconf 90' lang='lat' dir='ltr'>est</span> <span class='ocrx_word' id='word_1_364' title='bbox 627 3209 635 3234; x_wconf 95' lang='lat'><strong>:</strong></span> <span class='ocrx_word' id='word_1_365' title='bbox 657 3211 676 3233; x_wconf 86' lang='lat'>»</span> <span class='ocrx_word' id='word_1_366' title='bbox 699 3208 788 3235; x_wconf 91' lang='lat' dir='ltr'>ecce</span> <span class='ocrx_word' id='word_1_367' title='bbox 813 3198 911 3244; x_wconf 85' lang='lat' dir='ltr'>legis</span> <span class='ocrx_word' id='word_1_368' title='bbox 937 3197 1159 3246; x_wconf 87' lang='lat' dir='ltr'>meditatio,</span> <span class='ocrx_word' id='word_1_369' title='bbox 1181 3210 1242 3237; x_wconf 89' lang='lat' dir='ltr'>ra·</span> 
     </span>
     <span class='ocr_line' id='line_1_54' title="bbox 208 3257 1242 3309; baseline 0.004 -14"><span class='ocrx_word' id='word_1_370' title='bbox 208 3257 406 3296; x_wconf 89' lang='lat' dir='ltr'>tionabitis</span> <span class='ocrx_word' id='word_1_371' title='bbox 432 3259 670 3306; x_wconf 85' lang='lat' dir='ltr'>provectiva.</span> <span class='ocrx_word' id='word_1_372' title='bbox 701 3258 868 3296; x_wconf 89' lang='lat' dir='ltr'>Tertium</span> <span class='ocrx_word' id='word_1_373' title='bbox 897 3260 1017 3298; x_wconf 88' lang='lat' dir='ltr'>claret</span> <span class='ocrx_word' id='word_1_374' title='bbox 1042 3271 1113 3309; x_wconf 88' lang='lat' dir='ltr'>per</span> <span class='ocrx_word' id='word_1_375' title='bbox 1140 3260 1242 3299; x_wconf 85' lang='lat' dir='ltr'>inud</span> 
     </span>
     <span class='ocr_line' id='line_1_55' title="bbox 207 3319 1241 3370; baseline 0.005 -13"><span class='ocrx_word' id='word_1_376' title='bbox 207 3319 445 3368; x_wconf 79' lang='lat' dir='ltr'>propheticae</span> <span class='ocrx_word' id='word_1_377' title='bbox 465 3320 699 3368; x_wconf 84' lang='lat' dir='ltr'>psalmodiae</span> <span class='ocrx_word' id='word_1_378' title='bbox 718 3321 744 3343; x_wconf 89' lang='lat'>¹⁰</span> <span class='ocrx_word' id='word_1_379' title='bbox 767 3334 774 3358; x_wconf 90' lang='lat'><strong>:</strong></span> <span class='ocrx_word' id='word_1_380' title='bbox 801 3335 818 3355; x_wconf 89' lang='lat'>«</span> <span class='ocrx_word' id='word_1_381' title='bbox 838 3322 1053 3370; x_wconf 79' lang='lat' dir='ltr'>Concupivi</span> <span class='ocrx_word' id='word_1_382' title='bbox 1074 3323 1241 3362; x_wconf 86' lang='lat' dir='ltr'>salutare</span> 
     </span>
    </p>

    <p class='ocr_par' dir='ltr' id='par_1_10' title="bbox 214 3403 1242 3497">
     <span class='ocr_line' id='line_1_56' title="bbox 256 3403 1240 3450; baseline 0.003 -14"><span class='ocrx_word' id='word_1_383' title='bbox 256 3405 262 3423; x_wconf 89' lang='lat'><strong>¹</strong></span> <span class='ocrx_word' id='word_1_384' title='bbox 284 3404 296 3435; x_wconf 88' lang='lat'>1</span> <span class='ocrx_word' id='word_1_385' title='bbox 317 3403 409 3444; x_wconf 70' lang='lat' dir='ltr'>Cor„</span> <span class='ocrx_word' id='word_1_386' title='bbox 429 3411 506 3445; x_wconf 82' lang='lat' dir='ltr'>xtll,</span> <span class='ocrx_word' id='word_1_387' title='bbox 528 3407 558 3436; x_wconf 79' lang='grc' dir='ltr'>Ἰ.</span> <span class='ocrx_word' id='word_1_388' title='bbox 580 3422 619 3430; x_wconf 84' lang='grc'>--</span> <span class='ocrx_word' id='word_1_389' title='bbox 640 3406 651 3424; x_wconf 79' lang='lat'>²</span> <span class='ocrx_word' id='word_1_390' title='bbox 670 3405 806 3444; x_wconf 63' lang='lat' dir='ltr'>Habac„</span> <span class='ocrx_word' id='word_1_391' title='bbox 829 3415 866 3447; x_wconf 85' lang='lat'>11,</span> <span class='ocrx_word' id='word_1_392' title='bbox 887 3409 915 3438; x_wconf 81' lang='lat'>4.</span> <span class='ocrx_word' id='word_1_393' title='bbox 937 3424 977 3430; x_wconf 88' lang='lat'><strong>—</strong></span> <span class='ocrx_word' id='word_1_394' title='bbox 997 3407 1008 3426; x_wconf 82' lang='lat'><strong>³</strong></span> <span class='ocrx_word' id='word_1_395' title='bbox 1029 3408 1038 3439; x_wconf 90' lang='grc' dir='ltr'>Ι</span> <span class='ocrx_word' id='word_1_396' title='bbox 1067 3406 1190 3442; x_wconf 70' lang='lat' dir='ltr'>Thess..</span> <span class='ocrx_word' id='word_1_397' title='bbox 1208 3417 1240 3450; x_wconf 84' lang='lat' dir='ltr'>v,</span> 
     </span>
     <span class='ocr_line' id='line_1_57' title="bbox 214 3451 1242 3497; baseline 0.007 -16"><span class='ocrx_word' id='word_1_398' title='bbox 214 3452 262 3482; x_wconf 88' lang='lat'>10.</span> <span class='ocrx_word' id='word_1_399' title='bbox 280 3467 321 3475; x_wconf 90' lang='lat'>—</span> <span class='ocrx_word' id='word_1_400' title='bbox 338 3451 351 3473; x_wconf 72' lang='lat'><strong>⁴</strong></span> <span class='ocrx_word' id='word_1_401' title='bbox 373 3452 399 3484; x_wconf 84' lang='lat' dir='ltr'>ll</span> <span class='ocrx_word' id='word_1_402' title='bbox 423 3452 520 3494; x_wconf 61' lang='lat' dir='ltr'>Tim„</span> <span class='ocrx_word' id='word_1_403' title='bbox 546 3461 605 3496; x_wconf 72' lang='lat' dir='ltr'>tlt,</span> <span class='ocrx_word' id='word_1_404' title='bbox 637 3457 685 3487; x_wconf 77' lang='lat'>12.</span> <span class='ocrx_word' id='word_1_405' title='bbox 715 3473 749 3477; x_wconf 89' lang='lat'><strong>—</strong></span> <span class='ocrx_word' id='word_1_406' title='bbox 773 3456 782 3474; x_wconf 71' lang='lat'>&#39;³</span> <span class='ocrx_word' id='word_1_407' title='bbox 805 3456 883 3491; x_wconf 70' lang='lat' dir='ltr'>lsa„</span> <span class='ocrx_word' id='word_1_408' title='bbox 905 3457 1001 3496; x_wconf 79' lang='lat' dir='ltr'>L1‚7.</span> <span class='ocrx_word' id='word_1_409' title='bbox 1026 3473 1068 3479; x_wconf 95' lang='lat'><strong>—</strong></span> <span class='ocrx_word' id='word_1_410' title='bbox 1085 3456 1098 3478; x_wconf 76' lang='lat'><em>⁶</em></span> <span class='ocrx_word' id='word_1_411' title='bbox 1117 3456 1242 3497; x_wconf 62' lang='lat' dir='ltr'>Exod„</span> 
     </span>
    </p>

    <p class='ocr_par' dir='ltr' id='par_1_11' title="bbox 370 3523 560 3554">
     <span class='ocr_line' id='line_1_58' title="bbox 370 3523 560 3554; baseline 0.016 -3"><span class='ocrx_word' id='word_1_412' title='bbox 370 3523 470 3554; x_wconf 74' lang='lat' dir='ltr'>Tou.</span> <span class='ocrx_word' id='word_1_413' title='bbox 500 3524 560 3554; x_wconf 80' lang='lat' dir='ltr'>lx·</span> 
     </span>
    </p>
   </div>
   <div class='ocr_carea' id='block_1_8' title="bbox 2237 181 2312 220">
    <p class='ocr_par' dir='ltr' id='par_1_12' title="bbox 2237 181 2312 220">
     <span class='ocr_line' id='line_1_59' title="bbox 2237 181 2312 220; baseline -0.013 0"><span class='ocrx_word' id='word_1_414' title='bbox 2237 181 2312 220; x_wconf 79' lang='lat'>417</span> 
     </span>
    </p>
   </div>
   <div class='ocr_carea' id='block_1_9' title="bbox 1286 267 2332 1248">
    <p class='ocr_par' dir='ltr' id='par_1_13' title="bbox 1286 267 2319 429">
     <span class='ocr_line' id='line_1_60' title="bbox 1287 267 2313 315; baseline -0.003 -9"><span class='ocrx_word' id='word_1_415' title='bbox 1287 272 1410 315; x_wconf 89' lang='lat' dir='ltr'>tuum,</span> <span class='ocrx_word' id='word_1_416' title='bbox 1432 267 1609 313; x_wconf 91' lang='lat' dir='ltr'>Domine,</span> <span class='ocrx_word' id='word_1_417' title='bbox 1631 270 1667 304; x_wconf 87' lang='lat' dir='ltr'>et</span> <span class='ocrx_word' id='word_1_418' title='bbox 1686 268 1746 304; x_wconf 83' lang='lat' dir='ltr'>lex</span> <span class='ocrx_word' id='word_1_419' title='bbox 1767 270 1833 304; x_wconf 89' lang='lat' dir='ltr'>tua</span> <span class='ocrx_word' id='word_1_420' title='bbox 1851 267 2054 304; x_wconf 80' lang='lat' dir='ltr'>meditatio</span> <span class='ocrx_word' id='word_1_421' title='bbox 2075 277 2165 304; x_wconf 89' lang='lat' dir='ltr'>mea</span> <span class='ocrx_word' id='word_1_422' title='bbox 2183 270 2240 304; x_wconf 89' lang='lat' dir='ltr'>est</span> <span class='ocrx_word' id='word_1_423' title='bbox 2264 279 2272 303; x_wconf 75' lang='grc' dir='ltr'>ε</span> <span class='ocrx_word' id='word_1_424' title='bbox 2294 282 2313 303; x_wconf 74' lang='lat' dir='ltr'>n</span> 
     </span>
     <span class='ocr_line' id='line_1_61' title="bbox 1288 328 2319 377; baseline -0.001 -10"><span class='ocrx_word' id='word_1_425' title='bbox 1288 341 1377 368; x_wconf 89' lang='lat' dir='ltr'>ecce</span> <span class='ocrx_word' id='word_1_426' title='bbox 1409 329 1507 377; x_wconf 87' lang='lat' dir='ltr'>legis</span> <span class='ocrx_word' id='word_1_427' title='bbox 1541 328 1764 376; x_wconf 85' lang='lat' dir='ltr'>meditatio,</span> <span class='ocrx_word' id='word_1_428' title='bbox 1798 328 2115 377; x_wconf 88' lang='lat' dir='ltr'>concupiscibilis</span> <span class='ocrx_word' id='word_1_429' title='bbox 2146 328 2319 376; x_wconf 91' lang='lat' dir='ltr'>comple-</span> 
     </span>
     <span class='ocr_line' id='line_1_62' title="bbox 1286 393 1377 429; baseline -0.011 0"><span class='ocrx_word' id='word_1_430' title='bbox 1286 393 1377 429; x_wconf 85' lang='lat' dir='ltr'>tiva.</span> 
     </span>
    </p>

    <p class='ocr_par' dir='ltr' id='par_1_14' title="bbox 1721 438 1892 480">
     <span class='ocr_line' id='line_1_63' title="bbox 1721 438 1892 480; baseline -0.006 -9"><span class='ocrx_word' id='word_1_431' title='bbox 1721 438 1892 480; x_wconf 79' lang='lat' dir='ltr'>Epilogus.</span> 
     </span>
    </p>

    <p class='ocr_par' dir='ltr' id='par_1_15' title="bbox 1288 514 2332 1248">
     <span class='ocr_line' id='line_1_64' title="bbox 1338 514 2320 563; baseline -0.001 -11"><span class='ocrx_word' id='word_1_432' title='bbox 1338 515 1433 552; x_wconf 89' lang='lat' dir='ltr'>Dicit</span> <span class='ocrx_word' id='word_1_433' title='bbox 1453 526 1548 563; x_wconf 87' lang='lat' dir='ltr'>ergo</span> <span class='ocrx_word' id='word_1_434' title='bbox 1576 515 1792 563; x_wconf 83' lang='lat' dir='ltr'>Propheta,</span> <span class='ocrx_word' id='word_1_435' title='bbox 1814 514 1979 552; x_wconf 79' lang='lat' dir='ltr'>vivificae</span> <span class='ocrx_word' id='word_1_436' title='bbox 2001 515 2195 551; x_wconf 84' lang='lat' dir='ltr'>charitatis</span> <span class='ocrx_word' id='word_1_437' title='bbox 2215 514 2320 552; x_wconf 91' lang='lat' dir='ltr'>desi-</span> 
     </span>
     <span class='ocr_line' id='line_1_65' title="bbox 1290 577 2323 626; baseline 0 -12"><span class='ocrx_word' id='word_1_438' title='bbox 1290 578 1443 615; x_wconf 79' lang='lat' dir='ltr'>derium</span> <span class='ocrx_word' id='word_1_439' title='bbox 1481 578 1705 626; x_wconf 83' lang='lat' dir='ltr'>exprimens</span> <span class='ocrx_word' id='word_1_440' title='bbox 1741 588 1813 625; x_wconf 89' lang='lat' dir='ltr'>per</span> <span class='ocrx_word' id='word_1_441' title='bbox 1846 577 1928 614; x_wconf 74' lang='lat' dir='ltr'>haec</span> <span class='ocrx_word' id='word_1_442' title='bbox 1959 577 2083 614; x_wconf 86' lang='lat' dir='ltr'>verba</span> <span class='ocrx_word' id='word_1_443' title='bbox 2115 589 2122 613; x_wconf 94' lang='lat'><strong>:</strong></span> <span class='ocrx_word' id='word_1_444' title='bbox 2168 578 2323 614; x_wconf 79' lang='lat' dir='ltr'>Veniant</span> 
     </span>
     <span class='ocr_line' id='line_1_66' title="bbox 1288 639 2323 686; baseline -0.002 -9"><span class='ocrx_word' id='word_1_445' title='bbox 1288 641 1400 682; x_wconf 81' lang='lat' dir='ltr'>mihi,</span> <span class='ocrx_word' id='word_1_446' title='bbox 1434 639 1662 677; x_wconf 86' lang='lat' dir='ltr'>charitatem</span> <span class='ocrx_word' id='word_1_447' title='bbox 1696 639 1912 686; x_wconf 84' lang='lat' dir='ltr'>affectanti3</span> <span class='ocrx_word' id='word_1_448' title='bbox 1949 641 2195 676; x_wconf 71' lang='lat' dir='ltr'>miserationes</span> <span class='ocrx_word' id='word_1_449' title='bbox 2231 643 2323 684; x_wconf 80' lang='lat' dir='ltr'>tuae,</span> 
     </span>
     <span class='ocr_line' id='line_1_67' title="bbox 1290 702 2324 751; baseline -0.002 -11"><span class='ocrx_word' id='word_1_450' title='bbox 1290 703 1359 740; x_wconf 92' lang='lat' dir='ltr'>ubi</span> <span class='ocrx_word' id='word_1_451' title='bbox 1382 704 1506 751; x_wconf 88' lang='lat' dir='ltr'>pietas</span> <span class='ocrx_word' id='word_1_452' title='bbox 1526 706 1647 741; x_wconf 89' lang='lat' dir='ltr'>Deum</span> <span class='ocrx_word' id='word_1_453' title='bbox 1667 704 1879 751; x_wconf 85' lang='lat' dir='ltr'>pacificans</span> <span class='ocrx_word' id='word_1_454' title='bbox 1891 717 1901 750; x_wconf 83' lang='lat'>3</span> <span class='ocrx_word' id='word_1_455' title='bbox 1924 707 1957 740; x_wconf 83' lang='lat' dir='ltr'>et</span> <span class='ocrx_word' id='word_1_456' title='bbox 1976 705 2117 748; x_wconf 82' lang='lat' dir='ltr'>vivam,</span> <span class='ocrx_word' id='word_1_457' title='bbox 2137 702 2207 739; x_wconf 81' lang='lat' dir='ltr'>ubi</span> <span class='ocrx_word' id='word_1_458' title='bbox 2233 702 2324 739; x_wconf 80' lang='lat' dir='ltr'>cha-</span> 
     </span>
     <span class='ocr_line' id='line_1_68' title="bbox 1291 764 2326 813; baseline -0.002 -11"><span class='ocrx_word' id='word_1_459' title='bbox 1291 765 1382 802; x_wconf 86' lang='lat' dir='ltr'>ritas</span> <span class='ocrx_word' id='word_1_460' title='bbox 1401 777 1514 803; x_wconf 90' lang='lat' dir='ltr'>reum</span> <span class='ocrx_word' id='word_1_461' title='bbox 1533 766 1760 813; x_wconf 89' lang='lat' dir='ltr'>vivificans;</span> <span class='ocrx_word' id='word_1_462' title='bbox 1781 769 1870 813; x_wconf 81' lang='lat' dir='ltr'>quia</span> <span class='ocrx_word' id='word_1_463' title='bbox 1890 769 1947 803; x_wconf 75' lang='lat' dir='ltr'>leae</span> <span class='ocrx_word' id='word_1_464' title='bbox 1967 770 2050 812; x_wconf 79' lang='lat' dir='ltr'>lua,</span> <span class='ocrx_word' id='word_1_465' title='bbox 2072 765 2141 802; x_wconf 89' lang='lat' dir='ltr'>ubi</span> <span class='ocrx_word' id='word_1_466' title='bbox 2165 764 2326 812; x_wconf 79' lang='lat' dir='ltr'>aequitas</span> 
     </span>
     <span class='ocr_line' id='line_1_69' title="bbox 1293 826 2328 875; baseline -0.002 -11"><span class='ocrx_word' id='word_1_467' title='bbox 1293 830 1414 865; x_wconf 92' lang='lat' dir='ltr'>Deum</span> <span class='ocrx_word' id='word_1_468' title='bbox 1433 828 1661 875; x_wconf 83' lang='lat' dir='ltr'>vindicans3</span> <span class='ocrx_word' id='word_1_469' title='bbox 1683 829 1869 865; x_wconf 75' lang='lat' dir='ltr'>meditatio</span> <span class='ocrx_word' id='word_1_470' title='bbox 1889 839 1967 865; x_wconf 81' lang='lat' dir='ltr'>mea</span> <span class='ocrx_word' id='word_1_471' title='bbox 1992 832 2066 873; x_wconf 78' lang='lat' dir='ltr'>est,</span> <span class='ocrx_word' id='word_1_472' title='bbox 2090 826 2160 864; x_wconf 90' lang='lat' dir='ltr'>ubi</span> <span class='ocrx_word' id='word_1_473' title='bbox 2185 826 2328 864; x_wconf 88' lang='lat' dir='ltr'>veritas</span> 
     </span>
     <span class='ocr_line' id='line_1_70' title="bbox 1292 889 2328 938; baseline -0.003 -10"><span class='ocrx_word' id='word_1_474' title='bbox 1292 901 1404 928; x_wconf 86' lang='lat' dir='ltr'>reum</span> <span class='ocrx_word' id='word_1_475' title='bbox 1424 890 1602 938; x_wconf 90' lang='lat' dir='ltr'>judicans</span> <span class='ocrx_word' id='word_1_476' title='bbox 1625 903 1633 926; x_wconf 94' lang='lat'>:</span> <span class='ocrx_word' id='word_1_477' title='bbox 1657 891 1770 938; x_wconf 88' lang='lat' dir='ltr'>quasi</span> <span class='ocrx_word' id='word_1_478' title='bbox 1792 890 1898 927; x_wconf 88' lang='lat' dir='ltr'>dicat</span> <span class='ocrx_word' id='word_1_479' title='bbox 1919 903 1926 927; x_wconf 93' lang='lat'>:</span> <span class='ocrx_word' id='word_1_480' title='bbox 1946 890 2043 934; x_wconf 85' lang='lat' dir='ltr'>Quia</span> <span class='ocrx_word' id='word_1_481' title='bbox 2061 890 2168 926; x_wconf 88' lang='lat' dir='ltr'>venit</span> <span class='ocrx_word' id='word_1_482' title='bbox 2185 889 2328 926; x_wconf 82' lang='lat' dir='ltr'>veritas</span> 
     </span>
     <span class='ocr_line' id='line_1_71' title="bbox 1293 952 2329 1001; baseline -0.001 -12"><span class='ocrx_word' id='word_1_483' title='bbox 1293 964 1364 1001; x_wconf 87' lang='lat' dir='ltr'>per</span> <span class='ocrx_word' id='word_1_484' title='bbox 1388 952 1495 989; x_wconf 87' lang='lat' dir='ltr'>viam</span> <span class='ocrx_word' id='word_1_485' title='bbox 1521 953 1788 990; x_wconf 88' lang='lat' dir='ltr'>meditationis</span> <span class='ocrx_word' id='word_1_486' title='bbox 1817 953 1869 989; x_wconf 87' lang='lat' dir='ltr'>ad</span> <span class='ocrx_word' id='word_1_487' title='bbox 1894 952 2180 989; x_wconf 87' lang='lat' dir='ltr'>vindicandum</span> <span class='ocrx_word' id='word_1_488' title='bbox 2203 962 2329 998; x_wconf 87' lang='lat' dir='ltr'>reum,</span> 
     </span>
     <span class='ocr_line' id='line_1_72' title="bbox 1295 1013 2329 1063; baseline -0.001 -12"><span class='ocrx_word' id='word_1_489' title='bbox 1295 1017 1331 1051; x_wconf 89' lang='lat' dir='ltr'>et</span> <span class='ocrx_word' id='word_1_490' title='bbox 1358 1015 1521 1063; x_wconf 80' lang='lat' dir='ltr'>aequitas</span> <span class='ocrx_word' id='word_1_491' title='bbox 1552 1026 1623 1063; x_wconf 90' lang='lat' dir='ltr'>per</span> <span class='ocrx_word' id='word_1_492' title='bbox 1651 1017 1759 1053; x_wconf 87' lang='lat' dir='ltr'>viam</span> <span class='ocrx_word' id='word_1_493' title='bbox 1786 1015 2020 1063; x_wconf 81' lang='lat' dir='ltr'>legislatoris</span> <span class='ocrx_word' id='word_1_494' title='bbox 2050 1014 2101 1052; x_wconf 88' lang='lat' dir='ltr'>ad</span> <span class='ocrx_word' id='word_1_495' title='bbox 2125 1013 2329 1051; x_wconf 89' lang='lat' dir='ltr'>vindican-</span> 
     </span>
     <span class='ocr_line' id='line_1_73' title="bbox 1296 1076 2330 1126; baseline 0 -13"><span class='ocrx_word' id='word_1_496' title='bbox 1296 1077 1393 1114; x_wconf 91' lang='lat' dir='ltr'>dum</span> <span class='ocrx_word' id='word_1_497' title='bbox 1413 1079 1534 1114; x_wconf 91' lang='lat' dir='ltr'>Deum</span> <span class='ocrx_word' id='word_1_498' title='bbox 1542 1090 1553 1124; x_wconf 82' lang='lat'>3</span> <span class='ocrx_word' id='word_1_499' title='bbox 1575 1078 1708 1116; x_wconf 91' lang='lat' dir='ltr'>veniat</span> <span class='ocrx_word' id='word_1_500' title='bbox 1725 1079 1849 1126; x_wconf 88' lang='lat' dir='ltr'>pietas</span> <span class='ocrx_word' id='word_1_501' title='bbox 1876 1089 1947 1126; x_wconf 90' lang='lat' dir='ltr'>per</span> <span class='ocrx_word' id='word_1_502' title='bbox 1976 1077 2083 1115; x_wconf 88' lang='lat' dir='ltr'>viam</span> <span class='ocrx_word' id='word_1_503' title='bbox 2114 1076 2330 1113; x_wconf 89' lang='lat' dir='ltr'>miseratio-</span> 
     </span>
     <span class='ocr_line' id='line_1_74' title="bbox 1295 1138 2332 1187; baseline -0.001 -11"><span class='ocrx_word' id='word_1_504' title='bbox 1295 1139 1356 1176; x_wconf 88' lang='lat' dir='ltr'>nis</span> <span class='ocrx_word' id='word_1_505' title='bbox 1389 1139 1441 1176; x_wconf 91' lang='lat' dir='ltr'>ad</span> <span class='ocrx_word' id='word_1_506' title='bbox 1470 1139 1764 1187; x_wconf 88' lang='lat' dir='ltr'>pacificandum</span> <span class='ocrx_word' id='word_1_507' title='bbox 1804 1142 1948 1184; x_wconf 91' lang='lat' dir='ltr'>Deum,</span> <span class='ocrx_word' id='word_1_508' title='bbox 1985 1143 2022 1176; x_wconf 88' lang='lat' dir='ltr'>et</span> <span class='ocrx_word' id='word_1_509' title='bbox 2058 1138 2226 1176; x_wconf 88' lang='lat' dir='ltr'>charitas</span> <span class='ocrx_word' id='word_1_510' title='bbox 2261 1148 2332 1186; x_wconf 90' lang='lat' dir='ltr'>per</span> 
     </span>
     <span class='ocr_line' id='line_1_75' title="bbox 1296 1201 2225 1248; baseline 0 -10"><span class='ocrx_word' id='word_1_511' title='bbox 1296 1202 1403 1239; x_wconf 84' lang='lat' dir='ltr'>viam</span> <span class='ocrx_word' id='word_1_512' title='bbox 1417 1201 1704 1248; x_wconf 86' lang='lat' dir='ltr'>justificationis</span> <span class='ocrx_word' id='word_1_513' title='bbox 1725 1202 1777 1239; x_wconf 88' lang='lat' dir='ltr'>ad</span> <span class='ocrx_word' id='word_1_514' title='bbox 1798 1201 2080 1240; x_wconf 84' lang='lat' dir='ltr'>vivificandum</span> <span class='ocrx_word' id='word_1_515' title='bbox 2098 1211 2225 1239; x_wconf 88' lang='lat' dir='ltr'>reum.</span> 
     </span>
    </p>
   </div>
   <div class='ocr_carea' id='block_1_10' title="bbox 1651 1349 1970 1378">
    <p class='ocr_par' dir='ltr' id='par_1_16' title="bbox 1651 1349 1970 1378">
     <span class='ocr_line' id='line_1_76' title="bbox 1651 1349 1970 1378; baseline -0.006 -2"><span class='ocrx_word' id='word_1_516' title='bbox 1651 1349 1873 1378; x_wconf 82' lang='lat' dir='ltr'>VERSICULUS</span> <span class='ocrx_word' id='word_1_517' title='bbox 1893 1350 1957 1376; x_wconf 83' lang='lat' dir='ltr'>XIV</span> <span class='ocrx_word' id='word_1_518' title='bbox 1964 1365 1970 1374; x_wconf 83' lang='lat'>.</span> 
     </span>
    </p>
   </div>
   <div class='ocr_carea' id='block_1_11' title="bbox 1300 1452 2345 2558">
    <p class='ocr_par' dir='ltr' id='par_1_17' title="bbox 1300 1452 2345 2558">
     <span class='ocr_line' id='line_1_77' title="bbox 1348 1452 2335 1499; baseline 0.002 -12"><span class='ocrx_word' id='word_1_519' title='bbox 1348 1453 1406 1488; x_wconf 88' lang='grc'>78.</span> <span class='ocrx_word' id='word_1_520' title='bbox 1438 1453 1716 1497; x_wconf 73' lang='lat' dir='ltr'>confundantur</span> <span class='ocrx_word' id='word_1_521' title='bbox 1744 1454 1904 1499; x_wconf 80' lang='lat' dir='ltr'>superbi,</span> <span class='ocrx_word' id='word_1_522' title='bbox 1935 1456 2006 1489; x_wconf 91' lang='lat' dir='ltr'>etc.</span> <span class='ocrx_word' id='word_1_523' title='bbox 2038 1453 2197 1489; x_wconf 86' lang='lat' dir='ltr'>Tactum</span> <span class='ocrx_word' id='word_1_524' title='bbox 2213 1455 2268 1490; x_wconf 91' lang='lat' dir='ltr'>est</span> <span class='ocrx_word' id='word_1_525' title='bbox 2295 1452 2335 1490; x_wconf 93' lang='lat' dir='ltr'>in</span> 
     </span>
     <span class='ocr_line' id='line_1_78' title="bbox 1300 1513 2336 1562; baseline 0.003 -13"><span class='ocrx_word' id='word_1_526' title='bbox 1300 1513 1496 1551; x_wconf 89' lang='lat' dir='ltr'>versiculo</span> <span class='ocrx_word' id='word_1_527' title='bbox 1511 1513 1714 1562; x_wconf 88' lang='lat' dir='ltr'>superiore</span> <span class='ocrx_word' id='word_1_528' title='bbox 1727 1513 1775 1550; x_wconf 91' lang='lat' dir='ltr'>de</span> <span class='ocrx_word' id='word_1_529' title='bbox 1793 1513 1957 1551; x_wconf 83' lang='lat' dir='ltr'>vivificae</span> <span class='ocrx_word' id='word_1_530' title='bbox 1979 1513 2175 1551; x_wconf 84' lang='lat' dir='ltr'>charitatis</span> <span class='ocrx_word' id='word_1_531' title='bbox 2186 1524 2336 1560; x_wconf 85' lang='lat' dir='ltr'>amore,</span> 
     </span>
     <span class='ocr_line' id='line_1_79' title="bbox 1302 1576 2334 1624; baseline 0.001 -12"><span class='ocrx_word' id='word_1_532' title='bbox 1302 1586 1422 1624; x_wconf 90' lang='lat' dir='ltr'>quem</span> <span class='ocrx_word' id='word_1_533' title='bbox 1444 1576 1538 1624; x_wconf 88' lang='lat' dir='ltr'>quia</span> <span class='ocrx_word' id='word_1_534' title='bbox 1559 1586 1641 1614; x_wconf 92' lang='lat' dir='ltr'>non</span> <span class='ocrx_word' id='word_1_535' title='bbox 1657 1579 1848 1624; x_wconf 83' lang='lat' dir='ltr'>tanquam</span> <span class='ocrx_word' id='word_1_536' title='bbox 1878 1579 2111 1624; x_wconf 81' lang='lat' dir='ltr'>praesentem</span> <span class='ocrx_word' id='word_1_537' title='bbox 2132 1577 2334 1623; x_wconf 88' lang='lat' dir='ltr'>sentimus,</span> 
     </span>
     <span class='ocr_line' id='line_1_80' title="bbox 1304 1637 2337 1685; baseline 0.002 -11"><span class='ocrx_word' id='word_1_538' title='bbox 1304 1641 1492 1685; x_wconf 86' lang='lat' dir='ltr'>tanquam</span> <span class='ocrx_word' id='word_1_539' title='bbox 1524 1637 1730 1675; x_wconf 85' lang='lat' dir='ltr'>absentem</span> <span class='ocrx_word' id='word_1_540' title='bbox 1768 1637 1932 1684; x_wconf 88' lang='lat' dir='ltr'>sitimus,</span> <span class='ocrx_word' id='word_1_541' title='bbox 1971 1641 2008 1674; x_wconf 86' lang='lat' dir='ltr'>et</span> <span class='ocrx_word' id='word_1_542' title='bbox 2042 1638 2194 1675; x_wconf 89' lang='lat' dir='ltr'>utinam</span> <span class='ocrx_word' id='word_1_543' title='bbox 2211 1638 2337 1676; x_wconf 90' lang='lat' dir='ltr'>inces-</span> 
     </span>
     <span class='ocr_line' id='line_1_81' title="bbox 1303 1699 2338 1747; baseline 0.002 -12"><span class='ocrx_word' id='word_1_544' title='bbox 1303 1699 1478 1737; x_wconf 86' lang='lat' dir='ltr'>sabiliter</span> <span class='ocrx_word' id='word_1_545' title='bbox 1527 1700 1717 1746; x_wconf 88' lang='lat' dir='ltr'>sitiamus,</span> <span class='ocrx_word' id='word_1_546' title='bbox 1748 1702 1790 1737; x_wconf 88' lang='lat' dir='ltr'>ut</span> <span class='ocrx_word' id='word_1_547' title='bbox 1825 1699 1980 1737; x_wconf 66' lang='lat' dir='ltr'>sitiendi</span> <span class='ocrx_word' id='word_1_548' title='bbox 2009 1699 2248 1747; x_wconf 85' lang='lat' dir='ltr'>assiduitate,</span> <span class='ocrx_word' id='word_1_549' title='bbox 2293 1711 2338 1737; x_wconf 91' lang='lat' dir='ltr'>ac</span> 
     </span>
     <span class='ocr_line' id='line_1_82' title="bbox 1302 1761 2340 1810; baseline 0 -12"><span class='ocrx_word' id='word_1_550' title='bbox 1302 1761 1511 1800; x_wconf 85' lang='lat' dir='ltr'>hauriendi</span> <span class='ocrx_word' id='word_1_551' title='bbox 1549 1762 1735 1800; x_wconf 85' lang='lat' dir='ltr'>aviditate</span> <span class='ocrx_word' id='word_1_552' title='bbox 1774 1773 1929 1810; x_wconf 85' lang='lat' dir='ltr'>semper</span> <span class='ocrx_word' id='word_1_553' title='bbox 1956 1761 1997 1798; x_wconf 91' lang='lat' dir='ltr'>in</span> <span class='ocrx_word' id='word_1_554' title='bbox 2020 1761 2205 1799; x_wconf 88' lang='lat' dir='ltr'>charitate</span> <span class='ocrx_word' id='word_1_555' title='bbox 2243 1772 2340 1800; x_wconf 89' lang='lat' dir='ltr'>cres-</span> 
     </span>
     <span class='ocr_line' id='line_1_83' title="bbox 1305 1824 2340 1871; baseline 0.001 -10"><span class='ocrx_word' id='word_1_556' title='bbox 1305 1835 1453 1862; x_wconf 88' lang='lat' dir='ltr'>camus.</span> <span class='ocrx_word' id='word_1_557' title='bbox 1470 1827 1511 1862; x_wconf 88' lang='lat' dir='ltr'>ln</span> <span class='ocrx_word' id='word_1_558' title='bbox 1526 1825 1603 1864; x_wconf 90' lang='lat' dir='ltr'>hoc</span> <span class='ocrx_word' id='word_1_559' title='bbox 1621 1835 1718 1862; x_wconf 91' lang='lat' dir='ltr'>vero</span> <span class='ocrx_word' id='word_1_560' title='bbox 1736 1824 1981 1871; x_wconf 80' lang='lat' dir='ltr'>tangendum</span> <span class='ocrx_word' id='word_1_561' title='bbox 2002 1824 2050 1861; x_wconf 90' lang='lat' dir='ltr'>de</span> <span class='ocrx_word' id='word_1_562' title='bbox 2072 1824 2267 1862; x_wconf 89' lang='lat' dir='ltr'>charitatis</span> <span class='ocrx_word' id='word_1_563' title='bbox 2284 1825 2340 1862; x_wconf 87' lang='lat' dir='ltr'>vi-</span> 
     </span>
     <span class='ocr_line' id='line_1_84' title="bbox 1304 1886 2341 1936; baseline 0.001 -13"><span class='ocrx_word' id='word_1_564' title='bbox 1304 1898 1413 1934; x_wconf 82' lang='lat' dir='ltr'>gore,</span> <span class='ocrx_word' id='word_1_565' title='bbox 1435 1898 1555 1935; x_wconf 86' lang='lat' dir='ltr'>quem</span> <span class='ocrx_word' id='word_1_566' title='bbox 1578 1886 1622 1936; x_wconf 85' lang='lat' dir='ltr'>(c)</span> <span class='ocrx_word' id='word_1_567' title='bbox 1644 1887 1792 1925; x_wconf 89' lang='lat' dir='ltr'>debent</span> <span class='ocrx_word' id='word_1_568' title='bbox 1808 1887 1946 1925; x_wconf 78' lang='lat' dir='ltr'>Christi</span> <span class='ocrx_word' id='word_1_569' title='bbox 1967 1887 2110 1924; x_wconf 90' lang='lat' dir='ltr'>milites</span> <span class='ocrx_word' id='word_1_570' title='bbox 2131 1887 2341 1925; x_wconf 89' lang='lat' dir='ltr'>vehemen-</span> 
     </span>
     <span class='ocr_line' id='line_1_85' title="bbox 1306 1949 2341 1998; baseline 0 -12"><span class='ocrx_word' id='word_1_571' title='bbox 1306 1952 1362 1986; x_wconf 88' lang='lat' dir='ltr'>ter</span> <span class='ocrx_word' id='word_1_572' title='bbox 1379 1959 1526 1995; x_wconf 83' lang='lat' dir='ltr'>amare,</span> <span class='ocrx_word' id='word_1_573' title='bbox 1547 1952 1584 1986; x_wconf 93' lang='lat' dir='ltr'>et</span> <span class='ocrx_word' id='word_1_574' title='bbox 1604 1949 1747 1986; x_wconf 90' lang='lat' dir='ltr'>eodem</span> <span class='ocrx_word' id='word_1_575' title='bbox 1767 1960 1808 1986; x_wconf 90' lang='lat' dir='ltr'>se</span> <span class='ocrx_word' id='word_1_576' title='bbox 1829 1949 1993 1987; x_wconf 86' lang='lat' dir='ltr'>viriliter</span> <span class='ocrx_word' id='word_1_577' title='bbox 2023 1959 2170 1996; x_wconf 89' lang='lat' dir='ltr'>amare,</span> <span class='ocrx_word' id='word_1_578' title='bbox 2193 1952 2234 1986; x_wconf 90' lang='lat' dir='ltr'>ut</span> <span class='ocrx_word' id='word_1_579' title='bbox 2252 1960 2341 1998; x_wconf 89' lang='lat' dir='ltr'>pos-</span> 
     </span>
     <span class='ocr_line' id='line_1_86' title="bbox 1305 2011 2340 2059; baseline 0.001 -11"><span class='ocrx_word' id='word_1_580' title='bbox 1305 2011 1381 2047; x_wconf 88' lang='lat' dir='ltr'>sint</span> <span class='ocrx_word' id='word_1_581' title='bbox 1407 2011 1536 2048; x_wconf 88' lang='lat' dir='ltr'>dicere</span> <span class='ocrx_word' id='word_1_582' title='bbox 1574 2022 1665 2048; x_wconf 90' lang='lat' dir='ltr'>cum</span> <span class='ocrx_word' id='word_1_583' title='bbox 1694 2012 1889 2059; x_wconf 87' lang='lat' dir='ltr'>Propheta</span> <span class='ocrx_word' id='word_1_584' title='bbox 1919 2023 1928 2047; x_wconf 80' lang='lat'>2</span> <span class='ocrx_word' id='word_1_585' title='bbox 1967 2012 2244 2055; x_wconf 75' lang='lat' dir='ltr'>confundantur</span> <span class='ocrx_word' id='word_1_586' title='bbox 2278 2023 2340 2049; x_wconf 83' lang='lat' dir='ltr'>su—</span> 
     </span>
     <span class='ocr_line' id='line_1_87' title="bbox 1301 2073 2341 2122; baseline 0.002 -12"><span class='ocrx_word' id='word_1_587' title='bbox 1301 2075 1420 2121; x_wconf 77' lang='lat' dir='ltr'>perbi,</span> <span class='ocrx_word' id='word_1_588' title='bbox 1443 2076 1514 2111; x_wconf 91' lang='lat' dir='ltr'>etc.</span> <span class='ocrx_word' id='word_1_589' title='bbox 1527 2087 1538 2120; x_wconf 80' lang='lat'>3</span> <span class='ocrx_word' id='word_1_590' title='bbox 1561 2073 1674 2122; x_wconf 85' lang='lat' dir='ltr'>quasi</span> <span class='ocrx_word' id='word_1_591' title='bbox 1703 2073 1807 2111; x_wconf 88' lang='lat' dir='ltr'>dicat</span> <span class='ocrx_word' id='word_1_592' title='bbox 1834 2086 1841 2110; x_wconf 89' lang='lat'>:</span> <span class='ocrx_word' id='word_1_593' title='bbox 1865 2073 2163 2113; x_wconf 81' lang='lat' dir='ltr'>confundantur</span> <span class='ocrx_word' id='word_1_594' title='bbox 2185 2085 2341 2112; x_wconf 86' lang='lat' dir='ltr'>accusa-</span> 
     </span>
     <span class='ocr_line' id='line_1_88' title="bbox 1306 2135 2341 2184; baseline 0.003 -13"><span class='ocrx_word' id='word_1_595' title='bbox 1306 2137 1423 2182; x_wconf 89' lang='lat' dir='ltr'>tores,</span> <span class='ocrx_word' id='word_1_596' title='bbox 1441 2135 1609 2183; x_wconf 83' lang='lat' dir='ltr'>judices,</span> <span class='ocrx_word' id='word_1_597' title='bbox 1632 2137 1669 2172; x_wconf 88' lang='lat' dir='ltr'>et</span> <span class='ocrx_word' id='word_1_598' title='bbox 1696 2138 1884 2183; x_wconf 81' lang='lat' dir='ltr'>tortores3</span> <span class='ocrx_word' id='word_1_599' title='bbox 1919 2136 2014 2184; x_wconf 90' lang='lat' dir='ltr'>quia</span> <span class='ocrx_word' id='word_1_600' title='bbox 2046 2146 2127 2173; x_wconf 87' lang='lat' dir='ltr'>non</span> <span class='ocrx_word' id='word_1_601' title='bbox 2159 2137 2341 2184; x_wconf 85' lang='lat' dir='ltr'>praevari-</span> 
     </span>
     <span class='ocr_line' id='line_1_89' title="bbox 1308 2199 2343 2246; baseline 0.002 -10"><span class='ocrx_word' id='word_1_602' title='bbox 1308 2199 1428 2236; x_wconf 88' lang='lat' dir='ltr'>cabor</span> <span class='ocrx_word' id='word_1_603' title='bbox 1446 2199 1553 2246; x_wconf 86' lang='lat' dir='ltr'>leges</span> <span class='ocrx_word' id='word_1_604' title='bbox 1591 2199 1826 2246; x_wconf 89' lang='lat' dir='ltr'>superiores.</span> <span class='ocrx_word' id='word_1_605' title='bbox 1867 2203 2120 2237; x_wconf 89' lang='lat' dir='ltr'>Accusatores</span> <span class='ocrx_word' id='word_1_606' title='bbox 2160 2199 2343 2238; x_wconf 89' lang='lat' dir='ltr'>dicuntur</span> 
     </span>
     <span class='ocr_line' id='line_1_90' title="bbox 1306 2260 2343 2309; baseline 0.001 -11"><span class='ocrx_word' id='word_1_607' title='bbox 1306 2260 1480 2309; x_wconf 87' lang='lat' dir='ltr'>superbi,</span> <span class='ocrx_word' id='word_1_608' title='bbox 1498 2263 1658 2309; x_wconf 88' lang='lat' dir='ltr'>propter</span> <span class='ocrx_word' id='word_1_609' title='bbox 1676 2261 1891 2309; x_wconf 86' lang='lat' dir='ltr'>superandi</span> <span class='ocrx_word' id='word_1_610' title='bbox 1908 2261 2148 2299; x_wconf 89' lang='lat' dir='ltr'>desiderium</span> <span class='ocrx_word' id='word_1_611' title='bbox 2159 2275 2170 2309; x_wconf 83' lang='lat'>3</span> <span class='ocrx_word' id='word_1_612' title='bbox 2188 2262 2343 2309; x_wconf 66' lang='lat' dir='ltr'>,iudices</span> 
     </span>
     <span class='ocr_line' id='line_1_91' title="bbox 1306 2323 2345 2372; baseline 0.002 -12"><span class='ocrx_word' id='word_1_613' title='bbox 1306 2323 1455 2371; x_wconf 80' lang='lat' dir='ltr'>inJ‘usti,</span> <span class='ocrx_word' id='word_1_614' title='bbox 1475 2325 1636 2372; x_wconf 90' lang='lat' dir='ltr'>propter</span> <span class='ocrx_word' id='word_1_615' title='bbox 1673 2323 1868 2370; x_wconf 76' lang='lat' dir='ltr'>injustitiae</span> <span class='ocrx_word' id='word_1_616' title='bbox 1908 2323 2178 2371; x_wconf 88' lang='lat' dir='ltr'>magisterium</span> <span class='ocrx_word' id='word_1_617' title='bbox 2188 2337 2200 2371; x_wconf 88' lang='lat'>;</span> <span class='ocrx_word' id='word_1_618' title='bbox 2228 2327 2345 2362; x_wconf 89' lang='lat' dir='ltr'>torto·</span> 
     </span>
     <span class='ocr_line' id='line_1_92' title="bbox 1307 2386 2343 2435; baseline 0.002 -13"><span class='ocrx_word' id='word_1_619' title='bbox 1307 2396 1369 2424; x_wconf 89' lang='lat' dir='ltr'>res</span> <span class='ocrx_word' id='word_1_620' title='bbox 1388 2386 1529 2434; x_wconf 87' lang='lat' dir='ltr'>iniqui,</span> <span class='ocrx_word' id='word_1_621' title='bbox 1561 2388 1724 2434; x_wconf 89' lang='lat' dir='ltr'>propter</span> <span class='ocrx_word' id='word_1_622' title='bbox 1747 2386 1965 2435; x_wconf 86' lang='lat' dir='ltr'>iniquitatis</span> <span class='ocrx_word' id='word_1_623' title='bbox 1989 2386 2269 2434; x_wconf 85' lang='lat' dir='ltr'>ministerium3</span> <span class='ocrx_word' id='word_1_624' title='bbox 2289 2387 2343 2424; x_wconf 94' lang='lat' dir='ltr'>le-</span> 
     </span>
     <span class='ocr_line' id='line_1_93' title="bbox 1309 2447 2341 2497; baseline 0.003 -13"><span class='ocrx_word' id='word_1_625' title='bbox 1309 2458 1390 2495; x_wconf 81' lang='lat' dir='ltr'>ges,</span> <span class='ocrx_word' id='word_1_626' title='bbox 1410 2447 1600 2485; x_wconf 88' lang='lat' dir='ltr'>mandata</span> <span class='ocrx_word' id='word_1_627' title='bbox 1619 2449 1700 2494; x_wconf 89' lang='lat' dir='ltr'>Dei,</span> <span class='ocrx_word' id='word_1_628' title='bbox 1720 2451 1883 2496; x_wconf 87' lang='lat' dir='ltr'>propter</span> <span class='ocrx_word' id='word_1_629' title='bbox 1915 2449 2095 2487; x_wconf 83' lang='lat' dir='ltr'>divinum</span> <span class='ocrx_word' id='word_1_630' title='bbox 2114 2449 2341 2497; x_wconf 90' lang='lat' dir='ltr'>imperium.</span> 
     </span>
     <span class='ocr_line' id='line_1_94' title="bbox 1309 2509 2122 2558; baseline 0.002 -12"><span class='ocrx_word' id='word_1_631' title='bbox 1309 2511 1403 2547; x_wconf 89' lang='lat' dir='ltr'>Ecce</span> <span class='ocrx_word' id='word_1_632' title='bbox 1422 2511 1593 2557; x_wconf 87' lang='lat' dir='ltr'>quatuor</span> <span class='ocrx_word' id='word_1_633' title='bbox 1613 2509 1767 2547; x_wconf 90' lang='lat' dir='ltr'>articuli</span> <span class='ocrx_word' id='word_1_634' title='bbox 1786 2510 1906 2558; x_wconf 82' lang='lat' dir='ltr'>huJ‘us</span> <span class='ocrx_word' id='word_1_635' title='bbox 1926 2511 2122 2548; x_wconf 89' lang='lat' dir='ltr'>versiculi.</span> 
     </span>
    </p>
   </div>
   <div class='ocr_carea' id='block_1_12' title="bbox 1598 2615 2002 2662">
    <p class='ocr_par' dir='ltr' id='par_1_18' title="bbox 1598 2615 2002 2662">
     <span class='ocr_line' id='line_1_95' title="bbox 1598 2615 2002 2662; baseline 0.002 -12"><span class='ocrx_word' id='word_1_636' title='bbox 1598 2616 1613 2629; x_wconf 82' lang='lat'>⁸</span> <span class='ocrx_word' id='word_1_637' title='bbox 1641 2615 1823 2651; x_wconf 75' lang='lat' dir='ltr'>Articulus</span> <span class='ocrx_word' id='word_1_638' title='bbox 1847 2617 2002 2662; x_wconf 80' lang='lat' dir='ltr'>primus.</span> 
     </span>
    </p>
   </div>
   <div class='ocr_carea' id='block_1_13' title="bbox 1310 2697 2348 3306">
    <p class='ocr_par' dir='ltr' id='par_1_19' title="bbox 1310 2697 2348 3306">
     <span class='ocr_line' id='line_1_96' title="bbox 1357 2697 2344 2745; baseline 0 -10"><span class='ocrx_word' id='word_1_639' title='bbox 1357 2700 1554 2744; x_wconf 80' lang='lat' dir='ltr'>Quantum</span> <span class='ocrx_word' id='word_1_640' title='bbox 1574 2697 1626 2734; x_wconf 87' lang='lat' dir='ltr'>ad</span> <span class='ocrx_word' id='word_1_641' title='bbox 1645 2697 1843 2745; x_wconf 89' lang='lat' dir='ltr'>primum,</span> <span class='ocrx_word' id='word_1_642' title='bbox 1865 2697 2008 2734; x_wconf 90' lang='lat' dir='ltr'>dicitur</span> <span class='ocrx_word' id='word_1_643' title='bbox 2030 2709 2038 2734; x_wconf 89' lang='lat'>:</span> <span class='ocrx_word' id='word_1_644' title='bbox 2067 2698 2344 2743; x_wconf 78' lang='lat' dir='ltr'>Confundantur</span> 
     </span>
     <span class='ocr_line' id='line_1_97' title="bbox 1310 2759 2344 2809; baseline -0.002 -9"><span class='ocrx_word' id='word_1_645' title='bbox 1310 2762 1468 2809; x_wconf 82' lang='lat' dir='ltr'>superbi.</span> <span class='ocrx_word' id='word_1_646' title='bbox 1489 2760 1552 2798; x_wconf 89' lang='lat' dir='ltr'>Isti</span> <span class='ocrx_word' id='word_1_647' title='bbox 1590 2759 1752 2808; x_wconf 87' lang='lat' dir='ltr'>superbi</span> <span class='ocrx_word' id='word_1_648' title='bbox 1789 2762 1880 2797; x_wconf 89' lang='lat' dir='ltr'>sunt</span> <span class='ocrx_word' id='word_1_649' title='bbox 1915 2763 2161 2798; x_wconf 86' lang='lat' dir='ltr'>accusatores</span> <span class='ocrx_word' id='word_1_650' title='bbox 2197 2761 2344 2809; x_wconf 89' lang='lat' dir='ltr'>acerbi,</span> 
     </span>
     <span class='ocr_line' id='line_1_98' title="bbox 1311 2821 2346 2871; baseline 0 -10"><span class='ocrx_word' id='word_1_651' title='bbox 1311 2825 1535 2862; x_wconf 87' lang='lat' dir='ltr'>accusantes</span> <span class='ocrx_word' id='word_1_652' title='bbox 1562 2822 1752 2860; x_wconf 89' lang='lat' dir='ltr'>adversus</span> <span class='ocrx_word' id='word_1_653' title='bbox 1770 2821 1914 2859; x_wconf 88' lang='lat' dir='ltr'>electos</span> <span class='ocrx_word' id='word_1_654' title='bbox 1931 2823 2011 2869; x_wconf 90' lang='lat' dir='ltr'>Dei,</span> <span class='ocrx_word' id='word_1_655' title='bbox 2032 2823 2101 2871; x_wconf 91' lang='lat' dir='ltr'>qui</span> <span class='ocrx_word' id='word_1_656' title='bbox 2127 2823 2224 2860; x_wconf 92' lang='lat' dir='ltr'>dum</span> <span class='ocrx_word' id='word_1_657' title='bbox 2251 2823 2346 2861; x_wconf 89' lang='lat' dir='ltr'>fidei</span> 
     </span>
     <span class='ocr_line' id='line_1_99' title="bbox 1312 2885 2346 2934; baseline -0.002 -10"><span class='ocrx_word' id='word_1_658' title='bbox 1312 2886 1513 2925; x_wconf 85' lang='lat' dir='ltr'>veritatem</span> <span class='ocrx_word' id='word_1_659' title='bbox 1532 2885 1761 2923; x_wconf 88' lang='lat' dir='ltr'>truculentis</span> <span class='ocrx_word' id='word_1_660' title='bbox 1784 2885 2002 2932; x_wconf 90' lang='lat' dir='ltr'>tormentis,</span> <span class='ocrx_word' id='word_1_661' title='bbox 2037 2886 2150 2934; x_wconf 88' lang='lat' dir='ltr'>quasi</span> <span class='ocrx_word' id='word_1_662' title='bbox 2178 2886 2346 2924; x_wconf 89' lang='lat' dir='ltr'>cruentis</span> 
     </span>
     <span class='ocr_line' id='line_1_100' title="bbox 1313 2947 2347 2997; baseline -0.002 -9"><span class='ocrx_word' id='word_1_663' title='bbox 1313 2948 1555 2997; x_wconf 83' lang='lat' dir='ltr'>argumentis</span> <span class='ocrx_word' id='word_1_664' title='bbox 1570 2947 1800 2996; x_wconf 87' lang='lat' dir='ltr'>improbare</span> <span class='ocrx_word' id='word_1_665' title='bbox 1822 2950 2030 2993; x_wconf 86' lang='lat' dir='ltr'>conantur,</span> <span class='ocrx_word' id='word_1_666' title='bbox 2052 2947 2126 2996; x_wconf 91' lang='lat' dir='ltr'>ipsi</span> <span class='ocrx_word' id='word_1_667' title='bbox 2146 2948 2347 2996; x_wconf 90' lang='lat' dir='ltr'>improba-</span> 
     </span>
     <span class='ocr_line' id='line_1_101' title="bbox 1313 3009 2344 3059; baseline -0.003 -9"><span class='ocrx_word' id='word_1_668' title='bbox 1313 3016 1416 3051; x_wconf 82' lang='lat' dir='ltr'>tores</span> <span class='ocrx_word' id='word_1_669' title='bbox 1429 3010 1603 3059; x_wconf 89' lang='lat' dir='ltr'>improbi</span> <span class='ocrx_word' id='word_1_670' title='bbox 1619 3009 1872 3058; x_wconf 84' lang='lat' dir='ltr'>improbitate</span> <span class='ocrx_word' id='word_1_671' title='bbox 1882 3009 2045 3058; x_wconf 86' lang='lat' dir='ltr'>propria</span> <span class='ocrx_word' id='word_1_672' title='bbox 2055 3010 2344 3058; x_wconf 87' lang='lat' dir='ltr'>improbantur,</span> 
     </span>
     <span class='ocr_line' id='line_1_102' title="bbox 1315 3071 2347 3120; baseline -0.002 -8"><span class='ocrx_word' id='word_1_673' title='bbox 1315 3078 1351 3112; x_wconf 88' lang='lat' dir='ltr'>et</span> <span class='ocrx_word' id='word_1_674' title='bbox 1369 3074 1560 3120; x_wconf 87' lang='lat' dir='ltr'>volentes,</span> <span class='ocrx_word' id='word_1_675' title='bbox 1593 3082 1666 3109; x_wconf 89' lang='lat' dir='ltr'>nec</span> <span class='ocrx_word' id='word_1_676' title='bbox 1694 3071 1869 3109; x_wconf 79' lang='lat' dir='ltr'>valentes</span> <span class='ocrx_word' id='word_1_677' title='bbox 1907 3071 2079 3109; x_wconf 85' lang='lat' dir='ltr'>veritatis</span> <span class='ocrx_word' id='word_1_678' title='bbox 2112 3074 2226 3109; x_wconf 88' lang='lat' dir='ltr'>testes</span> <span class='ocrx_word' id='word_1_679' title='bbox 2255 3082 2347 3110; x_wconf 90' lang='lat' dir='ltr'>con-</span> 
     </span>
     <span class='ocr_line' id='line_1_103' title="bbox 1314 3133 2346 3182; baseline -0.001 -9"><span class='ocrx_word' id='word_1_680' title='bbox 1314 3137 1494 3182; x_wconf 76' lang='lat' dir='ltr'>tundere,</span> <span class='ocrx_word' id='word_1_681' title='bbox 1517 3134 1745 3172; x_wconf 82' lang='lat' dir='ltr'>confusione</span> <span class='ocrx_word' id='word_1_682' title='bbox 1765 3133 1928 3182; x_wconf 85' lang='lat' dir='ltr'>propria</span> <span class='ocrx_word' id='word_1_683' title='bbox 1953 3133 2259 3172; x_wconf 83' lang='lat' dir='ltr'>confunduntur.</span> <span class='ocrx_word' id='word_1_684' title='bbox 2280 3135 2346 3172; x_wconf 85' lang='lat' dir='ltr'>Hic</span> 
     </span>
     <span class='ocr_line' id='line_1_104' title="bbox 1313 3196 2348 3249; baseline -0.003 -11"><span class='ocrx_word' id='word_1_685' title='bbox 1313 3203 1441 3249; x_wconf 87' lang='lat' dir='ltr'>potest</span> <span class='ocrx_word' id='word_1_686' title='bbox 1457 3197 1584 3237; x_wconf 87' lang='lat' dir='ltr'>notari</span> <span class='ocrx_word' id='word_1_687' title='bbox 1604 3198 1653 3235; x_wconf 89' lang='lat' dir='ltr'>de</span> <span class='ocrx_word' id='word_1_688' title='bbox 1687 3196 1868 3245; x_wconf 88' lang='lat' dir='ltr'>superbis</span> <span class='ocrx_word' id='word_1_689' title='bbox 1887 3196 2131 3244; x_wconf 82' lang='lat' dir='ltr'>huJ&#39;usmodi,</span> <span class='ocrx_word' id='word_1_690' title='bbox 2146 3197 2256 3245; x_wconf 92' lang='lat' dir='ltr'>quod</span> <span class='ocrx_word' id='word_1_691' title='bbox 2268 3208 2348 3235; x_wconf 88' lang='lat' dir='ltr'>me-</span> 
     </span>
     <span class='ocr_line' id='line_1_105' title="bbox 1315 3258 2348 3306; baseline -0.002 -5"><span class='ocrx_word' id='word_1_692' title='bbox 1315 3264 1389 3301; x_wconf 89' lang='lat' dir='ltr'>rito</span> <span class='ocrx_word' id='word_1_693' title='bbox 1413 3260 1721 3306; x_wconf 84' lang='lat' dir='ltr'>confunduntur,</span> <span class='ocrx_word' id='word_1_694' title='bbox 1760 3258 1997 3306; x_wconf 85' lang='lat' dir='ltr'>illuduntur,</span> <span class='ocrx_word' id='word_1_695' title='bbox 2029 3259 2123 3296; x_wconf 88' lang='lat' dir='ltr'>etin</span> <span class='ocrx_word' id='word_1_696' title='bbox 2148 3260 2348 3299; x_wconf 89' lang='lat' dir='ltr'>caminum</span> 
     </span>
    </p>
   </div>
   <div class='ocr_carea' id='block_1_14' title="bbox 1317 3356 2350 3499">
    <p class='ocr_par' dir='ltr' id='par_1_20' title="bbox 1317 3356 2350 3499">
     <span class='ocr_line' id='line_1_106' title="bbox 1317 3356 2348 3403; baseline -0.006 -9"><span class='ocrx_word' id='word_1_697' title='bbox 1317 3371 1404 3403; x_wconf 77' lang='lat' dir='ltr'>xm,</span> <span class='ocrx_word' id='word_1_698' title='bbox 1427 3365 1458 3394; x_wconf 91' lang='lat'>9.</span> <span class='ocrx_word' id='word_1_699' title='bbox 1478 3379 1519 3385; x_wconf 97' lang='lat'>—</span> <span class='ocrx_word' id='word_1_700' title='bbox 1538 3361 1550 3383; x_wconf 80' lang='lat'><strong>⁷</strong></span> <span class='ocrx_word' id='word_1_701' title='bbox 1577 3361 1599 3391; x_wconf 92' lang='grc' dir='ltr'>ΙΙ</span> <span class='ocrx_word' id='word_1_702' title='bbox 1627 3357 1751 3396; x_wconf 63' lang='lat' dir='ltr'>Par-al„</span> <span class='ocrx_word' id='word_1_703' title='bbox 1777 3365 1888 3395; x_wconf 80' lang='lat' dir='ltr'>xxiii,</span> <span class='ocrx_word' id='word_1_704' title='bbox 1919 3361 1967 3389; x_wconf 80' lang='grc' dir='ltr'>Η.</span> <span class='ocrx_word' id='word_1_705' title='bbox 1988 3373 2029 3381; x_wconf 94' lang='lat'>—-</span> <span class='ocrx_word' id='word_1_706' title='bbox 2051 3358 2062 3375; x_wconf 77' lang='lat'><strong>⁶</strong></span> <span class='ocrx_word' id='word_1_707' title='bbox 2081 3356 2172 3391; x_wconf 81' lang='lat' dir='ltr'>Psal.</span> <span class='ocrx_word' id='word_1_708' title='bbox 2192 3357 2278 3394; x_wconf 84' lang='lat' dir='ltr'>hoe.</span> <span class='ocrx_word' id='word_1_709' title='bbox 2297 3361 2348 3393; x_wconf 85' lang='lat'>77.</span> 
     </span>
     <span class='ocr_line' id='line_1_107' title="bbox 1317 3404 2350 3449; baseline -0.001 -8"><span class='ocrx_word' id='word_1_710' title='bbox 1317 3427 1357 3434; x_wconf 94' lang='lat'>—</span> <span class='ocrx_word' id='word_1_711' title='bbox 1376 3412 1387 3429; x_wconf 80' lang='lat'>⁹</span> <span class='ocrx_word' id='word_1_712' title='bbox 1410 3409 1505 3449; x_wconf 60' lang='lat' dir='ltr'>thid„</span> <span class='ocrx_word' id='word_1_713' title='bbox 1527 3409 1578 3439; x_wconf 83' lang='lat'>97.</span> <span class='ocrx_word' id='word_1_714' title='bbox 1600 3423 1640 3429; x_wconf 93' lang='grc'>--</span> <span class='ocrx_word' id='word_1_715' title='bbox 1662 3407 1690 3428; x_wconf 81' lang='lat'>¹0</span> <span class='ocrx_word' id='word_1_716' title='bbox 1707 3404 1807 3446; x_wconf 64' lang='lat' dir='ltr'>thid„</span> <span class='ocrx_word' id='word_1_717' title='bbox 1834 3407 1906 3436; x_wconf 81' lang='lat'>174.</span> <span class='ocrx_word' id='word_1_718' title='bbox 1926 3421 1967 3427; x_wconf 93' lang='lat'>—-</span> <span class='ocrx_word' id='word_1_719' title='bbox 1985 3404 2029 3446; x_wconf 88' lang='grc' dir='ltr'>(α)</span> <span class='ocrx_word' id='word_1_720' title='bbox 2050 3404 2142 3437; x_wconf 70' lang='lat' dir='ltr'>Edit.</span> <span class='ocrx_word' id='word_1_721' title='bbox 2172 3405 2245 3438; x_wconf 81' lang='lat' dir='ltr'>Ven.</span> <span class='ocrx_word' id='word_1_722' title='bbox 2267 3407 2350 3441; x_wconf 87' lang='lat' dir='ltr'>sive.</span> 
     </span>
     <span class='ocr_line' id='line_1_108' title="bbox 1318 3452 2051 3499; baseline -0.008 -11"><span class='ocrx_word' id='word_1_723' title='bbox 1318 3477 1356 3482; x_wconf 90' lang='lat'>—</span> <span class='ocrx_word' id='word_1_724' title='bbox 1379 3457 1422 3499; x_wconf 77' lang='lat' dir='ltr'>(h)</span> <span class='ocrx_word' id='word_1_725' title='bbox 1446 3458 1525 3488; x_wconf 74' lang='lat' dir='ltr'>Item</span> <span class='ocrx_word' id='word_1_726' title='bbox 1543 3453 1760 3486; x_wconf 79' lang='lat' dir='ltr'>formiter.—</span> <span class='ocrx_word' id='word_1_727' title='bbox 1785 3453 1822 3492; x_wconf 84' lang='lat' dir='ltr'>(c)</span> <span class='ocrx_word' id='word_1_728' title='bbox 1840 3452 1918 3483; x_wconf 80' lang='lat' dir='ltr'>Item</span> <span class='ocrx_word' id='word_1_729' title='bbox 1937 3461 2051 3493; x_wconf 77' lang='lat' dir='ltr'>quam.</span> 
     </span>
    </p>
   </div>
   <div class='ocr_carea' id='block_1_15' title="bbox 2141 3515 2192 3553">
    <p class='ocr_par' dir='ltr' id='par_1_21' title="bbox 2141 3515 2192 3553">
     <span class='ocr_line' id='line_1_109' title="bbox 2141 3515 2192 3553; baseline -0.02 0"><span class='ocrx_word' id='word_1_730' title='bbox 2141 3515 2192 3553; x_wconf 77' lang='lat'>27</span> 
     </span>
    </p>
   </div>
   <div class='ocr_carea' id='block_1_16' title="bbox 2369 3207 2505 3320">
    <p class='ocr_par' dir='ltr' id='par_1_22' title="bbox 2369 3207 2505 3320">
     <span class='ocr_line' id='line_1_110' title="bbox 2412 3207 2505 3231; baseline -0.022 0"><span class='ocrx_word' id='word_1_731' title='bbox 2412 3207 2505 3231; x_wconf 76' lang='lat' dir='ltr'>Accu-</span> 
     </span>
     <span class='ocr_line' id='line_1_111' title="bbox 2383 3248 2493 3272; baseline -0.018 0"><span class='ocrx_word' id='word_1_732' title='bbox 2383 3248 2493 3272; x_wconf 76' lang='lat' dir='ltr'>satores</span> 
     </span>
     <span class='ocr_line' id='line_1_112' title="bbox 2369 3284 2497 3320; baseline -0.023 -7"><span class='ocrx_word' id='word_1_733' title='bbox 2369 3284 2497 3320; x_wconf 77' lang='lat' dir='ltr'>superbi.</span> 
     </span>
    </p>
   </div>
  </div>
 </body>
</html>
