2633 3878
1128 151 1298 193 CAPUT
1330 153 1360 192 l.

35 252 131 296 Quare
177 243 246 284 hic
272 242 507 284 Jerusalem
538 256 547 283 ε
583 242 681 294 quia
713 245 1023 294 contemptores
1056 241 1203 281 mundi

18 292 155 366 ‹¹2¹xssr'i131'it
174 316 274 354 sunt
298 314 411 354 cives
434 324 632 365 supernae
663 311 920 361 Jerusalem,
943 311 1015 364 qui
1039 314 1051 336 ¹
1079 325 1098 349 ε(
1117 322 1203 350 non

13 372 154 445 {2⁶2¹}ss
173 383 328 424 habent
354 384 423 424 hic
449 385 692 424 manentem
720 382 955 431 civitatem,
992 382 1063 422 sed
1092 381 1204 421 futu-

20 453 141 522 {21¹2}
172 465 266 494 ram
287 454 524 506 inquirunt.
555 467 574 490 »
600 453 664 493 Ex
683 453 763 494 hoc
786 455 898 505 patet
920 451 1073 493 solutio
1094 451 1205 491 illius

171 525 438 578 quaestionis,
462 536 560 576 quae
580 525 716 576 potest
739 523 828 563 lieri
845 555 857 573 ,
877 534 1008 575 quare
1028 521 1097 561 hic
1118 533 1205 561 non

170 595 370 648 exprimit
396 595 526 634 finem
557 594 678 644 libri,
711 594 818 634 sicut
859 594 902 632 in
934 592 1169 635 Proverbiis
1194 606 1201 632 :

170 664 271 718 quia
302 665 397 705 finis
426 663 745 706 Proverbiorum
772 667 833 704 est
853 663 1080 716 sapientia,
1107 674 1206 715 quae

2235 154 2310 193 587

1275 241 1403 281 allicit
1434 242 1487 282 ad
1521 241 1806 291 audiendun13
1837 242 1934 281 sinis
1960 242 2091 294 hujus
2122 242 2221 282 libri
2252 243 2314 283 est

1277 311 1425 352 mundi
1456 313 1749 364 contemptus,
1789 311 1842 351 de
1884 324 1969 364 quo
2003 312 2127 364 pauci
2165 312 2313 353 audire

1278 380 1441 422 volunt.
1474 381 1537 422 Ex
1569 381 1636 422 his
1668 383 1796 434 patet,
1828 393 1960 433 qnare
1989 382 2125 422 dixit:
2159 383 2310 434 Verba3

1277 464 1409 503 quare
1427 452 1560 492 dixit:
1578 453 1872 503 Ecclesiastes;
1886 464 2036 504 quare:
2051 453 2137 503 saiz·
2149 453 2310 503 David;

1277 533 1410 573 quare
1441 537 1448 562 :
1474 512 1586 575 r'eqis
1617 524 1869 573 Jerusalem
1900 535 2031 576 quare
2062 523 2189 563 etiam
2228 536 2314 564 non

1277 592 1436 633 addidit
1476 593 1526 632 de
1562 593 1741 634 utilitate
1773 594 1993 634 sententiae
2029 593 2159 646 hujns
2190 593 2312 644 libri,

1281 662 1389 703 sicut
1408 663 1453 703 in
1472 662 1724 706 Proverbiis.

448 965 637 1011 CAPUT
677 965 921 1009 PRIMUM.

223 1096 261 1132 1.
306 1091 439 1133 Verba
471 1090 737 1133 Ecclesz'astoe
773 1090 861 1142 stlta·
892 1091 1055 1141 David,
1091 1092 1204 1144 reqis

169 1161 415 1204 Jerusalem.
445 1162 628 1204 Vam'tas
648 1162 907 1213 vanitatum,
928 1161 1051 1204 dixit
1065 1162 1206 1204 Eccle-

169 1234 349 1276 siastes:
373 1233 557 1276 Vanitas
578 1234 838 1284 vanitatum,
860 1238 900 1276 ec
920 1235 1066 1275 omnia
1083 1235 1207 1276 vam·-

10 1311 150 1358 ,Finishuj
170 1308 250 1348 tas.
273 1305 350 1346 Hic
370 1306 514 1359 incipit
528 1308 755 1357 tractatus3
777 1309 818 1346 et
837 1306 937 1358 quia
958 1306 1054 1346 finis
1069 1306 1204 1359 impo-

7 1353 149 1429 ffigffl
169 1377 233 1417 nit
251 1378 543 1418 necessitatem
564 1378 615 1418 iis
632 1390 729 1431 quae
749 1380 849 1418 sunt
866 1377 919 1418 ad
936 1378 1081 1429 finem,
1105 1390 1204 1418 cum

9 1435 57 1462 Sit·
169 1450 267 1490 finis
305 1451 436 1503 huius
475 1450 572 1491 libri
609 1451 662 1491 sit
691 1451 886 1491 omnium
919 1462 1064 1491 rerum
1102 1462 1202 1491 con-

167 1523 355 1574 temptus
371 1553 382 1572 ,
405 1525 445 1563 et
465 1522 538 1563 Dei
566 1523 696 1563 solius
715 1523 862 1572 timor,
884 1523 977 1563 ideo
998 1523 1043 1562 in
1063 1522 1203 1562 omnin

26 1605 137 1632 Divisio
167 1592 248 1633 bus
278 1593 458 1634 intendit
491 1595 710 1635 ostendere
741 1595 987 1635 vanitatem.
1027 1593 1078 1634 Et
1106 1594 1206 1646 quia

8 1648 148 1715 ‘irgffisss
167 1664 370 1717 procedit,
387 1667 591 1718 tanquam
609 1665 893 1716 concionator,
911 1664 1205 1718 persuadendo

19 1731 128 1764 Pfflssf‘·
168 1738 210 1776 et
240 1736 481 1789 proband03
511 1737 606 1778 ideo
629 1740 832 1778 tractatus
859 1738 936 1777 iste
963 1737 1088 1777 habet
1118 1740 1204 1777 tres

17 1835 138 1862 ,sanitas
167 1810 307 1860 partes
330 1823 338 1848 :
363 1809 462 1861 quia
495 1809 633 1862 primo
656 1809 854 1862 proponit
880 1808 995 1861 quod
1026 1807 1206 1848 intendit

6 1876 147 1946 ΐζξὲῑὲζῑῡ
167 1879 362 1931 probare,
388 1879 543 1920 scilicet
557 1892 647 1920 esse
667 1880 712 1919 in
727 1879 927 1920 omnibus
945 1879 1176 1919 vanitatem
1191 1893 1200 1928 3

111 1939 116 1944 ’
167 1950 353 1991 secundo
384 1951 558 2003 probat,
586 1951 645 1992 ibi
677 1967 685 1992 :
729 1951 840 1998 Quia
868 1950 990 1993 habet
1019 1950 1205 2002 amplias

167 2019 312 2071 hom03
335 2021 459 2062 tertio
480 2022 706 2072 concludit,
730 2025 936 2074 tanquam
955 2021 1200 2074 probatum,

165 2091 211 2130 in
233 2091 382 2132 ultimo
420 2093 554 2145 capite
573 2093 683 2133 circa
702 2094 832 2133 finem
846 2125 858 2143 ,
881 2093 940 2132 ibi
965 2105 975 2133 :
1021 2092 1204 2134 Vanitas

166 2163 436 2212 vanitatum,
460 2166 538 2204 etc.
565 2163 769 2216 Proponit
788 2175 894 2215 ergo
913 2163 958 2203 in
980 2163 1108 2203 rebus
1128 2163 1205 2203 tri—

165 2232 318 2285 plicem
348 2234 603 2283 vanitatem,
627 2234 779 2275 scilicet
808 2234 1085 2287 poenalitatis,
1120 2234 1202 2273 ini-

166 2304 362 2356 quitatis,
394 2305 703 2345 mutabilitatis,
738 2305 953 2353 Quantum
989 2305 1040 2344 ad
1082 2304 1201 2345 vani-

166 2374 296 2413 tatem
310 2375 587 2426 poenalitatis:
609 2375 792 2417 Vanilas
809 2377 1071 2425 vanitatum,
1084 2375 1206 2417 dioez't

166 2444 455 2496 Ecclesiastes,
491 2446 533 2485 id
563 2448 637 2497 est,
674 2447 922 2498 proposuit:
954 2447 1004 2487 de
1024 2447 1106 2486 hac
1138 2447 1202 2486 in-

165 2516 230 2556 fra
249 2517 262 2538 2
283 2531 290 2556 :
315 2517 472 2559 Cuncti
492 2516 586 2558 dies
606 2516 699 2568 ejus
718 2517 931 2559 laboribus
946 2518 1067 2570 ptem·
1084 2522 1203 2569 sum,

166 2598 240 2629 nec
270 2598 347 2640 per
382 2592 544 2630 ‘noctem
579 2593 716 2632 mente
745 2590 1001 2641 requiescit:
1045 2594 1084 2631 ec
1114 2591 1203 2640 hoc,

165 2660 338 2701 vanitas
363 2669 501 2702 nonne
521 2659 616 2701 est?
637 2659 853 2708 Quantum
885 2660 937 2700 ad
972 2661 1203 2701 vanitatem

165 2729 421 2783 iniquitatis,
451 2730 721 2771 dicititerum
759 2745 768 2772 :
808 2731 989 2773 Vanilas
1028 2733 1200 2774 vanita-

167 2804 281 2852 tum,
304 2801 418 2842 unde
448 2801 650 2842 Jeremias
671 2801 685 2824 ³
708 2816 716 2842 :
748 2817 767 2840 (ι
801 2801 919 2842 Vana
939 2806 1065 2852 sunt,
1098 2815 1204 2856 opus

166 2884 316 2913 eorum
337 2873 425 2913 risu
445 2873 626 2924 dignum
646 2887 655 2922 ;
680 2873 726 2913 in
739 2873 807 2914 die
828 2873 1082 2914 visitationis
1098 2874 1206 2927 peri-

167 2944 289 2984 bunt.
307 2958 326 2980 ))
346 2943 563 2992 Quantum
579 2943 633 2984 ad
646 2944 877 2984 vanitatem
894 2944 1200 2995 mutabilitatis,

167 3013 266 3054 dicit
293 3027 303 3054 :
326 3014 380 3055 Ec
409 3015 556 3056 omnia
580 3015 778 3065 vanita8;
802 3015 904 3068 quia
933 3016 1077 3055 omnia
1103 3015 1204 3055 sub-

168 3086 276 3138 jecta
308 3087 406 3124 sunt
444 3085 730 3126 mutabilitati.
765 3089 779 3110 ‘0
822 3101 840 3123 «
874 3086 1057 3127 Vanitati
1089 3087 1203 3127 euim

168 3157 357 3209 subJecta
382 3157 444 3196 est
468 3158 662 3196 creatura
692 3168 778 3197 non
808 3157 969 3197 volens.
1003 3171 1022 3194 n
1061 3156 1112 3197 Et
1143 3157 1156 3178 ⁶
1193 3171 1201 3197 ε

177 3242 195 3264 (ι
217 3226 373 3267 Cuncta
400 3227 621 3278 subjacent
652 3227 853 3277 vanitati,
876 3231 916 3268 et
935 3227 1079 3268 omnia
1108 3240 1202 3280 per-

172 3300 282 3349 gunt
300 3297 353 3338 ad
372 3297 513 3338 locum
532 3309 684 3342 unum.
708 3311 728 3335 »
755 3296 848 3338 Non
869 3298 1005 3350 igitur
1022 3300 1083 3338 est
1103 3310 1205 3340 ver-

217 3405 223 3421 *
247 3403 359 3444 Hebr.,
380 3411 457 3444 xm,
480 3405 530 3435 14.
552 3421 592 3427 —-
616 3405 626 3423 ²
649 3405 772 3445 Eccle.,
794 3414 832 3446 11,
854 3406 904 3437 23.
922 3423 963 3429 —
982 3405 996 3427 ⁸
1012 3406 1148 3443 Jerem„
1170 3414 1205 3444 x,

176 3452 280 3483 151-—
303 3452 316 3473 Β
336 3452 437 3491 Rom„
461 3458 536 3491 viu,
562 3453 614 3483 20.
636 3471 676 3476 —
696 3454 708 3475 ⁵
729 3453 922 3493 Eccle.‚111‚
945 3454 994 3485 19.
1017 3471 1057 3477 -
1081 3453 1093 3474 ⁶
1112 3452 1202 3485 Psal.

1279 947 1433 987 borum
1463 947 1711 999 inculcatio,
1744 959 1843 988 curn
1872 948 1971 988 dicit
1998 961 2009 989 ε
2038 949 2310 1000 Vanitatum,

1279 1019 1351 1059 sed
1373 1019 1705 1071 intelligibilium
1727 1020 1834 1060 mira
1855 1020 2080 1061 distinctio.

1334 1090 1384 1131 Et
1413 1090 1668 1141 notandum,
1704 1091 1818 1144 quod
1853 1092 1933 1132 ista
1962 1091 2117 1144 triplex
2149 1092 2315 1134 vanitas

1278 1163 1340 1201 est
1362 1164 1669 1214 consequenter
1697 1162 1748 1202 de
1779 1163 1844 1213 iis,
1868 1164 1909 1202 et
1936 1174 2022 1202 una
2051 1163 2242 1203 exoritur
2262 1175 2315 1204 ex

1279 1232 1409 1273 altera
1433 1244 1443 1272 :
1475 1232 1576 1284 quia
1604 1232 1773 1273 vanitas
1798 1232 2035 1286 iniquitatis
2055 1245 2110 1273 ex
2129 1233 2316 1275 vanitate

1279 1303 1585 1354 mutabilitatis,
1607 1303 1704 1344 licet
1720 1303 1792 1344 illa
1812 1315 1897 1344 non
1914 1304 1968 1344 sit
1989 1306 2083 1357 ejus
2100 1306 2186 1346 tota
2213 1316 2315 1345 cau-

1279 1387 1350 1424 sa;
1388 1374 1554 1415 vanitas
1590 1386 1693 1415 vero
1741 1375 1996 1427 poenalitatis
2034 1387 2088 1415 ex
2126 1375 2314 1417 vanitate

1279 1445 1529 1498 iniquitatis.
1554 1444 1637 1485 Has
1668 1457 1771 1497 ergo
1791 1446 1998 1486 vanitates
2026 1445 2173 1487 ordine
2204 1457 2316 1499 prae-

1279 1518 1446 1569 postero
1474 1516 1669 1568 ordinat,
1701 1519 1742 1556 et
1780 1528 1802 1555 e
1837 1516 2048 1557 contrario
2085 1516 2131 1556 in
2168 1528 2314 1557 conse-

1279 1587 1509 1640 quentibus
1541 1588 1828 1641 prosequitur.
1857 1587 1908 1628 Et
1934 1587 2038 1640 quia
2061 1586 2135 1627 illa
2159 1587 2317 1640 duplex

1280 1658 1445 1698 vanitas
1473 1660 1618 1699 ortum
1646 1658 1776 1699 habet
1804 1670 1858 1698 ex
1889 1658 1971 1698 alia
2001 1658 2208 1708 vanitate,
2244 1658 2317 1698 sed

1279 1730 1402 1771 tertia
1430 1743 1536 1781 non;
1559 1731 1654 1772 ideo
1672 1730 1737 1771 bis
1767 1730 1869 1771 dicit
1891 1742 1902 1770 ε
1937 1730 2119 1772 Vanitas
2147 1730 2317 1772 vanita-

1279 1805 1385 1852 tum,
1417 1802 1520 1854 quia
1537 1804 1650 1854 post,
1675 1804 1843 1842 tantum
1871 1801 2052 1842 vanitas.
2074 1799 2316 1841 Notandum

1279 1872 1405 1912 etiam
1421 1904 1434 1923 ,
1456 1873 1570 1926 quod
1593 1873 1688 1914 haec
1712 1872 1865 1925 triplex
1889 1871 2058 1912 vanitas
2080 1872 2124 1911 in
2144 1871 2317 1912 homine

1279 1944 1504 1996 reperitur,
1523 1944 1625 1998 quia
1640 1944 1730 1997 ipse
1747 1946 1824 1994 est,
1841 1943 1887 1983 in
1905 1955 2035 1996 quem
2050 1943 2160 1984 cadit
2174 1954 2317 1996 poena,

1279 2016 1319 2054 et
1352 2013 1502 2067 culpa,
1535 2016 1576 2055 et
1602 2016 1773 2066 propter
1803 2013 1883 2054 hoc
1909 2012 2063 2053 dicitur
2082 2013 2095 2034 ⁶
2127 2027 2135 2053 :
2165 2027 2183 2051 (‹
2215 2011 2315 2054 Uni—

1278 2096 1403 2125 versa
1444 2084 1608 2125 vanitas
1649 2084 1788 2125 omnis
1820 2084 1950 2125 homo
1982 2083 2148 2125 vivens.
2183 2099 2202 2121 »
2246 2083 2318 2124 Est

1279 2155 1394 2196 enim
1419 2167 1518 2196 cum
1541 2167 1590 2196 eo
1619 2155 1786 2196 vanitas
1816 2157 2004 2205 naturae,
2027 2154 2195 2195 vanitas
2224 2154 2317 2194 cul-

1278 2238 1360 2279 pae,
1383 2229 1423 2267 et
1445 2227 1611 2267 vanitas
1631 2238 1786 2279 poenae.
1807 2226 1865 2268 De
1887 2227 2074 2268 vanitate
2094 2229 2261 2267 naturae
2275 2230 2288 2252 ⁷
2306 2239 2316 2267 ε

1285 2315 1303 2338 (ι
1324 2299 1461 2340 Homo
1475 2299 1653 2340 vanitati
1668 2298 1820 2338 similis
1839 2299 1973 2339 factus
1992 2301 2066 2340 est.
2089 2314 2108 2337 »
2127 2299 2183 2339 De
2200 2300 2319 2341 vani-

1278 2373 1364 2411 tate
1391 2370 1527 2422 culpae
1548 2374 1561 2394 ⁸
1590 2384 1599 2410 ε
1636 2384 1655 2408 «
1691 2370 1897 2410 Dominus
1928 2370 2005 2410 scit
2037 2371 2316 2422 cogitationes

1278 2441 1506 2482 hominum
1522 2473 1532 2491 ,
1554 2440 1758 2493 quoniam
1779 2452 1902 2481 vanae
1921 2442 2033 2481 sunt.
2057 2455 2077 2478 n
2114 2441 2170 2481 De
2193 2442 2316 2482 vani-

1278 2515 1363 2553 tate
1394 2523 1533 2564 poenae
1576 2514 1590 2535 ⁹
1619 2526 1628 2552 :
1660 2510 1836 2552 «Homo
1868 2514 1993 2552 natus
2025 2511 2076 2552 de
2114 2511 2316 2563 muliere,

1279 2583 1398 2625 brevi
1421 2583 1574 2624 vivens
1598 2585 1800 2635 tempore,
1821 2583 2008 2636 repletur
2026 2583 2172 2624 multis
2191 2583 2317 2624 mise-

1279 2656 1368 2696 riis.
1402 2669 1421 2693 ι)
1467 2654 1518 2696 Et
1546 2654 1812 2705 notandum,
1847 2655 1961 2707 quod
1992 2655 2080 2707 ipse
2119 2653 2318 2695 Salomon

1280 2727 1474 2780 loquitur
1499 2726 1550 2766 de
1579 2738 1623 2766 se
1650 2726 1772 2779 quasi
1805 2726 1856 2766 de
1884 2726 1967 2766 alio
1982 2759 1991 2777 ,
2015 2726 2120 2774 sicut
2139 2726 2320 2767 Joannes

1279 2799 1422 2840 dicens
1444 2801 1473 2823 ¹0
1500 2810 1539 2836 z«
1562 2797 1637 2838 Hic
1659 2800 1723 2837 est
1743 2797 1977 2850 discipulus
1997 2797 2082 2848 ille,
2103 2797 2179 2850 qui
2196 2797 2319 2837 testi-

1280 2869 1475 2910 monium
1491 2868 1685 2921 perhibet
1706 2867 1758 2908 de
1779 2867 1847 2908 his
1862 2881 1872 2917 3
1887 2881 1907 2904 ³)
1932 2870 1972 2908 et
1992 2867 2184 2908 similiter
2205 2867 2318 2919 Moy—

1279 2953 1345 2981 ses
1375 2940 1419 2979 ¹¹.
1461 2939 1600 2991 HuJus
1626 2941 1769 2979 autem
1796 2941 1933 2991 potest
1963 2939 2072 2979 ratio
2107 2937 2318 2990 assignari

1280 3010 1436 3063 triplex
1455 3024 1464 3050 :
1490 3022 1577 3050 una
1596 3021 1652 3050 ex
1672 3012 1789 3062 parte
1814 3009 2033 3050 efficientis
2052 3008 2195 3061 primi,
2217 3008 2319 3060 quia

1280 3082 1465 3135 Spiritus
1487 3083 1658 3122 sanctus
1678 3081 1765 3134 ipse
1783 3084 1846 3121 est
1867 3083 2014 3120 auctor
2033 3079 2166 3132 hujus
2186 3079 2318 3131 scrip-

1282 3157 1407 3204 turae,
1428 3165 1515 3193 non
1536 3152 1751 3202 Salomon,
1773 3151 1841 3192 vel
1861 3150 1970 3191 alius
1990 3163 2000 3190 ε
2019 3153 2061 3190 et
2080 3150 2173 3191 ideo
2190 3150 2319 3190 intro-

1280 3226 1450 3267 ducitur
1468 3225 1556 3279 ipse
1576 3224 1621 3263 in
1641 3234 1758 3263 sacra
1779 3221 1990 3274 scriptura
2003 3220 2054 3261 de
2069 3220 2162 3273 ipso
2180 3220 2317 3261 facere

1282 3306 1539 3343 sermonem,
1575 3292 1697 3346 quasi
1728 3292 1779 3333 de
1816 3292 1918 3342 alio,
1954 3291 2062 3332 sicut
2091 3290 2197 3332 dixit
2233 3290 2317 3332 Ba-

1281 3412 1436 3443 xxxvm,
1457 3406 1487 3435 6.
1510 3419 1548 3425 -
1573 3403 1582 3420 ⁷
1608 3399 1697 3432 Psal.
1723 3406 1849 3437 chui,
1871 3400 1900 3431 4.
1921 3415 1962 3422 -
1985 3399 1996 3417 ⁸
2020 3400 2106 3431 Psal.
2131 3406 2237 3435 xcm,
2264 3401 2312 3430 11.

1281 3471 1321 3477 —
1338 3453 1349 3471 ⁹
1364 3449 1675 3489 Job‚x1v,i.—-¹·
1691 3447 1795 3488 Joan„
1816 3454 1889 3487 xxl,
1906 3448 1957 3480 24.
1971 3465 2012 3470 —-
2031 3447 2056 3469 ¹¹
2070 3446 2186 3487 Num„
2205 3453 2265 3485 xii,
2283 3446 2313 3477 3.
