2633 3878
119 1624 192 1649 Ecce
213 1620 260 1648 ad-

119 1663 252 1691 verbium

283 273 358 310 372

280 359 354 394 bus
370 369 377 392 :
394 358 509 404 prout
528 354 699 391 insinuat
717 353 785 390 iste
806 352 983 400 quartus,
1004 350 1044 386 in
1064 357 1143 396 quo
1166 343 1306 382 descri-

280 419 384 456 bitur
398 417 588 465 poenitens
604 414 855 453 laudabiliter
871 412 1106 459 intelligens,
1125 408 1307 455 diligens,

281 481 453 528 eligens3
476 480 545 518 sed
566 479 822 529 corporaliter
841 478 1046 523 indigens,
1071 474 1108 510 et
1127 471 1217 508 ideo
1239 480 1308 506 ne-

281 544 496 580 cessitatem
525 543 698 590 exigens
728 544 772 580 Et
796 540 1015 578 secundum
1045 537 1121 573 hoc
1147 531 1308 582 quadri-

279 605 442 652 partitus
461 607 517 641 est
535 616 668 642 versus
687 614 869 653 praesens.
902 601 993 638 Dico
1014 601 1145 636 autem
1162 593 1307 632 intelli--

280 670 436 713 gentem
450 695 461 713 ,
490 670 683 714 quantum
703 665 755 702 ad
774 663 944 701 veritatis
964 662 1190 708 aspectum3
1223 655 1310 693 dili-

282 732 463 775 gentem,
492 731 683 776 quantum
715 726 767 763 ad
793 723 979 762 bonitatis
1000 721 1205 766 affectum3
1239 717 1309 755 eli·

281 795 437 838 gentem
450 819 462 838 ,
484 794 674 839 quantum
692 789 744 826 ad
769 787 959 836 aequitatis
979 785 1160 822 eflectum
1175 795 1186 829 3
1207 779 1308 818 indi-

281 857 434 899 gentem
450 882 460 900 ,
483 855 674 900 quantum
694 851 745 888 ad
765 848 1001 888 necessitatis
1022 845 1229 884 defectum.

609 956 798 992 Articulus
824 956 974 1000 primus.

326 1042 497 1079 Primum
517 1043 686 1085 notatur,
709 1049 798 1076 cum
826 1036 966 1074 dicitur
988 1045 997 1071 2
1020 1034 1129 1077 Ecce,
1158 1030 1198 1067 in
1228 1038 1308 1076 quo

278 1104 448 1140 veritatis
486 1102 702 1151 speculatio
739 1098 1043 1141 demonstratur,
1080 1103 1150 1141 per
1188 1101 1310 1139 quam

278 1166 462 1203 bonitatis
477 1164 674 1201 aemulatio
692 1162 945 1199 ministratur.
962 1157 1058 1195 Dicit
1074 1166 1188 1203 ergo:
1209 1154 1310 1198 Ecce,

279 1229 392 1277 quasi
419 1228 523 1264 dicat
545 1239 552 1263 :
575 1228 660 1263 Non
681 1225 821 1272 ignoro
855 1220 967 1270 quod
998 1219 1197 1267 implor03
1229 1215 1309 1252 imo

278 1299 558 1339 praecognosco
589 1287 700 1336 quod
720 1284 971 1333 concupisco.
1003 1281 1221 1319 Intellectus
1241 1288 1311 1326 per

278 1352 509 1400 sapientiam
539 1348 824 1399 apprehendit,
857 1346 909 1383 ad
929 1344 1040 1393 quod
1062 1342 1222 1380 affectus
1240 1350 1312 1389 per

279 1413 637 1463 concupiscentiam
662 1421 702 1447 se
733 1408 918 1448 extendit.
951 1407 1128 1444 Dicturus
1146 1404 1278 1451 itaque
1300 1413 1308 1438 :

282 1478 502 1524 Concupivi,
535 1473 744 1523 praedixit:
780 1473 891 1516 Ecce,
920 1479 970 1507 ne
1001 1467 1214 1506 nesciretur
1242 1475 1311 1513 ap-

278 1539 488 1589 prehensio
510 1537 728 1585 appetitum
747 1533 984 1583 praecedere.
1005 1532 1048 1568 Et
1066 1532 1179 1576 nota,
1201 1527 1314 1576 quod

279 1603 354 1640 hoc
386 1601 646 1645 adverbium,
682 1601 781 1642 Ecce,
818 1599 874 1633 est
905 1593 1131 1642 multiplex,
1170 1590 1314 1627 scilicet

280 1665 476 1713 sapientiae
508 1660 860 1700 demonstrativum
878 1685 889 1702 ,
924 1656 1140 1693 intellectus
1167 1651 1314 1690 illumi-

280 1729 457 1765 nativum
472 1754 485 1772 ,
507 1724 667 1762 affectus
700 1719 1046 1758 inflammativum.
1070 1716 1315 1753 Demonstrat

281 1791 385 1828 enim
399 1788 598 1826 interdum
611 1784 810 1834 sapientiae
829 1780 1070 1831 principium
1081 1791 1093 1826 3
1115 1777 1315 1815 interdum

281 1851 478 1902 sapientiae
492 1848 679 1894 modum3
695 1846 893 1884 interdum
908 1842 1105 1892 sapientiae
1120 1840 1290 1878 fructum
1305 1851 1312 1875 :

282 1925 454 1963 quorum
466 1913 640 1961 primum
654 1912 799 1958 spectat
813 1908 865 1945 ad
875 1916 1037 1944 causam
1049 1903 1313 1948 materialem3

284 1976 521 2021 secundum,
543 1973 594 2011 ad
613 1971 843 2017 formalem3
866 1969 1047 2013 tertium,
1068 1966 1120 2004 ad
1138 1965 1313 2002 finalem.

283 2043 333 2077 De
354 2038 483 2088 primo
505 2036 672 2084 legitur²
692 2046 702 2071 2
726 2047 743 2068 «
759 2035 855 2070 Ecce
869 2031 988 2069 timor
1008 2029 1073 2067 Dei
1090 2029 1176 2077 ipsa
1193 2027 1241 2075 (a)
1262 2029 1319 2064 est

284 2101 497 2149 sapientia:
512 2113 530 2134 »
548 2098 624 2136 hoc
645 2099 700 2135 est
717 2094 957 2144 principium
977 2092 1198 2141 sapientiae;
1220 2089 1319 2126 sicut

284 2163 447 2200 materia
483 2161 623 2198 dicitur
659 2156 876 2196 substantia
897 2185 908 2203 ,
943 2155 1037 2203 quia
1075 2151 1318 2201 principium

286 2224 522 2262 substantae.
543 2221 767 2260 Secundum
786 2220 892 2256 hunc
911 2217 1078 2254 modum
1098 2213 1316 2261 loquendi,

287 2289 403 2324 timor
418 2290 474 2323 est
493 2283 683 2333 sapientia
705 2281 849 2318 Veteris
864 2276 1108 2320 Testamenti,
1130 2273 1319 2323 quemad-

288 2350 456 2387 modum
489 2357 600 2384 amor
620 2345 730 2383 Novi.
770 2346 820 2380 De
851 2340 1025 2379 secundo
1055 2338 1235 2375 scribitur
1260 2337 1273 2358 ²
1309 2349 1316 2373 :

293 2427 309 2448 α
331 2416 425 2451 Ecce
447 2410 636 2459 descripsi
669 2420 757 2447 eam
778 2407 979 2456 tripliciter
988 2417 1001 2452 3
1023 2420 1039 2438 η
1063 2403 1133 2440 ubi
1165 2404 1321 2439 notatur

290 2477 417 2514 forma
445 2474 644 2523 sapientiae
671 2471 847 2509 divisiva.
882 2471 934 2506 De
955 2468 1065 2506 tertio
1087 2465 1256 2504 traditur
1276 2464 1289 2486 ³
1309 2476 1318 2501 :

295 2553 311 2575 α
330 2541 424 2576 Ecce
447 2538 569 2575 factus
589 2538 644 2573 est
663 2535 759 2572 mihi
779 2536 923 2570 trames
945 2530 1178 2575 abundans,
1198 2531 1235 2565 et
1253 2528 1323 2564 ssu-

292 2603 377 2638 vius
413 2611 525 2637 meus
557 2596 842 2648 propinquavit
875 2594 928 2631 ad
965 2603 1099 2640 mare3
1131 2590 1323 2640 quoniam

293 2663 514 2702 doctrinam
531 2690 544 2709 ,
575 2665 766 2709 tanquam
797 2657 1104 2702 antelucanum,
1141 2653 1322 2691 illumino

294 2728 478 2767 omnibus
497 2739 509 2774 3
530 2740 548 2762 1>
571 2725 641 2763 ubi
660 2725 816 2762 notatur
846 2719 977 2758 finalis
1001 2717 1292 2756 consummatio
1311 2743 1325 2763 ,

293 2801 380 2838 quae
409 2791 465 2826 est
494 2788 680 2827 doctrinae
710 2794 830 2824 sacrae
863 2781 1063 2828 dilatatio,
1090 2782 1126 2818 et
1156 2779 1325 2818 dilatatae

294 2850 534 2889 dilucidatio.

610 2949 800 2986 Articulus
824 2946 1008 2984 secundus.

345 3037 567 3077 Secundum
597 3035 829 3073 subnotatur
846 3062 858 3080 ,
880 3043 970 3069 cum
997 3030 1138 3068 dicitur
1158 3040 1166 3065 :
1191 3029 1325 3064 Concu-

294 3104 389 3150 pivi,
411 3100 555 3137 scilicet
575 3095 890 3144 concupiscentia
909 3092 1081 3138 virtuali,
1095 3090 1160 3128 vel
1182 3089 1324 3127 affectu

296 3162 515 3209 laudabili3
538 3161 632 3209 quia
662 3159 818 3197 bonitas
845 3159 972 3205 potest
1003 3155 1126 3199 bene,
1155 3155 1192 3190 et
1222 3151 1326 3189 male

298 3226 442 3275 appeti.
473 3223 580 3262 Unde
607 3221 828 3260 notandum
859 3221 939 3265 est,
969 3216 1079 3265 quod
1110 3214 1327 3252 bonitatem

299 3288 581 3336 concupiscunt
618 3284 782 3334 quidam
821 3280 1015 3319 desidiose
1036 3307 1047 3326 ,
1070 3277 1234 3326 quidam
1255 3275 1325 3313 do-

341 3405 349 3421 ·
370 3402 445 3442 Job,
467 3408 598 3440 xxvin,
623 3400 674 3431 28.
696 3415 736 3422 —
758 3397 768 3416 ²
784 3397 896 3436 Prov„
921 3400 1021 3434 xxii,
1047 3393 1097 3424 20.
1119 3407 1159 3414 —
1177 3389 1188 3408 ³
1207 3388 1327 3428 Eccli„

298 3458 395 3490 ΠΝ,
415 3451 521 3481 34.—
543 3449 554 3467 ⁴
572 3448 684 3487 Prov„
708 3453 780 3486 xxl,
800 3445 852 3483 25,
874 3443 978 3474 26.—
998 3440 1033 3471 ⁵1
1056 3440 1159 3477 Petr„
1177 3443 1217 3477 11,
1241 3439 1270 3468 2.
1288 3454 1329 3460 —

300 3498 312 3516 ὓ
331 3497 423 3537 Sap„
445 3504 489 3533 vi,
512 3498 562 3527 12,
583 3512 622 3518 —-
642 3495 651 3512 ⁷
673 3492 760 3526 Psal.
780 3491 857 3532 hoc,
882 3491 952 3522 165.
972 3506 1013 3512 --
1038 3488 1048 3506 ⁸
1075 3484 1170 3524 ibid„
1199 3484 1268 3516 128.
1289 3501 1329 3507 -

300 3548 310 3562 '³
330 3543 426 3583 ibid„
452 3545 518 3575 172).

977 254 1251 300 Ext‘o'stTto
1281 253 1332 295 ΙΝ
1363 252 1718 297 PSALTERIUM.

1380 343 1463 380 lore
1494 371 1506 390 ,
1538 343 1702 391 quidam
1743 340 1911 378 virtuose
1953 351 1961 376 :
1995 340 2111 388 primi
2147 346 2235 381 sunt
2272 345 2385 383 otiosi
2394 358 2406 392 3

1381 405 1544 442 secundi
1567 433 1578 452 ,
1615 403 1870 452 superstitiosi
1896 415 1907 450 3
1948 403 2049 440 tertii
2077 431 2088 449 ,
2132 404 2321 452 religiosi.
2351 408 2409 445 Ad

1381 468 1529 515 primos
1561 467 1743 514 respicit,
1772 466 1883 514 quod
1913 466 2102 504 Salomon
2135 466 2188 503 ait
2218 467 2231 488 ¹·
2265 479 2274 504 ε
2303 481 2319 502 «
2340 469 2410 506 De-

1380 529 1523 567 sideria
1536 529 1720 567 occidunt
1738 529 1895 577 pigrum
1913 540 1921 565 :
1937 528 2148 565 noluerunt
2168 529 2273 565 enim
2293 530 2410 577 quid-

1382 603 1503 639 quam
1522 602 1663 628 manus
1683 591 1766 637 ejus
1785 591 1938 638 operari
1950 603 1961 638 3
1983 593 2063 628 tota
2083 590 2146 626 die
2173 591 2412 640 concupiscit

1381 656 1416 690 et
1449 653 1656 690 desiderat.
1692 665 1712 688 »
1739 652 1850 689 Tales
1885 654 1993 699 sunt,
2030 652 2098 700 qui
2131 652 2414 700 concupiscunt

1380 715 1532 752 virtutis
1548 714 1728 751 habitum
1742 714 1824 750 sine
1845 716 1949 760 actu,
1962 717 1999 752 et
2017 714 2210 751 felicitatis
2229 714 2413 752 bravium

1382 777 1463 813 sine
1484 787 1614 813 cursu.
1643 775 1702 813 Ad
1733 775 1929 813 secundos
1959 776 2112 823 attinet,
2140 777 2251 824 quod
2282 779 2414 814 Petrus

1382 839 1570 876 admonet
1586 838 1598 860 ⁵
1619 850 1628 875 ε
1654 851 1672 873 «
1691 838 1794 875 Sicut
1822 837 1945 875 modo
1968 837 2087 885 geniti
2107 837 2274 876 infantes
2299 838 2413 876 ratio-

1381 901 1535 939 nabiles
1556 901 1602 949 (b)
1632 901 1714 938 sine
1735 901 1829 938 dolo
1856 900 1918 938 lac
1937 900 2225 948 concupiscite,
2243 903 2286 939 ut
2304 901 2345 938 in
2365 911 2413 938 eo

1383 963 1562 1001 crescatis
1581 962 1622 1000 in
1650 963 1817 1001 salutem
1838 976 1845 1000 :
1868 977 1885 999 n
1909 963 2003 1011 quia
2032 962 2287 1011 superstitiosi
2319 973 2412 1000 con-

1383 1025 1588 1074 cupiscunt
1606 1036 1688 1063 non
1706 1025 2006 1070 rationabiliter,
2028 1024 2098 1062 sed
2123 1024 2262 1062 dolose
2281 1024 2413 1063 dulce-

1384 1088 1518 1126 dinem
1556 1088 1742 1126 bonitatis
1772 1100 1781 1126 z
1815 1098 1897 1126 non
1931 1089 2093 1136 propter
2130 1087 2416 1125 incrementum

1383 1151 1538 1197 salutis,
1560 1150 1630 1188 sed
1659 1151 1825 1198 alicujus
1853 1150 2055 1189 commodi
2087 1149 2331 1198 temporalis,
2358 1149 2418 1186 Ad

1383 1213 1482 1251 alios
1514 1216 1696 1262 spectat,
1735 1213 1845 1261 quod
1885 1213 2046 1260 Sapiens
2090 1211 2330 1259 dogmatizat
2359 1212 2372 1234 ⁶
2407 1224 2415 1248 :

1388 1289 1406 1310 α
1426 1274 1697 1323 concupiscite
1718 1285 1921 1312 sermones
1939 1285 2070 1321 meos,
2090 1277 2126 1312 et
2143 1274 2293 1321 diligite
2313 1273 2417 1319 illos,

1386 1341 1422 1376 et
1439 1336 1636 1375 habebitis
1662 1336 1912 1385 disciplinam
1921 1349 1932 1384 3
1955 1351 1972 1373 »
1996 1348 2041 1374 ac
2069 1336 2101 1373 si
2128 1337 2260 1385 aperte
2281 1335 2386 1372 dicat
2408 1347 2415 1372 ε

1386 1401 1591 1438 Sermones
1629 1410 1740 1438 meos
1777 1399 2037 1447 concupiscite
2071 1400 2232 1448 propter
2262 1397 2418 1445 sapien-

1386 1462 1501 1510 tiam,
1523 1465 1560 1500 et
1589 1461 1737 1509 diligite
1766 1461 1856 1500 illos
1881 1463 2042 1510 propter
2069 1459 2336 1509 eloquentiam
2349 1471 2361 1506 3
2384 1462 2421 1497 et

1386 1524 1582 1563 habebitis
1600 1525 1794 1563 interioris
1816 1528 1852 1562 et
1871 1523 2071 1563 exterioris
2100 1522 2318 1571 disciplinae
2341 1522 2419 1560 ele-

1387 1588 1574 1635 gantiam.

1720 1635 1909 1671 Arne-ulus
1947 1635 2088 1671 tertius.

1436 1713 1605 1751 Tertium
1637 1714 1871 1758 annotatur,
1897 1722 1988 1749 cum
2016 1711 2176 1749 additur
2204 1722 2213 1748 z
2241 1710 2421 1747 Mandata

1390 1779 1453 1812 tua
1473 1787 1486 1812 .·
1506 1786 1600 1812 nam
1627 1773 1860 1811 mandatum
1880 1773 1974 1810 dicit
2002 1772 2193 1822 aequitatis
2212 1771 2392 1810 effectum
2408 1800 2420 1818 ,

1391 1837 1501 1886 quod
1520 1847 1589 1885 per
1611 1837 1836 1885 aequitatem
1855 1836 2093 1883 injungitur,
2115 1839 2152 1873 et
2175 1845 2246 1883 per
2264 1833 2423 1882 aequita-

1391 1901 1509 1936 tatem
1529 1898 1699 1946 eligitur.
1721 1897 1829 1935 Unde
1848 1897 2083 1943 notandum,
2104 1896 2215 1945 quod
2235 1894 2422 1933 mandato

1392 1961 1556 1998 debetur
1567 1961 1746 2005 dilectio,
1762 1960 1939 2006 directio,
1961 1959 2098 1997 electio
2122 1971 2130 1996 :
2155 1969 2327 2007 quorum
2342 1956 2424 2005 pri-

1392 2034 1501 2060 mum
1520 2023 1688 2071 pertinet
1706 2022 1759 2060 ad
1778 2021 1991 2060 voluntatis
2011 2021 2271 2066 desiderium3
2288 2030 2424 2058 secun-

1394 2086 1503 2133 dum,
1526 2086 1578 2124 ad
1597 2085 1759 2122 rationis
1778 2084 1987 2122 consilium
1998 2097 2009 2131 3
2029 2084 2185 2121 tertium
2197 2111 2209 2130 ,
2231 2083 2283 2120 ad
2302 2083 2423 2120 liber-

1393 2149 1480 2187 tatis
1501 2148 1721 2187 arbitrium.
1757 2149 1806 2185 De
1838 2147 1969 2195 primo
1998 2146 2130 2195 psallit
2169 2145 2392 2193 Propheta⁷
2415 2156 2422 2180 :

1398 2225 1416 2246 «
1437 2211 1699 2260 Expectabam
1718 2210 1886 2248 salutare
1903 2212 2015 2246 tuum
2030 2236 2042 2255 ,
2057 2207 2238 2252 Domine,
2260 2208 2297 2244 et
2316 2216 2426 2244 man-

1395 2273 1487 2311 data
1522 2275 1588 2310 tua
1620 2273 1768 2310 dilexi:
1792 2285 1809 2307 »
1842 2281 1930 2309 ecce
1965 2270 2140 2308 mandati
2170 2269 2343 2306 dilectio.
2376 2269 2426 2306 De

1396 2335 1571 2373 secundo
1597 2345 1758 2383 quoque
1785 2333 1879 2370 dicit
1908 2333 2084 2371 Psalmus
2103 2333 2116 2355 ⁸
2138 2344 2146 2369 :
2172 2344 2190 2366 «
2212 2331 2271 2369 Ad
2291 2331 2427 2368 omnia

1396 2398 1583 2436 mandata
1602 2400 1669 2435 tua
1688 2395 1887 2444 dirigebar
1910 2408 1918 2432 :
1941 2409 1958 2430 »
1985 2405 2073 2433 ecce
2094 2394 2270 2432 mandati
2295 2393 2426 2431 direc-

1397 2462 1465 2499 tio.
1501 2463 1552 2498 De
1587 2460 1701 2497 tertio
1735 2458 1776 2495 in
1804 2458 1945 2495 eadem
1973 2457 2114 2505 legitur
2142 2455 2362 2504 psalmodia
2382 2454 2424 2492 ⁹:

1401 2536 1418 2558 «
1439 2523 1520 2560 Fiat
1539 2532 1680 2560 manus
1699 2523 1766 2559 tua
1779 2549 1790 2568 ,
1811 2522 1853 2557 ut
1871 2520 1994 2557 salvet
2019 2530 2083 2556 me
2094 2531 2106 2566 3
2129 2518 2224 2567 quia
2243 2517 2429 2556 mandata

1398 2588 1464 2624 tua
1482 2585 1582 2632 elegi
1602 2597 1610 2622 :
1635 2599 1652 2621 »
1672 2594 1761 2622 ecce
1780 2582 1957 2620 mandati
1977 2580 2131 2619 electio.

1717 2689 1905 2726 Articulus
1943 2691 2109 2734 quartus.

1448 2774 1636 2819 Quartum
1671 2774 1904 2809 connotatur
1923 2798 1936 2817 ,
1974 2780 2065 2806 cum
2095 2767 2363 2806 connectitur:
2385 2769 2429 2804 In

1400 2837 1572 2882 aequitate
1608 2837 1668 2870 tua
1699 2835 1841 2880 vivifica
1873 2843 1926 2869 me
1945 2843 1958 2869 .·
1977 2832 2059 2869 haec
2085 2831 2190 2868 enim
2217 2829 2428 2867 vivificatio

1402 2899 1458 2934 est
1483 2896 1572 2934 vitae
1602 2895 1853 2942 sustentatio,
1876 2905 1997 2942 quam
2014 2904 2038 2931 a
2065 2892 2231 2931 Domino
2255 2891 2429 2940 flagitat,

1401 2959 1464 2997 cui
1494 2957 1776 3005 intelligendo,
1796 2955 2021 3003 diligendo,
2052 2957 2089 2992 et
2117 2954 2300 3003 eligendo
2328 2953 2431 2991 mili-

1401 3024 1468 3059 tat.
1490 3021 1724 3069 AEquitatem
1743 3021 1874 3058 autem
1901 3018 2068 3066 allegat,
2089 3016 2281 3066 quoniam
2309 3015 2430 3064 aequi-

1401 3085 1458 3121 tas
1479 3083 1597 3120 dictat
1610 3111 1623 3130 ,
1643 3081 1753 3131 quod
1772 3081 1948 3119 savorem
1967 3080 2141 3118 inveniat
2165 3078 2274 3128 apud
2301 3078 2432 3116 Domi-

1402 3157 1524 3193 num,
1545 3147 1707 3194 propter
1727 3155 1846 3192 quem
1877 3142 2128 3192 parvipendit
2161 3142 2340 3179 favorem
2363 3139 2432 3177 ho·

1402 3207 1568 3245 minum.
1586 3210 1628 3244 Et
1647 3209 1758 3253 nota,
1781 3205 1891 3254 quod
1922 3204 2108 3243 Dominus
2138 3202 2281 3251 legitur
2309 3200 2432 3237 vivifi-

1404 3280 1492 3308 carc
1536 3269 1616 3307 vita
1656 3272 1804 3306 naturae
1854 3270 1930 3304 tres
1965 3265 2183 3315 specialiter
2224 3262 2432 3301 hominum

1403 3332 1576 3381 species,
1608 3331 1790 3368 videlicet
1819 3330 2046 3366 innocentes
2067 3356 2080 3374 ,
2108 3326 2364 3376 poenitentes,
2397 3327 2433 3361 et

1403 3392 1716 3441 persecutionem
1742 3402 1815 3440 pro
1838 3389 1985 3438 J'ustitia
2009 3388 2198 3438 patientes
2211 3399 2223 3434 3
2247 3386 2344 3424 sicut
2362 3396 2433 3435 pa-

1454 3479 1499 3522 (a)
1530 3479 1613 3511 caet.
1644 3477 1722 3510 edit.
1755 3476 1833 3517 ipse.
1859 3490 1900 3498 —
1930 3472 1973 3514 (b)
2004 3471 2103 3513 Vulg.
2132 3470 2352 3510 racz'onabz'le3
2382 3478 2431 3511 gr.

1406 3530 1442 3561 τὸ
1462 3529 1600 3568 >cynabu-
