2633 3878
924 202 978 244 IN
1009 203 1385 249 HEXAEMERON.
1419 207 1593 250 SERMO
1622 209 1725 252 XVI.

259 291 554 345 collapsorum.
577 291 635 333 De
662 303 748 345 quo
773 291 927 334 dicitur
941 324 953 343 ,
976 293 1089 346 quod
1108 310 1128 332 (ι
1150 294 1287 348 Elias,

257 363 362 404 dum
383 364 570 414 venerit,
593 363 785 404 restituet
803 363 962 404 omnia.
985 378 1005 402 1)

313 434 515 489 Sequitur
533 436 583 476 de
603 434 916 487 comparatione
939 436 1116 488 senarii,
1148 436 1288 479 addita

256 506 433 548 unitate.
457 506 508 548 Et
527 506 586 546 sic
606 505 809 558 accipitur
828 518 1031 548 mensura
1049 507 1162 548 illius
1177 540 1190 559 ,
1211 509 1286 562 qui

254 578 438 619 habebat
467 578 678 618 calamum
715 576 944 619 habentem
985 591 1059 620 sex
1094 580 1284 631 cubitos,

253 652 295 692 et
335 649 522 702 palmam
571 649 621 689 ad
673 649 1010 691 mensurandum
1058 651 1283 704 templum.

253 720 522 774 septenarius
542 752 554 771 ,
596 720 832 761 secundum
871 719 1129 773 Gregorium
1148 723 1159 744 ¹
1182 755 1191 773 ,
1225 725 1286 763 est

251 803 458 834 numerus
479 791 812 832 universalitatis
844 792 887 832 in
916 793 1069 845 maj0ri
1099 794 1279 845 mundo,

250 866 290 905 et
308 863 351 903 in
373 863 550 914 minori,
571 865 612 904 et
636 863 681 903 in
704 862 804 904 DEo.
837 862 919 903 Iste
950 863 1062 904 enim
1096 865 1283 906 mundus

247 935 457 976 sensibilis
476 936 638 976 constat
658 946 711 975 ex
737 935 921 987 quatuor
946 934 1165 976 elementis
1188 948 1281 977 5115-

247 1006 422 1060 ceptivis
442 1007 764 1047 influentiarum
789 1005 1023 1047 eoelestium
1042 1038 1052 1056 ,
1072 1007 1116 1047 in
1143 1008 1280 1050 tribus

245 1078 420 1120 orbibus
445 1076 686 1128 influxivis,
710 1079 751 1118 et
778 1077 964 1118 motivis.
986 1077 1124 1119 Minor
1150 1091 1276 1120 mun-

244 1150 324 1191 dus
344 1151 508 1191 constat
535 1161 587 1190 ex
615 1151 799 1202 quatuor
833 1149 1071 1202 elementis,
1095 1154 1280 1204 quatuor

243 1222 501 1264 humoribus
514 1253 524 1271 ,
545 1224 730 1275 quatuor
761 1222 1146 1275 complexionibus,
1167 1237 1278 1278 qua-

241 1296 340 1334 tuor
360 1293 659 1346 qualitatibus,
681 1295 721 1334 et
739 1293 878 1334 tribus
895 1293 1059 1335 viribus
1076 1295 1278 1337 vitalibus

241 1364 496 1418 perfectivis,
520 1365 676 1406 scilicet
706 1364 960 1417 vegetabili,
983 1366 1192 1417 sensibili,
1216 1379 1278 1407 ra-

240 1436 401 1477 tionali.
424 1435 542 1477 Unde
566 1436 658 1487 illa,
683 1448 778 1489 quae
811 1439 911 1477 sunt
932 1437 977 1476 in
997 1437 1158 1478 mundo
1178 1450 1273 1478 sen-

239 1508 370 1558 sibili,
393 1507 436 1547 in
458 1508 612 1548 minori
639 1507 800 1548 mundo
820 1507 1084 1560 colliguntur
1103 1509 1147 1549 in
1168 1522 1275 1562 qua-

238 1578 335 1619 dam
367 1579 566 1631 puritate.
601 1577 721 1619 Unde
752 1578 988 1619 secundum
1019 1579 1209 1633 aliqUOS,
1232 1583 1274 1622 et

236 1662 323 1691 non
342 1649 688 1691 irrationabiliter
702 1682 713 1700 ,
734 1650 895 1690 dictum
918 1652 1000 1702 est,
1025 1651 1139 1704 quod
1159 1652 1272 1693 orbis

235 1722 425 1765 sidereus
452 1723 636 1776 disponit
667 1722 719 1764 ad
751 1723 1061 1776 susceptionem
1090 1727 1268 1777 vegeta-

234 1794 350 1846 bilis,
374 1794 489 1835 orbis
506 1794 777 1848 crystallinus
790 1794 843 1835 ad
856 1796 1164 1848 susceptionem
1180 1809 1270 1838 sen-

233 1865 387 1917 sibilis,
409 1866 523 1907 orbis
543 1869 771 1919 empyreus
789 1866 842 1907 ad
863 1866 1172 1919 susceptionem
1196 1880 1266 1909 ra-

233 1937 417 1979 tionalis.
449 1937 501 1978 Et
530 1938 766 1979 secundum
801 1937 1060 1990 Hugonem,
1092 1942 1265 1991 quater-

231 2009 380 2050 narius
411 2009 710 2066 correspondet
734 2008 926 2062 corpori;
951 2009 1163 2052 ternarius
1194 2023 1267 2052 au-

230 2083 316 2122 tem
335 2081 515 2134 spiritui.

284 2153 556 2206 Septenarius
588 2155 730 2194 autem
767 2164 978 2205 magnum
1008 2154 1262 2207 mysterium

229 2223 370 2265 habet.
394 2223 540 2266 Omnis
560 2226 702 2265 autem
723 2224 942 2277 proportio
963 2226 1004 2265 et
1022 2226 1262 2278 proportio-

228 2296 379 2336 nalitas
411 2298 474 2336 est
513 2296 747 2338 secundum
781 2295 989 2336 rationem
1020 2298 1193 2338 ternarii
1220 2302 1262 2340 et

224 2368 483 2421 quaternarii
503 2381 513 2419 ;
537 2368 640 2421 quia
659 2380 829 2409 necesse
846 2371 931 2420 est,
954 2368 1028 2409 ubi
1061 2372 1124 2409 est
1158 2382 1257 2423 pro-

221 2439 513 2492 portionalitas
532 2472 542 2491 ,
578 2442 628 2480 ut
655 2439 709 2480 sit
736 2440 780 2479 in
818 2441 1001 2492 quatuor
1033 2440 1253 2491 terminis,

218 2509 287 2550 vel
301 2511 536 2551 secundum
552 2522 641 2551 rem
655 2542 665 2559 ,
688 2510 757 2551 vel
773 2510 1007 2551 secundum
1028 2511 1252 2574 rationem.

218 2580 336 2622 Unde
367 2581 640 2634 Augustinus
672 2581 854 2622 ostendit
887 2581 902 2602 ²
934 2583 1252 2635 proportionem

216 2653 442 2694 ascendere
462 2666 597 2707 usque
615 2654 667 2695 ad
688 2657 870 2705 quatuor
886 2685 896 2703 ,
918 2665 1015 2706 quae
1044 2665 1098 2694 ex
1126 2656 1252 2708 parti-

215 2724 296 2765 bus
315 2725 576 2778 quaternarii
607 2726 852 2777 generatur.
885 2724 965 2766 Iste
993 2727 1137 2766 autem
1160 2739 1249 2780 sep-

213 2796 426 2848 tenarius,
458 2797 549 2838 sive
580 2797 624 2837 in
658 2797 820 2838 mundo
850 2796 1064 2848 sensibili,
1088 2797 1177 2839 sive
1203 2799 1248 2840 in

213 2868 375 2909 mundo
395 2868 549 2910 minori
570 2900 583 2920 ,
618 2871 761 2910 ortum
794 2868 922 2909 habet
943 2880 967 2908 a
987 2869 1148 2910 mundo
1178 2882 1247 2911 ar-

211 2938 413 2993 chetypo,
435 2940 509 2981 ubi
527 2943 627 2981 sunt
651 2940 838 2981 rationes
871 2939 1058 2981 causales
1089 2953 1246 2983 secun-

209 3009 312 3051 dum
334 3010 542 3052 rationem
572 3011 814 3064 septenarii.
851 3011 958 3052 nmis
981 3012 1097 3052 enim
1117 3012 1246 3054 habet

209 3080 417 3122 rationem
429 3082 630 3123 triformis
641 3094 796 3133 causae,
813 3082 873 3123 ori
879 3082 1088 3134 ginantis,
1105 3096 1246 3125 exem-

208 3152 385 3205 plantis,
408 3154 613 3205 finientis;
644 3167 722 3195 nec
753 3156 890 3207 potest
920 3166 1012 3194 esse
1046 3154 1242 3207 pluribus

207 3224 360 3266 modis.
387 3224 500 3266 Unde
519 3226 744 3279 Apostolus
765 3226 778 3248 ³
801 3239 811 3266 :
839 3241 858 3264 «
883 3225 944 3267 Ex
963 3225 1079 3279 ipso,
1105 3229 1146 3268 et
1165 3239 1241 3280 per

205 3295 347 3349 ipsum
362 3329 374 3347 ,
396 3299 437 3337 et
456 3297 500 3337 in
520 3297 610 3351 ipso
629 3300 729 3338 sunt
747 3297 905 3338 omnia.
928 3312 947 3334 »

259 3364 379 3407 Ratio
399 3369 544 3408 autem
571 3369 770 3410 causandi
796 3370 858 3410 est
877 3368 1112 3410 secundum
1130 3381 1236 3423 qua-

206 3437 317 3487 tuor,
337 3437 636 3480 sublimitatem
659 3441 881 3493 potentiae,
905 3440 1236 3493 profunditatem

212 3513 215 3515 ’
248 3515 386 3563 ¹Greg.‚
403 3522 497 3555 hom.
516 3530 639 3566 xxxin,
659 3523 694 3557 in
710 3524 819 3566 princ.
837 3541 878 3548 —
897 3523 908 3543 ²
923 3525 1022 3566 Aug„
1041 3523 1081 3556 de
1100 3525 1234 3567 Music„

2320 221 2395 260 105

1365 297 1612 350 sapientiae,
1648 299 1913 344 latitudinem
1946 304 2272 357 benevolentiae,
2300 307 2392 349 lon-

1364 368 1602 420 gitudinem
1622 373 1892 414 aeternitatis:
1916 375 1996 417 «Ut
2015 377 2180 430 possitis
2187 392 2233 429 ,»
2257 377 2395 431 inquit

1361 437 1590 491 Apostolus
1604 441 1617 462 ¹·
1631 474 1643 492 ,
1666 445 2054 498 «comprehendere
2075 460 2172 489 cum
2193 450 2393 490 omnibus

1360 511 1535 563 sanctis,
1567 525 1663 566 quae
1696 514 1750 554 sit
1780 514 2025 568 longitudo,
2049 533 2068 555 »
2100 522 2177 560 etc.
2201 519 2392 563 Potentia

1359 585 1487 631 creat,
1504 584 1712 636 sapientia
1733 587 1966 639 gubernat,
1983 589 2278 632 benevolentia
2295 606 2389 646 per-

1359 652 1460 703 ficit,
1478 655 1694 696 aeternitas
1712 662 1949 700 conservat.
1972 659 2052 702 Iste
2069 674 2276 704 numerus
2297 666 2392 706 uni-

1358 724 1571 765 versitatis
1594 726 1638 767 in
1660 729 1845 780 mundo,
1869 730 1915 771 in
1940 730 2133 784 homine,
2156 734 2203 775 in
2225 735 2309 775 [1Εο
2329 740 2391 778 est

1357 796 1630 848 mysterialis
1653 797 1899 842 Secundum
1914 802 2032 845 hunc
2045 817 2275 846 numerum
2294 807 2390 848 facit

1356 865 1465 908 DEus
1486 880 1656 911 currere
1676 872 1889 914 mundum
1910 874 2039 916 istum
2062 891 2070 917 :
2094 880 2134 918 et
2156 877 2386 932 Scriptura,

1355 949 1453 990 quae
1481 940 1664 993 explicat
1695 942 1923 986 decursum
1951 948 2123 999 mundi,
2156 951 2389 992 secundum

1353 1007 1469 1050 hunc
1487 1023 1718 1053 numerum
1746 1015 1855 1056 tradi
1874 1017 2022 1058 debuit
2041 1019 2306 1072 explicative.

1407 1080 1643 1135 Distinguit
1663 1097 1770 1138 ergo
1790 1085 2006 1141 Scriptura
2032 1092 2224 1145 tempora
2252 1093 2386 1146 origi-

1352 1152 1488 1203 nalia,
1530 1155 1752 1207 figuralia,
1793 1159 2000 1212 gratiosa,
2043 1174 2120 1202 seu
2156 1163 2385 1207 salutifera.

1351 1223 1560 1278 Tempora
1606 1227 1832 1280 originalia
1880 1233 2116 1275 consistunt
2155 1235 2199 1276 in
2236 1236 2387 1289 primis

1350 1300 1510 1349 septem
1537 1298 1711 1352 diebus3
1745 1302 1971 1355 figuralia,
2001 1306 2054 1346 ab
2086 1306 2205 1348 initio
2237 1310 2384 1350 mundi

1350 1379 1486 1420 usque
1508 1369 1559 1409 ad
1582 1369 1815 1424 Christum,
1840 1375 1914 1415 ubi
1941 1388 2104 1417 novum
2129 1384 2298 1431 tempus
2319 1380 2385 1420 in-

1349 1438 1468 1491 cipit,
1491 1440 1586 1482 licet
1615 1442 1817 1485 Salomon
1847 1446 1956 1487 dicat
1976 1448 2013 1488 ⁵:
2043 1448 2195 1490 «Nihil
2220 1463 2384 1492 novum

1349 1510 1429 1550 sub
1451 1511 1537 1552 sole
1561 1526 1569 1552 ε
1594 1527 1612 1549 ))
1638 1526 1790 1555 verum
1819 1519 1881 1556 est
1901 1519 2134 1560 secundum
2154 1524 2379 1573 naturan1;

1347 1581 1419 1621 sed
1454 1582 1534 1623 hoc
1569 1587 1632 1624 est
1665 1598 1793 1638 super
1831 1591 2029 1629 naturam
2057 1605 2065 1630 :
2096 1594 2137 1632 et
2164 1595 2257 1645 post
2285 1598 2383 1635 sunt

1345 1658 1537 1706 tempora
1570 1656 1771 1707 gratiosa.
1800 1658 1837 1698 A
1864 1661 2131 1712 temporibus
2157 1664 2380 1716 originali-

1345 1723 1426 1764 bus
1455 1724 1631 1779 incoepit
1659 1727 1846 1782 Moyses,
1871 1733 1912 1771 et
1944 1731 2002 1772 ita
2036 1733 2182 1775 debuit
2214 1735 2348 1777 facere
2366 1768 2379 1786 ‚

1344 1794 1446 1847 quia
1487 1794 1706 1856 Scriptura
1749 1799 1892 1841 debuit
1940 1802 2076 1844 facere
2120 1805 2347 1848 seminaria
2367 1839 2377 1856 ‚

1342 1868 1549 1919 tanquam
1580 1871 1690 1909 terra
1728 1872 1979 1922 germinans
2002 1905 2011 1923 ,
2054 1878 2094 1915 et
2128 1879 2220 1928 post
2250 1879 2377 1920 arbo-

1342 1949 1410 1978 res
1431 1939 1678 1990 figurarum
1697 1973 1707 1990 ,
1731 1945 1772 1983 et
1797 1946 1942 1996 postea
1971 1945 2158 1988 fructum
2180 1962 2188 1988 :
2213 1961 2379 2002 ponun-

1340 2009 1411 2047 tur
1445 2021 1552 2062 ergo
1591 2016 1751 2066 septem
1783 2014 1893 2066 dies,
1931 2019 1979 2057 ut
2017 2020 2208 2072 tempore
2243 2022 2376 2074 origi-

1338 2079 1440 2121 nali.
1465 2079 1635 2124 Primus
1657 2085 1745 2126 dies
1765 2118 1774 2135 ,
1797 2086 1902 2128 lucis
1922 2089 2139 2142 formatae3
2164 2094 2375 2135 secundus

1337 2151 1446 2204 dies,
1469 2165 1593 2207 aquae
1626 2155 1776 2198 divisae
1792 2172 1802 2208 ;
1827 2160 1976 2200 tertius
1996 2160 2107 2212 dies,
2141 2165 2266 2205 terrae
2296 2166 2371 2206 103,-

1337 2225 1552 2276 cundatae3
1579 2230 1776 2280 quartus,
1805 2229 1911 2271 lucis
1946 2231 2121 2274 sidereae
2137 2249 2147 2284 ;
2170 2236 2368 2289 quintus,

1335 2297 1510 2338 motivae
1531 2299 1653 2350 vitae;
1677 2306 1836 2354 sextus,
1857 2303 2062 2346 humanae
2082 2306 2231 2348 formae
2249 2322 2258 2358 ;
2275 2321 2368 2362 sep-

1333 2368 1462 2409 timus
1476 2402 1489 2421 ,
1513 2372 1666 2424 quietis
1686 2373 1852 2426 primae.

1387 2440 1557 2495 Septem
1588 2447 1731 2485 autem
1767 2450 1867 2488 sunt
1904 2450 2098 2501 tempora
2132 2451 2362 2503 figuralia:

1330 2513 1501 2565 tempus
1521 2517 1689 2557 naturae
1710 2517 1912 2569 conditae,
1936 2522 2175 2572 purgandae
2202 2524 2363 2577 culpae,

1328 2584 1468 2634 gentis
1489 2585 1654 2637 electae,
1673 2587 1781 2640 legis
1806 2593 1999 2642 statutae,
2021 2592 2178 2645 regalis
2197 2595 2362 2647 gloriae,

1328 2654 1442 2695 vocis
1471 2657 1728 2710 propheticae
1743 2691 1753 2710 ,
1782 2660 1934 2713 quietis
1954 2663 2120 2704 medice.

1382 2726 1429 2767 111
1451 2739 1562 2770 novo
1582 2732 1835 2773 testamento
1855 2733 2049 2776 similiter
2075 2739 2175 2777 sunt
2201 2742 2361 2791 septem

1325 2801 1517 2853 tempora
1547 2803 1733 2855 gratiosa
1757 2817 1767 2845 :
1790 2808 1958 2859 tempus
1987 2807 2149 2850 collatae
2180 2811 2358 2863 gratiae3

1323 2871 1522 2924 baptismi
1554 2874 1597 2915 in
1626 2877 1864 2929 sanguine3
1887 2890 2051 2921 normae
2084 2880 2180 2922 fidei
2216 2883 2360 2924 catho-

1321 2941 1413 2984 licae
1433 2958 1442 2995 3
1466 2957 1630 2987 normae
1651 2946 1761 3000 legis
1772 2949 1973 3001 justitiae3
1998 2951 2193 2993 sublimis
2213 2955 2356 2995 cathe-

1320 3015 1436 3067 drae;
1465 3017 1590 3059 clarae
1616 3019 1847 3072 doctrinae;
1872 3023 1986 3075 pacis
2012 3028 2252 3077 postremae.
2274 3026 2355 3067 Ac-

1319 3087 1412 3142 cipe
1445 3091 1874 3144 correspondentiam.
1909 3092 2125 3137 Formatio
2157 3096 2262 3137 lucis
2295 3100 2357 3138 est

1318 3160 1597 3203 seminarium
1629 3164 1894 3206 formationis
1923 3169 2110 3218 naturae,
2136 3171 2176 3208 et
2195 3169 2351 3210 sorma-

1316 3232 1376 3273 tio
1392 3236 1560 3276 naturae
1584 3236 1816 3278 collationis
1837 3239 2002 3291 gratiae.
2023 3239 2208 3293 Tempus
2228 3253 2353 3294 aquae

1315 3303 1463 3345 divisae
1493 3307 1719 3359 respondet
1750 3310 1932 3362 tempori
1962 3310 2232 3362 purgationis
2261 3312 2351 3353 cul·

1313 3386 1401 3428 pae,
1428 3376 1627 3430 baptismi
1652 3378 1698 3419 in
1717 3379 1949 3431 sanguine,
1972 3380 2073 3433 quia
2097 3381 2209 3423 sicut
2240 3383 2350 3425 divi-

1311 3479 1369 3514 lib.
1397 3483 1423 3519 1,
1448 3492 1480 3516 c.
1501 3492 1566 3516 xn-
1590 3501 1630 3508 —
1650 3485 1662 3503 ³
1682 3485 1786 3526 Rom„
1811 3493 1865 3527 xi,
1889 3487 1940 3519 36.
1961 3503 2002 3512 -·
2021 3487 2032 3506 ⁴
2052 3487 2187 3531 Ephes„
2210 3497 2269 3531 111,
2297 3493 2345 3523 16.

1312 3543 1353 3554 -·
1371 3529 1386 3552 ὅ
1401 3530 1522 3572 Eccle.‚
1545 3540 1568 3573 1,
1588 3534 1637 3564 10.
