2633 3878
76 1777 170 1804 Exur-

66 1825 136 1852 gere

38 1858 171 1887 Christus

30 1900 172 1969 ffiffllii·
190 1903 367 1941 ventum
385 1931 394 1949 ‚
417 1899 530 1940 unde
548 1899 629 1940 hoc
647 1899 661 1920 ⁷
685 1914 693 1940 :

30 1982 68 2010 cit
82 1992 114 2011 ·“.

1059 173 1303 217 PSALMUS
1332 174 1488 218 XXXV.

209 267 370 320 Moyses
393 266 404 288 ¹
430 276 441 306 t
468 280 486 304 (ι
505 264 691 306 Tentabo
727 262 978 314 Dominum,
1002 263 1037 304 si
1059 274 1233 316 possum

208 350 307 380 eum
327 337 506 391 placare.
527 350 546 374 »

262 411 325 450 18.
352 406 580 459 confitebor
597 405 676 448 tibi
695 406 744 447 in
769 405 938 447 ecclesia
957 415 1132 458 magna.
1154 405 1230 446 Ec·

206 481 329 521 clesia
347 479 500 521 dicitur
519 488 680 529 magna
701 476 792 517 loco
807 508 816 525 ‚
848 476 959 517 unde
982 476 1062 517 1100
1081 480 1095 502 ²
1122 492 1131 517 :
1157 492 1175 514 «
1198 478 1228 517 A

205 552 361 592 finibus
397 553 521 590 terrae
553 560 634 601 ego
667 548 890 597 clamabo;
927 562 946 585 »
985 550 1025 589 et
1044 547 1147 588 illud
1171 551 1184 573 ³
1221 564 1228 589 :

209 623 367 664 «Jacob
392 621 581 663 dilatavit
603 620 652 673 (a)
680 619 955 660 tabernacula
975 631 1071 669 sua3
1095 634 1112 657 »
1149 631 1234 660 me-

202 694 304 744 rito,
326 692 463 734 unde*
483 705 492 733 :
518 707 537 731 «
558 691 648 732 Erit
668 702 814 731 semen
833 693 956 731 tuum
978 690 1084 731 sicut
1102 689 1232 731 stellae

202 764 313 814 coeli;
335 778 354 801 11
380 774 559 804 numero
574 794 583 811 ‚
616 763 728 803 unde
747 761 828 802 hoc
855 765 868 786 ⁵
892 775 900 801 :
927 775 946 800 «
975 761 1092 802 Multi
1115 761 1229 802 enim

200 837 300 875 sunt
319 834 483 885 vocati,
507 848 526 871 ›>
548 836 625 874 etc.

251 903 305 944 In
339 902 492 955 populo
523 903 664 954 gyravi.
700 900 771 942 Est
802 900 991 952 gravitas
1025 911 1225 951 morum,

197 973 310 1014 unde
328 973 436 1014 hoc:
465 988 484 1011 α
504 972 693 1014 Plotinus
721 974 782 1012 est
815 969 1105 1023 gravissimus
1129 971 1230 1024 phi-

194 1044 484 1098 losophorum.
508 1058 527 1082 11
555 1044 625 1085 Ε51
644 1043 832 1096 gravitas
859 1054 1088 1094 annorum,
1114 1043 1226 1084 unde

193 1116 370 1157 senioris
398 1118 501 1157 aetas
530 1115 682 1157 dicitur
712 1114 921 1167 gravitaS,
957 1114 1228 1167 appropriato

191 1187 412 1229 vocabulo.
441 1187 514 1228 Est
553 1187 743 1240 gravitas
780 1187 1074 1240 peccatorum,
1115 1186 1228 1227 unde

189 1259 271 1300 1100
303 1259 317 1281 ⁶
351 1273 360 1300 ε
391 1258 522 1299 «Filii
552 1258 807 1309 hominum,
841 1269 1065 1311 usquequo
1100 1258 1225 1310 gravi

190 1330 369 1371 corde‘?»
386 1329 527 1371 Prima
538 1330 760 1380 informat3
783 1329 965 1370 secunda
981 1331 1222 1382 aggravat;

190 1401 312 1442 tertia
331 1401 553 1442 deformat.

242 1474 309 1512 21.
322 1471 557 1514 Discerum:
578 1471 708 1524 Euae,
730 1482 843 1524 cuae.
863 1471 1024 1513 Dicitur
1042 1472 1156 1525 Euae
1173 1472 1221 1524 (b)

188 1542 489 1595 multipliciter.
513 1541 733 1592 Quomodo
763 1542 984 1595 accipitur,
1007 1543 1106 1583 alibi
1136 1542 1222 1583 dic-

187 1615 281 1654 tum
311 1615 396 1664 est,
434 1613 614 1664 scilicet,
651 1613 912 1665 oratorium,
946 1605 1221 1664 illusorium,

190 1684 493 1726 exultatorium
505 1717 517 1736 ,
539 1685 875 1738 applausorium.

244 1757 310 1797 23.
363 1756 537 1810 Exurqe
560 1789 571 1808 ,
619 1759 657 1799 et
698 1756 871 1799 intende
902 1756 1076 1809 judicio
1114 1768 1218 1800 meo.

191 1828 382 1870 Christus
413 1839 614 1881 extergere
646 1828 800 1869 dicitur
829 1840 904 1881 per
935 1829 1125 1881 primum
1145 1829 1219 1870 ad-

723 1914 742 1938 «
760 1898 880 1940 Nuuc
900 1911 1134 1952 exurgam,
1158 1901 1219 1941 di·

188 1971 244 2012 cit
273 1970 499 2021 Dominus3
522 1985 541 2009 ›)
567 1980 768 2024 eoeurqere
797 1982 872 2024 per
904 1971 1106 2012 meritum
1139 1983 1220 2012 no-

188 2046 338 2093 strum,
360 2043 472 2083 unde
491 2042 571 2084 hoc
591 2047 604 2068 ⁸
628 2057 637 2084 ε
663 2058 681 2081 «
705 2042 896 2095 Exurge,
920 2055 1051 2096 quare
1070 2043 1221 2084 obdor-

188 2114 288 2165 1015,
318 2114 525 2155 Domine?
544 2129 563 2152 ›)
584 2114 625 2154 id
657 2119 743 2165 est,
777 2114 841 2155 fac
871 2126 948 2166 nos
980 2126 1217 2166 exurgere,

186 2185 363 2227 Domine
386 2201 396 2236 ;
441 2196 642 2239 emurqere
683 2197 757 2239 per
800 2185 1008 2226 auxilium
1034 2219 1042 2236 ,
1104 2185 1218 2226 unde

185 2257 267 2298 hoc
285 2260 299 2282 ⁹
325 2271 333 2298 :
367 2271 386 2296 <‹
408 2256 586 2309 Exurge
610 2257 655 2297 in
681 2268 907 2298 occursum
940 2269 1084 2298 meum
1100 2290 1109 2308 ,
1136 2257 1215 2297 Do-

186 2328 322 2379 mine,
355 2340 520 2380 exurge
552 2327 605 2368 ad
627 2327 840 2380 judicium
860 2360 870 2379 ,
908 2327 1022 2368 unde
1041 2328 1122 2369 hoc
1141 2328 1169 2353 ¹⁰
1202 2343 1210 2368 :

192 2413 211 2437 (‹
229 2398 421 2451 Exurget
439 2398 484 2439 in
498 2398 659 2451 judicio
679 2403 800 2440 Deus.
826 2412 844 2435 1)

237 2472 304 2510 ⁶26.
338 2469 611 2512 Erubescani.
645 2469 692 2510 ln
712 2456 942 2522 poenitente
962 2469 1040 2510 ista
1060 2470 1214 2511 debent

183 2553 292 2592 esse,
327 2541 485 2583 scilicet
515 2542 729 2592 contritio,
762 2542 875 2583 unde
896 2541 1006 2582 hoc:
1039 2542 1215 2584 Erubes-

182 2616 311 2664 cant‚·
348 2625 402 2653 ex
436 2613 686 2654 contritione
713 2613 925 2662 remissio,
956 2613 1070 2654 unde
1098 2613 1177 2654 hoc
1200 2628 1208 2654 z

182 2684 474 2726 Revertantur.
516 2682 724 2725 Neutrum
748 2684 839 2724 siue
860 2684 991 2725 altero
1021 2685 1178 2725 sufficit
1199 2700 1208 2725 ι

180 2754 292 2795 11οᾶ0
310 2753 466 2795 dicitur
495 2754 622 2796 simul
653 2754 906 2797 universalis
933 2755 1207 2808 poenitentia,

179 2824 292 2866 unde
334 2824 445 2866 hoc:
485 2825 731 2868 Induaniur
757 2838 771 2866 .·
803 2826 925 2878 quasi
962 2825 1072 2866 dicat
1107 2838 1116 2866 :
1153 2825 1210 2867 De

179 2895 377 2936 omnibus
414 2896 679 2949 poeniteant,
720 2909 806 2937 non
844 2897 895 2937 de
933 2897 1205 2949 quibusdam.

178 2965 339 3007 Peccati
365 2967 411 3020 tc)
437 2980 581 3020 poena,
604 2968 717 3009 unde
749 2982 757 3008 :
793 2969 1065 3020 Confusione.
1099 2967 1206 3010 Nam

176 3037 266 3089 ipse
284 3038 416 3079 rubor
429 3040 491 3078 est
506 3050 604 3091 pars
617 3049 769 3092 poenae.
789 3038 888 3080 Ilaec
903 3038 958 3091 (d)
973 3040 1090 3092 optat
1111 3041 1206 3080 Pro-

175 3107 302 3161 pheta
321 3109 522 3162 peccanti.

215 3242 226 3263 ¹
247 3242 371 3281 Exod„
395 3250 517 3284 mn,
545 3245 600 3285 14,
623 3243 732 3285 quoad
759 3251 910 3275 sensum.
933 3261 968 3265 —
995 3243 1010 3265 ¹
1029 3243 1118 3278 Psal.
1146 3254 1202 3286 Lx,

173 3290 204 3321 3.
223 3307 264 3313 —
282 3290 294 3309 ³
314 3289 409 3330 Gen„
426 3298 523 3332 xxm,
543 3292 582 3322 25
606 3300 613 3322 :
640 3290 801 3322 Eaetendit
819 3291 852 3322 in
878 3291 988 3322 monte
1012 3291 1204 3325 tabernacu-

173 3335 256 3369 lum.
269 3354 310 3361 —
329 3337 340 3356 ⁴
356 3337 451 3379 Gen„
470 3346 557 3379 xxu,
578 3340 628 3371 17.
643 3355 682 3362 -
697 3339 708 3357 ⁵
725 3338 859 3378 Matth„
874 3347 930 3378 xx,
955 3339 1005 3369 16.
1023 3355 1059 3361 —
1081 3339 1092 3358 Β
1110 3341 1202 3373 Psal.

171 3390 219 3424 IV,
239 3385 270 3415 3.
292 3401 331 3409 —·
350 3385 360 3404 ⁷
378 3385 467 3418 Psal.
487 3394 540 3427 x1,
562 3387 594 3418 6.
613 3403 655 3409 —
672 3387 683 3406 ⁸
703 3385 793 3418 Psal.
816 3393 925 3426 mu,
947 3387 998 3417 23.
1021 3403 1061 3410 —
1080 3388 1091 3406 ⁹
1110 3388 1198 3421 Psal.

172 3437 270 3471 Lvni,
289 3433 320 3463 5.
341 3450 380 3456 —
399 3433 428 3455 ¹0
448 3433 537 3465 Psal.
560 3442 664 3474 Lxxv,
688 3436 736 3466 10.
759 3452 794 3457 —
816 3434 840 3455 ¹¹
863 3433 957 3470 Gen„
977 3442 1092 3474 xxxii,
1115 3438 1145 3469 2.
1161 3455 1202 3461 —-

175 3478 202 3498 ¹²
215 3478 349 3519 Ephes..
367 3488 405 3521 11,
427 3482 456 3513 3.
472 3499 513 3505 -
535 3482 556 3501 ¹³
576 3482 680 3519 Rom„
700 3489 758 3519 vu,
783 3483 832 3513 17.
850 3498 884 3503 —-
908 3481 959 3512 ιιΙ
983 3481 1081 3523 Tim„
1105 3490 1126 3523 1,
1146 3487 1196 3516 13.

2262 187 2335 226 201

1473 354 1740 402 PSALMUS
1774 359 1953 405 DAVID
1986 361 2171 408 XXXV.

1362 482 1398 518 1.
1431 481 1484 521 ln
1515 481 1672 533 finem,
1708 484 1796 536 ipsi
1825 485 1967 528 David
1995 497 2111 530 servo
2147 489 2332 531 Domini.

1306 547 1466 590 Servus
1512 552 1695 605 dicitur,
1738 555 1806 597 vel
1844 569 1868 596 a
1903 558 2158 608 serviendo,
2203 560 2270 600 vel
2312 572 2336 600 a
2380 566 2498 592 servu..

1304 621 1511 662 servando
1553 638 1561 664 :
1608 625 1641 664 si
1683 626 1821 678 primo
1864 628 1988 668 modo
2011 658 2023 676 ,
2071 631 2157 668 tam
2194 630 2295 670 boni
2323 663 2334 681 ,

1305 703 1433 744 quam
1455 694 1577 744 111011,
1600 697 1713 736 servi
1734 697 1804 738 Dei
1825 698 2040 747 dicuntur,
2060 699 2216 740 scilicet
2238 701 2337 753 quia

1308 773 1455 804 omnes
1484 766 1675 807 serviunt
1704 767 1802 809 Deo.
1832 768 1971 820 Unde,
2009 773 2050 810 et
2069 770 2118 811 de
2139 771 2336 812 omnibus

1307 832 1462 875 dicitur
1480 835 1505 857 ¹¹
1530 849 1539 876 :
1569 851 1588 875 (‹
1609 836 1748 879 Castra
1767 837 1840 879 Dei
1857 842 1975 891 sunt,
1998 856 2016 878 »
2049 843 2088 881 et
2114 841 2197 882 Deo
2222 842 2338 882 mili—

1302 907 1406 946 tant.
1436 906 1541 948 Boni
1569 919 1675 961 ergo
1705 912 1745 950 et
1776 910 1875 950 mali
1898 911 2091 952 serviunt
2118 911 2204 953 Deo
2221 944 2232 963 ,
2265 914 2337 954 sed

1302 976 1559 1021 dissimiliter
1583 994 1591 1020 :
1618 981 1719 1034 quia
1738 981 1930 1023 serviunt
1960 983 2061 1024 boni
2095 983 2202 1034 Deo,
2232 987 2280 1025 ut
2311 997 2336 1025 a

1301 1048 1483 1101 quibus;
1527 1051 1650 1103 mali,
1687 1055 1735 1093 ut
1774 1054 1825 1094 de
1862 1054 2018 1107 quibus
2055 1055 2103 1095 fit
2140 1055 2336 1097 voluntas

1300 1118 1388 1160 Dei.
1416 1119 1460 1161 Si
1495 1123 1606 1163 servi
1628 1136 1652 1164 a
1673 1125 1882 1167 servando
1914 1126 2138 1178 dicuntur,
2167 1129 2334 1168 tantum

1300 1189 1422 1231 bonis
1452 1194 1650 1236 convenit
1684 1210 1693 1236 ε
1729 1208 1831 1237 0001
1866 1197 2100 1250 antiquitus
2141 1199 2333 1240 homines

1300 1273 1398 1302 cum
1421 1264 1708 1318 capiebantur,
1732 1267 2118 1320 interficiebantur3
2141 1270 2214 1311 sed
2238 1283 2328 1312 mo-

1299 1331 1352 1372 do
1371 1333 1531 1374 factum
1551 1338 1613 1376 est
1642 1337 1912 1380 miseratione
1936 1342 1976 1380 01
2007 1341 2300 1393 propitiatione
2315 1374 2327 1393 ,

1298 1406 1346 1444 ut
1374 1406 1482 1459 capti
1514 1419 1601 1448 non
1623 1408 1946 1463 interficiantur,
1979 1413 2051 1454 sed
2072 1417 2295 1455 serventur
2317 1428 2325 1454 :

1298 1478 1338 1516 et
1369 1476 1447 1517 hac
1479 1478 1642 1520 ratione
1680 1480 1779 1521 boni
1810 1482 2010 1524 dicuntur
2050 1485 2188 1531 servi,
2231 1486 2331 1538 quia

1298 1558 1395 1586 cum
1416 1548 1535 1600 prius
1562 1553 1699 1591 essent
1718 1555 1854 1594 morte
1885 1553 2008 1606 digni
2041 1555 2160 1607 (nam
2181 1567 2329 1598 omnes

1296 1621 1526 1660 nascuntur
1545 1621 1572 1642 ¹²
1604 1621 1692 1672 filii
1720 1624 1823 1675 irae,
1856 1637 1943 1666 non
1971 1627 2112 1667 statim
2132 1626 2329 1669 interficit

1296 1700 1367 1730 eos
1386 1690 1495 1732 Deus
1509 1723 1519 1742 ,
1543 1692 1614 1733 sed
1633 1698 1828 1748 expectat
1849 1698 1911 1748 (e).

1348 1763 1388 1801 2.
1417 1762 1547 1806 Dixit
1564 1764 1781 1817 injustae,
1803 1770 1850 1810 ut
1869 1767 2092 1822 delinquat
2112 1771 2159 1812 in
2178 1776 2325 1814 semet-

1293 1833 1410 1885 ipso,
1443 1837 1520 1875 etc.
1551 1835 1739 1878 Mendosi
1765 1838 1926 1880 codices
1950 1840 2128 1890 habent,
2164 1846 2214 1885 ut
2242 1853 2327 1886 non

1294 1903 1527 1958 delinquat.
1557 1906 1665 1948 Nota
1688 1921 1698 1949 :
1723 1908 1947 1951 Peccatum
1974 1912 2019 1952 in
2038 1913 2180 1964 corde,
2213 1915 2326 1956 unde

1297 1975 1352 2028 (v.
1364 1977 1401 2026 5)
1415 1990 1423 2017 :
1435 1976 1711 2030 [niquitatem
1724 1980 1950 2024 meditatus
1959 1989 2020 2025 esi
2031 1984 2080 2025 in
2090 1983 2222 2027 cubili
2230 1996 2326 2036 suo,·

1292 2046 1337 2087 in
1350 2059 1437 2098 ore,
1455 2049 1570 2090 unde
1583 2049 1662 2091 hoc
1686 2050 1740 2103 (v.
1760 2054 1798 2102 4>
1821 2067 1828 2091 :
1860 2052 1994 2096 Verba.
2009 2055 2097 2097 oris
2120 2055 2212 2107 ejus
2242 2057 2327 2100 ini-

1291 2119 1460 2170 quitas,
1485 2123 1524 2162 ei
1543 2120 1680 2163 doliis.
1713 2121 1760 2162 In
1780 2134 1906 2176 opere
1923 2157 1933 2176 ,
1957 2125 2072 2166 unde
2092 2126 2173 2168 hoc
2195 2139 2205 2168 ε
2233 2127 2324 2171 Vioe

1290 2198 1376 2230 non
1396 2189 1526 2232 bonoe.
1550 2190 1775 2233 Peccatum
1789 2206 1843 2234 ex
1863 2194 2160 2248 sollicitudine,
2181 2199 2321 2241 unde:

1289 2260 1457 2304 Asticic.
1502 2262 1764 2305 Universitas
1805 2265 1850 2306 in
1888 2268 2124 2320 peccando,
2166 2271 2281 2312 unde
2309 2286 2318 2311 :

1292 2331 1432 2375 Omni.
1465 2332 1517 2374 Et
1548 2335 1747 2387 peccandi
1782 2336 2026 2389 delectatio,
2061 2340 2174 2382 unde
2202 2341 2282 2383 hoc
2312 2358 2320 2384 ε

1287 2403 1507 2446 Malitiam
1553 2409 1694 2448 autem
1729 2417 1815 2450 non
1849 2408 2004 2453 odivit.
2043 2410 2148 2452 Nota
2184 2426 2193 2453 ε
2242 2413 2323 2455 tria

1287 2477 1387 2515 sunt
1413 2487 1574 2527 genera
1608 2480 1877 2530 peccatorum
1902 2495 1910 2521 :
1941 2494 2041 2522 nam
2062 2483 2234 2535 quidam
2267 2498 2321 2526 ex

1285 2545 1529 2588 infirmitate
1554 2552 1752 2600 peccant;
1775 2550 1848 2591 alii
1868 2563 1921 2593 ex
1950 2552 2198 2604 ignorantia
2211 2570 2221 2605 ;
2245 2556 2316 2597 alii

1285 2629 1338 2658 ex
1358 2617 1595 2672 iniquitate.
1627 2620 1684 2661 De
1705 2621 1853 2674 primis
1868 2622 1971 2665 illud
1994 2624 2023 2649 ¹³
2045 2639 2053 2665 ε
2082 2640 2101 2663 «
2120 2625 2212 2667 Non
2236 2639 2319 2680 ego

1284 2701 1434 2742 operor
1455 2690 1578 2742 illud,
1602 2692 1674 2733 sed
1694 2696 1913 2745 peccatum
1926 2727 1939 2747 ,
1962 2697 2075 2749 quod
2095 2697 2139 2738 in
2158 2710 2227 2740 me
2247 2699 2318 2740 ha-

1282 2761 1399 2802 bitat.
1421 2775 1440 2799 11
1470 2761 1528 2803 De
1553 2763 1750 2804 secundis
1774 2765 1803 2789 ¹⁶
1837 2780 1845 2806 ε
1894 2766 2037 2816 «Quia
2069 2768 2319 2821 ignoranter

1280 2832 1482 2885 hocfeci,
1514 2838 1764 2877 consecutus
1791 2849 1886 2879 sum
1906 2839 2093 2881 veniam.
2112 2855 2131 2879 1)
2157 2841 2214 2883 De
2236 2845 2316 2884 ter-

1281 2904 1349 2946 tiis
1368 2905 1449 2946 hoc
1472 2918 1482 2946 :
1506 2906 1724 2950 Malitiam
1746 2911 1885 2952 autem
1908 2920 1995 2953 nori
2019 2911 2173 2955 odivit.
2198 2912 2314 2955 Unde

1279 2975 1405 3028 primi
1439 2976 1641 3018 dicuntur
1674 2991 1849 3032 peccare
1881 2984 2026 3024 contra
2058 2985 2308 3037 potentiam3

1279 3047 1482 3099 secundi,
1506 3051 1652 3090 contra
1673 3051 1945 3104 sapientiam3
1976 3054 2086 3095 tertii
2105 3055 2308 3097 dicuntur

1278 3130 1450 3171 peccare
1482 3122 1627 3162 contra
1659 3121 2001 3175 benignitatem:
2036 3125 2148 3166 unde
2179 3126 2305 3178 primi

1278 3190 1322 3231 in
1342 3189 1532 3243 Patrem,
1555 3192 1726 3234 secundi
1746 3194 1791 3235 in
1809 3194 1988 3246 Filium,
2020 3196 2131 3237 tertii
2150 3196 2195 3237 in
2213 3196 2309 3251 Spi-

1319 3299 1361 3339 (a)
1381 3298 1459 3331 Caet.
1478 3299 1558 3330 edit.
1577 3299 1658 3331 illud
1673 3301 1778 3332 Jacob
1796 3311 1802 3332 :
1820 3301 1992 3333 Dilatavit.
2010 3319 2050 3326 —
2064 3302 2111 3343 (b)
2130 3303 2210 3336 Coet.
2227 3304 2306 3336 edit.

1274 3345 1416 3382 falsum,
1445 3345 1513 3378 loco
1536 3347 1642 3387 Euge.
1665 3364 1704 3369 —
1737 3348 1774 3388 (c)
1804 3348 1884 3380 Coet.
1917 3348 1997 3380 edit.
2031 3349 2246 3383 Poenitcntia.
2268 3369 2308 3375 —

1277 3392 1327 3433 (d)
1346 3393 1428 3425 Coet.
1455 3393 1534 3425 edit.
1561 3394 1636 3425 llic.
1656 3411 1695 3417 —
1726 3395 1762 3434 (c)
1786 3395 1821 3426 ln
1845 3400 1913 3427 (γει.
1950 3395 2031 3429 edit.
2053 3396 2211 3430 universa
2235 3399 2307 3431 haec

1274 3441 1448 3473 annotatio
1475 3449 1576 3480 snper
1599 3441 1732 3473 titulum
1767 3443 1802 3475 In
1835 3442 1954 3482 finem,
1980 3446 2058 3483 etc.,
2086 3445 2230 3478 refertur
2264 3446 2306 3478 ad

1274 3488 1376 3520 tinem
1400 3489 1507 3528 psalm
1529 3496 1646 3520 xxx1v.
