2633 3878
1032 212 1276 257 PSALMUS
1306 213 1480 256 CXVIII.

185 313 378 361 quantum
394 311 447 349 ad
468 310 720 359 semetipsum
733 337 746 357 ,
762 318 832 357 per
852 305 1112 344 iracundiam.
1141 303 1218 340 l‘ri-

184 385 296 412 mum
320 374 516 422 Scriptura
546 372 725 410 nominat
753 381 820 408 cor
848 378 1031 407 aversum
1040 380 1051 414 3
1083 375 1218 403 secun·

186 437 306 482 dum,
327 447 394 474 cor
409 445 638 484 perversum
654 446 664 480 3
686 432 858 478 tertium,
880 441 947 468 cor
968 429 1216 466 subversum.

186 501 236 536 De
261 498 390 546 primo
409 499 420 521 ¹
442 509 451 534 ε
477 510 494 532 «
520 496 584 532 Vir
609 497 675 532 aut
703 493 866 540 mulier,
887 491 1038 528 familia
1064 492 1130 527 aut
1150 489 1218 525 tri-

185 561 274 607 bus,
311 561 423 607 qu'us
452 570 519 596 cor
541 568 724 595 aversum
751 558 808 593 est
840 555 960 592 hodie
991 565 1015 591 a
1053 552 1219 590 Domino

189 625 265 660 Deo
299 623 444 667 vestro,
472 623 515 658 ut
546 619 679 666 vadat,
712 621 750 656 et
781 617 924 656 serviat
957 615 1032 653 diis
1062 615 1222 651 illarum

186 685 360 732 gentium
370 696 382 730 3
413 697 430 718 »
466 685 502 720 et
539 681 670 719 infra:
703 680 918 728 «gsedeant
947 688 1066 727 super
1092 677 1222 725 ipsum

188 747 321 784 omnia
341 744 565 791 maledicta,
580 755 668 792 quae
688 743 833 790 scripta
854 743 944 778 sunt
961 740 1003 777 in
1020 740 1096 777 hoc
1110 739 1223 777 volu-

188 809 315 854 mine3
342 821 360 841 n
395 807 465 844 ubi
492 809 651 844 notatur
679 804 810 842 cordis
842 803 995 841 aversio
1012 831 1022 849 ,
1045 806 1082 840 et
1114 811 1224 838 aver-

187 870 308 907 sionis
327 869 630 906 animadvcrsio.
658 869 710 904 De
730 866 906 903 secundo
926 866 939 886 ²
977 877 985 901 ε
1011 878 1029 899 «
1048 863 1120 909 Qui
1139 873 1225 910 per-

187 932 289 968 versi
321 931 451 967 cordis
484 933 552 977 est,
587 941 669 967 non
696 928 847 966 invenit
877 928 1032 965 bonum
1064 939 1073 963 :
1101 939 1118 960 r,
1148 926 1225 961 hoc

187 993 352 1040 planum
369 996 425 1029 est
443 993 484 1029 in
503 993 660 1039 invid03
678 1002 773 1028 nam
791 990 951 1027 invidus
971 1000 1054 1027 non
1076 986 1226 1025 invenit

188 1055 404 1093 bonitatem
423 1056 464 1091 in
482 1055 682 1102 proximo,
701 1054 799 1091 sicut
819 1064 890 1090 nec
913 1055 1048 1099 gustus
1062 1051 1226 1088 intectus

188 1117 421 1154 suavitatem
444 1117 486 1154 iu
515 1117 622 1153 vino.
649 1119 701 1153 De
720 1116 832 1153 tertio
855 1117 868 1138 ³
900 1129 909 1150 .·
946 1127 964 1149 «
984 1114 1227 1151 subversum

190 1183 246 1217 est
273 1190 340 1216 cor
362 1190 497 1216 meum
516 1179 558 1215 in
577 1177 831 1226 memetipsa,
851 1176 1055 1225 quoniam
1084 1174 1227 1214 amari-

190 1241 325 1279 tudine
356 1241 476 1289 plena
505 1252 594 1278 sum
618 1253 626 1277 :
649 1255 666 1276 »
698 1240 775 1277 hoc
807 1240 960 1277 clarum
990 1241 1047 1276 est
1075 1238 1116 1275 in
1150 1237 1228 1273 ira—

191 1304 342 1351 cundo;
368 1304 561 1352 quoniam
586 1303 792 1352 plenitudo
814 1300 1089 1340 amaritudinis
1119 1310 1230 1336 men-

191 1369 270 1404 tem
285 1367 368 1414 ejus
387 1366 591 1411 subvertit,
608 1365 706 1403 sicut
721 1364 929 1413 plenitudo
944 1363 1064 1401 maris
1082 1372 1229 1399 navem

191 1429 418 1477 submergit.
808 1422 815 1426 '⁷

526 1521 717 1556 Articulus
745 1521 888 1557 tertius.

239 1616 363 1653 Tertia
380 1615 578 1661 conditio,
598 1618 641 1652 ut
659 1617 755 1663 puta
772 1614 1031 1660 illuminatio,
1054 1613 1229 1659 affertur,

193 1690 283 1716 cum
303 1678 462 1716 additur
478 1691 488 1714 s
508 1679 552 1714 In
573 1680 778 1714 testimonia
794 1681 859 1713 tua
872 1688 885 1713 .·
903 1676 1040 1713 divina
1056 1686 1230 1724 namque

193 1740 416 1779 testimonia
437 1742 527 1777 sunt
542 1750 714 1788 superna
729 1739 956 1786 luminaria,
977 1738 1124 1786 quibus
1143 1738 1232 1775 illu-

193 1804 366 1840 minatur
399 1803 671 1850 intelligentia.
704 1805 747 1839 Et·
789 1804 883 1839 nota
919 1800 1142 1838 testimonia
1167 1800 1232 1837 tri-

193 1865 334 1914 partita
369 1877 377 1901 :
411 1865 596 1914 quaedam
624 1865 771 1902 scilicet
801 1864 1012 1913 exquisita,
1049 1863 1233 1912 quasdam

194 1930 404 1979 acquisita3
428 1930 612 1978 quoedam
632 1929 772 1966 infusa.
794 1929 1062 1977 Exquiruntur
1082 1927 1233 1976 quippe

193 2004 262 2041 per
292 1993 552 2040 industriam,
594 1992 851 2040 acquiruntur
881 2002 954 2039 per
987 1990 1208 2028 doctrinam
1219 2003 1230 2038 3

193 2055 456 2092 infunduntur
481 2066 552 2104 per
578 2055 756 2102 gratiam.
780 2056 832 2091 De
851 2053 990 2102 primis
1010 2055 1023 2076 a
1046 2066 1054 2090 :
1078 2066 1096 2087 «
1117 2052 1234 2090 Testi-

194 2118 331 2156 monia
355 2122 422 2155 tua
449 2117 644 2166 exquisivi
666 2130 674 2154 ε
697 2131 715 2153 »
735 2117 838 2154 illud
864 2116 970 2154 enim
998 2116 1152 2165 exquiri
1173 2115 1234 2152 di-

196 2181 310 2227 citur,
334 2181 446 2228 quod
476 2191 548 2228 per
579 2180 813 2218 industriam
850 2180 1091 2230 experiendo
1121 2180 1235 2217 disci-

196 2245 272 2282 tur.
294 2245 346 2280 De
366 2243 550 2280 secundis
580 2243 713 2291 psallit
739 2243 934 2291 Propheta
952 2243 964 2264 ⁵
990 2255 999 2280 ε
1031 2257 1048 2277 ι(
1067 2243 1234 2281 Haeredi-

197 2308 274 2343 tate
298 2305 490 2354 acquisivi
517 2306 739 2343 testimonia
765 2308 832 2343 tua
860 2318 868 2343 :
898 2320 916 2341 ›>
939 2306 1039 2343 illud
1057 2306 1234 2354 profecto

197 2369 422 2406 haereditate
451 2368 750 2416 acquisivimus,
773 2369 884 2417 quod
914 2380 960 2406 ex
987 2371 1146 2417 patrum
1173 2380 1237 2406 ca·
1270 2374 1279 2378 ‘

200 2431 439 2468 tholicorum
460 2431 640 2468 doctrina
665 2432 921 2479 suscepimus.
946 2434 996 2468 De
1025 2432 1111 2468 aliis
1135 2432 1239 2469 canit

201 2493 339 2530 eadem
370 2492 562 2540 scriptura
584 2494 598 2514 ⁶
627 2505 636 2529 :
663 2506 680 2526 «
703 2495 756 2530 Da
783 2493 880 2529 mihi
908 2493 1169 2539 intellectum,
1195 2497 1238 2530 ut

201 2554 323 2591 sciam
351 2553 573 2590 testimonia
597 2557 693 2591 tua:
719 2568 736 2588 »
761 2554 824 2591 hic
851 2555 996 2602 petitur
1020 2555 1238 2591 intellectus

202 2616 340 2664 gratia,
360 2627 432 2664 per
452 2627 575 2664 quam
592 2615 812 2654 infunditur
831 2617 1005 2655 scientia.

528 2722 717 2758 Arta-ulus
744 2723 906 2768 quartus.

251 2797 396 2851 Quarta
431 2803 633 2850 conditio,
671 2806 714 2840 ut
751 2807 843 2851 pote
887 2804 1237 2853 incontaminatio,

205 2868 459 2914 subinfertur,
475 2879 566 2904 cum
585 2866 767 2904 subditur
785 2879 792 2903 :
809 2869 856 2904 Et
876 2879 948 2904 non
967 2869 1005 2903 z‘n
1027 2870 1236 2905 avariciam.

205 2931 446 2979 Temporalis
472 2930 577 2967 enim
602 2928 767 2966 avaritia
790 2932 964 2966 mentem
985 2929 1239 2976 contaminat,

208 2994 305 3030 dum
324 2993 477 3031 veritati
496 2993 709 3030 vanitatem
728 2992 1026 3040 superseminat.
1046 2993 1153 3030 Unde
1172 3004 1241 3030 no-

208 3056 394 3102 tandum,
416 3056 527 3104 quod
551 3055 714 3092 avaritia
742 3058 800 3092 est
825 3055 1022 3100 odienda,
1049 3055 1240 3100 cavenda,

208 3118 484 3166 projicienda:
520 3118 693 3154 odienda
735 3118 908 3165 quippe,
943 3117 1038 3164 quia
1077 3117 1243 3165 impedit

209 3182 331 3218 vitam
362 3183 529 3226 naturae3
563 3180 765 3226 cavenda,
801 3180 895 3227 quia
926 3180 1091 3227 impedit
1121 3181 1242 3218 vitam

211 3244 362 3291 gratias,
383 3242 644 3291 projicienda,
661 3241 756 3290 quia
773 3241 939 3289 impedit
953 3241 1075 3279 vitam
1095 3241 1242 3289 gloriae.

213 3308 262 3343 lte
286 3305 416 3354 primo
443 3306 480 3341 ⁷:
506 3304 616 3349 «Qui
645 3303 729 3341 odit
757 3303 983 3349 avaritiam,
1012 3303 1124 3350 longi
1151 3303 1246 3341 fient

213 3368 294 3405 dies
327 3368 410 3415 ejus
444 3380 452 3404 :
487 3381 505 3403 »
540 3377 628 3405 ecce
660 3365 825 3404 avaritia
858 3365 1070 3403 audienda.
1104 3368 1155 3403 De
1187 3377 1245 3404 se-

258 3453 264 3471 ¹
302 3453 410 3493 Dent„
443 3460 548 3494 xxm,
578 3453 636 3492 18,
658 3453 710 3484 20.
744 3467 783 3475 —
817 3450 829 3469 ²
859 3453 966 3488 Prov„
999 3457 1095 3491 xvn,
1126 3452 1178 3483 20.
1204 3468 1246 3476 —

214 3499 227 3522 ³
248 3499 378 3541 Thren„
406 3509 431 3541 1,
455 3502 507 3532 20.
527 3517 568 3524 —
587 3500 600 3522 ¹·
620 3499 708 3533 psal.
730 3499 809 3540 hoc,
830 3500 880 3532 22.
905 3515 944 3523 -
967 3499 980 3521 ⁵
1007 3497 1112 3539 lbid.,
1133 3506 1185 3532 ιιι.
1208 3517 1243 3523 -

2243 220 2317 257 367

1291 303 1451 340 cundo⁸
1474 315 1481 339 ε
1509 302 1678 339 «Videte
1700 306 1736 339 et
1763 306 1896 341 cavete
1923 304 1974 341 ab
2003 303 2113 340 omni
2140 304 2318 351 avaritia,

1291 366 1386 413 quia
1414 375 1495 402 non
1522 365 1562 401 in
1591 365 1837 402 abundantia
1865 366 2100 413 cujusquam
2128 366 2208 403 vita
2238 367 2322 414 cjus

1292 429 1361 473 est,
1379 440 1396 462 »
1417 426 1563 464 scilicet
1583 427 1715 474 gratias
1735 439 1743 463 ε
1767 438 1856 464 ecce
1877 428 2040 464 avaritia
2059 429 2248 466 cavenda.
2271 432 2322 467 Dc

1292 488 1404 526 tertio
1424 490 1455 526 ⁹:
1483 504 1500 523 «
1521 489 1592 534 Qui
1611 489 1769 537 projicit
1789 489 1992 526 avaritiam
2013 500 2060 526 ex
2082 490 2291 538 calumnia,
2301 506 2319 528 »

1294 554 1331 588 et
1355 564 1363 587 ε
1385 554 1485 589 «Iste
1516 552 1557 589 in
1586 551 1748 589 excelsis
1766 551 1962 589 habitabit
1983 564 1992 589 :
2014 565 2032 587 »
2060 563 2148 590 ecce
2160 555 2324 593 avaritIa

1293 613 1552 660 projicienda.
1899 619 1904 624 '

1726 667 1899 709 Epilogus.

1343 739 1386 774 Et
1413 738 1489 775 hoc
1518 740 1593 783 est,
1628 738 1738 785 quod
1769 739 1962 786 Propheta
1995 741 2125 776 cantat
2153 739 2194 776 in
2224 738 2328 778 illi'us

1296 810 1487 848 persona,
1526 801 1592 848 qui
1633 800 1685 836 ad
1722 801 2082 838 remunerationem
2119 802 2328 840 beatorum

1297 862 1454 900 anhelat
1475 875 1484 899 :
1504 864 1666 909 Inclina,
1693 866 1887 911 quantum
1907 864 1959 900 ad
1979 864 2192 911 perfectam
2214 865 2328 902 disci-

1296 926 1574 974 plinationem,
1607 938 1695 974 quae
1722 927 1870 973 fulgere
1898 927 2017 964 debet
2051 928 2240 974 exter1u53
2266 930 2332 966 Cor

1298 1001 1434 1035 meum,
1465 992 1655 1037 quantum
1688 989 1741 1026 ad
1768 990 1986 1035 virtuosam
2019 990 2329 1038 ordinationem,

1300 1064 1380 1100 qua
1411 1053 1635 1101 disponitur
1662 1064 1730 1090 cor
1758 1053 1921 1090 interius
1935 1067 1945 1100 3
1967 1056 2007 1089 in
2029 1056 2233 1090 testimonia
2253 1059 2330 1102 tua,

1300 1117 1493 1163 quantum
1514 1115 1566 1152 ad
1585 1115 1764 1152 divinam
1783 1115 2134 1162 illuminationem,
2156 1127 2236 1163 qua
2256 1119 2331 1154 tra-

1299 1176 1404 1214 hitur
1423 1177 1623 1225 superius;
1646 1181 1679 1214 et
1698 1188 1767 1214 non
1784 1180 1824 1214 in
1839 1180 2046 1219 avaritiam,
2071 1182 2262 1226 quantum
2283 1179 2334 1216 ad

1300 1240 1517 1277 humanam
1536 1239 1975 1285 incontaminationem,
1997 1251 2077 1288 qua
2105 1251 2186 1278 non
2216 1242 2334 1279 trahi-

1301 1304 1362 1339 tur
1381 1301 1554 1339 inferius.

1677 1437 1898 1465 VERSICULUS
1923 1438 1961 1464 V.

1353 1555 1411 1590 37.
1425 1553 1556 1589 Averte
1575 1554 1690 1589 oculos
1709 1563 1815 1599 meos,
1831 1555 1903 1589 etc.
1917 1554 1967 1589 De
1977 1552 2076 1599 legis
2091 1553 2340 1600 complacen-

1304 1615 1373 1660 tia,
1390 1617 1584 1662 quantum
1604 1614 1656 1651 ad
1675 1616 1852 1652 nostram
1872 1614 2235 1659 rationabilitatem,
2263 1615 2340 1651 dis-

1305 1681 1452 1715 sertum
1472 1678 1528 1714 est
1547 1687 1618 1724 per
1644 1676 1943 1724 quaternarium
1961 1677 2268 1725 praecedentem3
2291 1679 2339 1715 de

1305 1739 1427 1788 ipsius
1456 1738 1725 1787 displicentia,
1751 1741 1944 1787 quantum
1971 1740 2024 1776 ad
2054 1743 2231 1777 nostram
2255 1741 2340 1777 ani-

1307 1802 1546 1848 malitatem,
1589 1801 1791 1838 disseritur
1828 1812 1900 1849 per
1936 1804 2180 1849 praesentem.
2224 1805 2341 1840 Porro

1307 1864 1555 1912 displicentia
1580 1864 1858 1911 hujuscemodi
1890 1866 2100 1911 generatur
2129 1875 2176 1902 ex
2203 1865 2342 1902 timore

1308 1926 1559 1975 quadruplici
1585 1939 1593 1963 ε
1623 1926 1733 1964 timet
1761 1926 1867 1962 enim
1891 1937 1942 1963 ne
1969 1927 2177 1964 occasione
2205 1927 2344 1974 legalis

1309 1988 1593 2027 observationis
1619 1988 1667 2024 sit
1691 1988 1822 2024 minus
1846 1989 2113 2034 honorabilis,
2135 1990 2265 2026 minus
2285 1989 2343 2026 af-

1307 2052 1458 2097 fabilis,
1485 2051 1616 2088 minus
1647 2050 1850 2096 amabilis,
1874 2051 2006 2087 minus
2031 2051 2282 2098 favorabilis,
2303 2056 2345 2088 ut

1310 2117 1480 2163 quatuor
1511 2114 1744 2151 subnotatur
1774 2114 1991 2151 versiculis.
2022 2116 2162 2151 Versus
2193 2115 2345 2163 primus

1308 2177 1483 2224 primum
1503 2177 1686 2214 timorem
1705 2177 1996 2224 praesupponit,
2016 2179 2058 2213 ut
2084 2177 2255 2214 ostendit
2280 2188 2346 2225 pe-

1311 2238 1414 2286 titio,
1448 2250 1570 2287 quam
1603 2238 1792 2286 proponit
1803 2252 1813 2285 3
1847 2239 2119 2287 praesupponit
2149 2239 2347 2287 siquidem

1311 2302 1506 2350 appetitus
1543 2301 1811 2348 debilitatem,
1847 2301 2059 2349 appetendi
2097 2301 2346 2348 facilitatem,

1312 2364 1537 2412 appetibilis
1563 2363 1731 2401 carnalis
1756 2363 2029 2409 inutilitatem,
2057 2366 2093 2400 et
2123 2365 2349 2412 appetibilis

1312 2426 1526 2474 spiritualis
1564 2426 1783 2462 utilitatem.
1825 2425 1934 2462 Unde
1971 2426 2066 2473 petit
2106 2426 2348 2463 debilitatem

1313 2488 1449 2534 averti,
1471 2487 1696 2524 facilitatem
1716 2488 1873 2534 reverti,
1892 2488 1942 2524 ab
1963 2488 2172 2525 inutilitate
2193 2488 2346 2535 diverti,

1313 2551 1364 2587 ad
1388 2550 1594 2589 utilitatem
1615 2549 1804 2587 converti.

1651 2655 1839 2691 Articulus
1861 2656 2013 2701 primus.

1361 2739 1561 2788 Appetitus
1581 2738 1763 2776 debilitas
1781 2741 2034 2787 presumatur,
2055 2749 2146 2775 cum
2173 2738 2315 2776 dicitur
2337 2753 2344 2777 :

1314 2804 1447 2840 Averte
1463 2803 1580 2838 oculos
1600 2812 1704 2838 meos.
1726 2803 1795 2838 Per
1812 2801 1963 2848 oculos,
1985 2811 2086 2848 quos
2101 2801 2250 2838 debiles
2266 2812 2348 2838 esse

1314 2866 1445 2903 nullus
1467 2865 1654 2912 ambigit,
1674 2864 2029 2912 concupiscentiam
2057 2864 2264 2902 oculorum
2292 2864 2349 2900 in-

1315 2929 1454 2976 telligit
1462 2941 1472 2974 3
1495 2928 1666 2975 ideoque
1685 2938 1767 2963 non
1787 2927 1958 2963 absurde
1988 2927 2147 2964 illorum
2176 2927 2347 2964 aversio-

1315 3002 1407 3028 nem
1427 2990 1559 3037 exigit.
1579 2989 1654 3027 Sed
1677 2992 1790 3036 nota,
1814 2989 1924 3037 quod
1944 2992 1999 3026 est
2019 2989 2119 3026 alius
2140 2989 2292 3034 oculus,
2314 2993 2350 3025 et

1317 3055 1395 3093 alia
1433 3053 1585 3091 aversio
1625 3053 1711 3100 ejus
1748 3064 1756 3088 :
1798 3056 1854 3089 est
1889 3053 1993 3089 enim
2033 3052 2170 3089 oculus
2209 3051 2351 3099 quovis

1317 3119 1447 3154 creato
1470 3115 1653 3163 nequior,
1677 3117 1714 3152 et
1737 3115 1947 3151 cstoculus
1964 3114 2058 3150 vino
2078 3114 2294 3162 pulchrior,
2317 3117 2353 3149 et

1319 3182 1376 3217 est
1395 3179 1533 3217 oculus
1553 3178 1635 3215 sole
1656 3177 1838 3214 lucidior.
1863 3177 2011 3213 Primus
2034 3180 2089 3213 est
2109 3176 2247 3213 oculus
2264 3187 2353 3223 pec-

1319 3241 1475 3288 catoriS,
1499 3240 1548 3277 de
1569 3251 1650 3288 quo
1668 3240 1695 3262 ¹⁰
1717 3251 1725 3275 :
1746 3239 1898 3276 «Malus
1918 3241 1973 3276 cst
1993 3238 2130 3275 oculus
2152 3248 2350 3285 nequam:

1319 3303 1489 3352 nequius
1518 3302 1634 3341 oculo
1670 3302 1769 3350 quid
1796 3304 1970 3338 creatum
2000 3301 2083 3337 est?
2103 3315 2120 3335 »
2151 3299 2353 3337 Secundus

1321 3371 1377 3405 cst
1404 3367 1544 3405 oculus
1575 3364 1851 3414 speculatoris,
1884 3363 1958 3399 sub
1991 3363 2102 3409 quus
2135 3365 2230 3411 typo
2259 3362 2354 3400 dici-

1322 3453 1334 3471 ⁰
1354 3443 1453 3492 lbidJ,
1475 3450 1544 3483 125.
1563 3465 1606 3473 —
1624 3449 1633 3468 ⁷
1653 3447 1766 3488 Prov„
1787 3454 1909 3487 xxvm,
1933 3448 1982 3479 16.
2003 3462 2045 3470 —
2069 3446 2083 3468 ³
2105 3446 2196 3486 Luc„
2214 3454 2280 3489 xii,
2302 3449 2350 3482 15.

1322 3516 1361 3523 -
1377 3499 1391 3521 ⁹
1410 3500 1488 3540 lsa.,
1509 3504 1633 3538 xxxin,
1655 3497 1704 3536 15,
1727 3496 1775 3529 16.
1794 3513 1833 3520 -
1855 3495 1880 3517 ¹⁰
1902 3493 2019 3534 Ecclt'„
2041 3502 2136 3537 xxxi,
2159 3496 2209 3527 15.
