2633 3878
50 767 174 795 Duobus

48 808 184 836 sensibus

45 849 172 875 maxime

52 888 173 916 addisci-

79 938 157 958 mus.

58 1753 139 1780 Nihil
151 1753 181 1781 in

61 1795 160 1821 noviia
170 1810 176 1814 -

48 1838 76 1863 te
82 1837 191 1863 manet.

1154 160 1323 202 CAPUT
1354 163 1385 203 l.

199 250 244 291 in
263 252 487 304 prospectu
516 253 644 301 sunt,
673 250 918 292 invenimus
943 261 1041 290 cum
1072 248 1231 289 labore.

201 322 213 343 ¹
234 321 286 361 Et
304 321 514 372 intellexi,
539 321 650 374 quod
670 333 847 374 operum
868 320 938 361 Dei
957 319 1120 360 nullam
1134 331 1231 372 pos-

201 392 254 432 sit
272 391 466 432 invenire
487 392 615 432 homo
634 391 844 432 rationem
862 405 871 431 ε
889 405 907 428 n
934 393 975 431 et
992 391 1085 431 ideo
1101 423 1111 441 ,
1135 390 1235 443 quia

201 462 391 503 difficiles
410 464 537 512 sunt,
560 462 654 504 Non
681 465 812 514 potest
841 462 960 504 homo
993 471 1063 503 eas
1093 458 1236 512 empli-

203 543 298 575 eare
336 542 534 574 sermone.
577 533 591 554 ²
623 532 757 580 «Quis
789 532 1002 573 enarrabit
1030 530 1235 571 coelorum

202 602 438 643 rationem?
458 616 477 639 n
503 602 576 643 Εἰ8
599 617 608 643 2
632 602 797 642 «Multa
824 602 1012 642 dicemus
1028 634 1037 652 ,
1069 604 1110 641 et
1137 601 1236 641 defi-

203 673 366 714 ciemus
384 673 429 712 in
449 672 618 722 verbis;
644 673 956 713 consummatio
988 682 1234 712 sermonum

203 743 292 796 ipse
326 746 389 784 est
414 743 459 783 in
477 743 689 783 omnibus.
713 756 731 779 n
760 742 856 785 Non
886 746 1141 785 saturatur:
1162 741 1236 782 Hic

204 814 390 855 secundo
410 813 618 865 tangitur,
647 812 761 865 quod
783 825 871 853 non
893 813 1069 867 implent
1098 813 1236 854 addis-

206 886 392 934 centem3
425 887 466 924 ct
495 884 595 936 quia
630 883 796 924 duobus
828 884 1022 924 sensibus
1054 884 1238 924 maxime

207 955 486 1006 addiscimus,
508 955 604 996 visu
625 955 780 995 scilicet
798 957 839 994 et
865 955 1034 1005 auditu,
1058 954 1239 995 ostendit

207 1028 320 1081 quod
346 1028 390 1068 in
411 1030 563 1068 neutro
582 1029 645 1068 est
666 1026 835 1067 satietas
853 1040 861 1066 :
885 1031 926 1067 et
945 1030 1165 1079 propterea
1183 1025 1241 1066 di-

207 1099 264 1139 cit
289 1113 297 1139 :
321 1099 417 1141 Non
446 1097 714 1141 sacmabitm·
741 1097 884 1139 oculus
913 1097 1010 1138 visu
1039 1111 1047 1137 :
1087 1097 1240 1138 «Oculi

208 1169 324 1209 enim
354 1170 366 1190 ‘¹
394 1169 621 1210 hominum
650 1168 932 1218 insatiabilcs3
961 1183 979 1205 n
1008 1169 1090 1210 Nec
1119 1169 1240 1210 auris

208 1240 407 1292 impletur
437 1239 619 1290 auditu,
655 1239 857 1292 quoniam
878 1241 940 1279 est
968 1239 1024 1278 ibi
1052 1239 1241 1291 pruritus

209 1311 410 1352 audiendi
431 1323 544 1353 nova
563 1314 604 1352 et
620 1311 807 1352 curiosa5
827 1326 835 1350 z
862 1326 881 1348 «
898 1310 962 1351 Ad
981 1322 1059 1351 sua
1078 1311 1240 1352 deside-

208 1383 272 1423 ria
297 1383 607 1423 coacervabunt
639 1383 718 1422 sibi
751 1382 977 1434 magistros
1005 1382 1242 1435 prurientes

208 1453 399 1493 auribus.
420 1467 440 1490 >³
460 1453 511 1493 Et
530 1453 635 1493 ratio
655 1453 787 1506 hujus
807 1456 869 1494 est
886 1485 896 1504 ,
916 1453 1017 1506 quia
1044 1453 1150 1494 illud
1164 1486 1175 1503 ,
1199 1453 1242 1493 in

208 1535 293 1576 quo
314 1526 377 1564 est
397 1535 499 1564 vera
519 1523 702 1573 satietaS,
725 1524 837 1576 quod
859 1535 935 1564 nec
955 1523 1102 1564 oculus
1122 1524 1238 1573 vidit,

209 1606 285 1635 nec
303 1594 418 1635 auris
435 1593 622 1645 audivit,
645 1605 722 1634 nec
742 1594 786 1633 in
806 1606 877 1634 cor
896 1593 1082 1634 hominis
1103 1605 1243 1634 ascen-

208 1664 292 1715 dit;
315 1667 356 1706 et
375 1665 490 1718 quod
504 1665 548 1705 in
567 1665 635 1705 his
656 1664 834 1705 terreniS
849 1676 936 1705 non
956 1665 1086 1717 possit
1106 1666 1236 1716 retici,

210 1736 416 1787 ostendit3
433 1735 532 1788 quia
551 1735 701 1776 oculus
721 1738 761 1776 ct
778 1735 893 1776 auris
910 1735 1002 1776 vult
1021 1747 1133 1777 nova
1152 1747 1243 1788 per-

211 1807 382 1860 cipere:
406 1807 479 1847 sed
507 1806 612 1847 nihil
648 1807 695 1846 in
727 1806 912 1847 novitate
944 1810 1105 1856 manet3
1139 1819 1243 1859 ergo

212 1878 327 1919 auris
344 1880 384 1918 et
403 1877 551 1919 oculus
571 1878 614 1917 in
634 1877 753 1918 nullo
770 1877 1014 1929 implentur.
1039 1877 1243 1930 Majorem

210 1948 428 2001 supponit,
449 1950 490 1988 et
511 1948 806 1988 manifestatur
826 1948 869 1988 in
905 1948 1080 1990 Actibus
1108 1949 1241 2000 Apos-

212 2019 389 2061 tolorum
409 2019 422 2040 ⁶
446 2033 455 2059 ε
484 2019 800 2060 «Athenienses
819 2019 872 2059 ad
897 2019 999 2058 nihil
1021 2019 1136 2059 aliud
1164 2032 1244 2060 va-

211 2090 382 2140 cabant,
411 2090 494 2130 nisi
523 2092 596 2130 aut
626 2090 789 2139 dicere,
822 2092 896 2130 aut
917 2089 1064 2130 audire
1087 2089 1245 2142 aliquid

211 2160 336 2201 novi:
357 2175 376 2199 >³
397 2161 470 2202 sed
488 2161 560 2201 hic
580 2160 776 2214 proponit
797 2160 1005 2201 minorem
1020 2193 1030 2211 ,
1056 2161 1158 2214 quia
1175 2161 1242 2201 ni-

211 2231 270 2272 hil
290 2232 418 2272 habet
435 2232 667 2273 novitatem
682 2263 692 2281 ,
724 2244 801 2272 nec
821 2234 1029 2284 quantum
1049 2232 1102 2272 ad
1125 2243 1215 2272 esse
1231 2264 1241 2282 ,

211 2315 289 2343 nec
302 2305 512 2355 quantum
531 2302 583 2343 ad
603 2303 696 2342 fieri
716 2304 962 2355 :propterea
976 2302 1075 2342 dicit
1095 2317 1103 2342 :
1132 2302 1246 2349 Quid

213 2376 274 2415 est
301 2372 413 2425 quod
442 2373 530 2423 fuit
549 2374 570 2412 ⁴?
593 2372 769 2425 quaerit,
793 2375 831 2413 et
863 2373 953 2425 ipse
984 2373 1209 2425 respondet
1233 2387 1241 2413 z

212 2445 358 2496 Ipsum
387 2443 500 2496 quod
523 2444 719 2494 futurum
747 2446 806 2486 θεῖ
833 2456 847 2484 .·
875 2455 978 2495 ergo
1010 2456 1035 2483 a
1066 2443 1245 2496 simplici

212 2526 437 2564 conversa,
460 2514 574 2567 quod
594 2515 784 2555 futurum
806 2516 894 2564 est,
918 2513 1010 2554 suit.
1036 2513 1167 2554 Aliter
1186 2525 1246 2554 se-

212 2585 358 2638 quitur
378 2599 387 2625 :
413 2585 528 2634 Quid
549 2589 610 2628 θεῖ
629 2585 741 2638 quod
770 2586 932 2637 factum
951 2587 1011 2627 θεῖ
1026 2585 1046 2625 P
1066 2584 1247 2637 Respon-

212 2656 313 2697 det:
348 2657 496 2709 Ipsum
528 2656 642 2709 quod
676 2656 924 2707 faciendmn
956 2659 1016 2698 θεῖ
1036 2668 1049 2696 .·
1082 2667 1188 2708 ergo
1222 2669 1246 2696 a

213 2727 391 2780 simplici
411 2739 638 2776 conversa,
664 2728 776 2780 quod
798 2727 1037 2769 faciendum
1059 2729 1142 2776 est,
1165 2727 1246 2767 fac-

214 2800 308 2838 tum
326 2800 402 2838 est.
426 2797 477 2838 Et
497 2810 553 2855 ex
570 2798 650 2838 hoc
671 2798 906 2849 concludit,
930 2797 1072 2838 dicens
1091 2811 1100 2838 :
1124 2797 1245 2839 Nihil

214 2868 291 2909 sub
307 2867 391 2910 sole
410 2878 593 2920 novum,
608 2880 681 2911 nec
701 2869 810 2911 valet
831 2869 1060 2921 quisquam
1080 2867 1246 2910 dicere.-

215 2940 324 2980 Ecce
352 2939 426 2980 hoc
445 2949 586 2981 recens
616 2943 690 2981 est.
725 2939 840 2991 Ergo
866 2951 943 2980 nec
975 2939 1138 2989 dicere,
1170 2951 1247 2980 nec

217 3009 364 3050 audire
377 3009 534 3062 aliquid
545 3010 647 3051 novi
661 3024 670 3060 ;
690 3012 730 3050 et
743 3009 916 3062 replicat
926 3009 1218 3062 probationem
1235 3024 1243 3049 :

216 3079 312 3122 Jam
333 3080 447 3121 enim
462 3082 767 3132 praecesserunt
786 3080 835 3122 z'n
853 3080 1020 3122 soeculz‘s
1040 3090 1134 3132 quse
1150 3080 1247 3131 sue-

217 3154 321 3194 runt
345 3153 442 3194 ante
453 3152 568 3193 ηοε.7
588 3165 607 3189 «
623 3150 687 3192 Ex
705 3162 789 3203 quo
799 3152 942 3204 patres
955 3150 1245 3202 dormierunt,

217 3223 364 3264 omnia
384 3223 444 3264 sic
462 3225 749 3277 perseverant.
761 3237 779 3261 n
800 3225 856 3274 (v.
876 3223 939 3275 11)
955 3222 1049 3266 Non
1063 3226 1125 3265 est
1134 3223 1250 3275 prio-

218 3304 314 3336 rum
333 3296 550 3338 memoria.
575 3293 651 3335 Hic
663 3294 857 3346 tangitur
876 3295 1000 3336 tertio
1013 3325 1026 3345 ,
1049 3293 1163 3347 quod
1182 3306 1249 3335 res

266 3401 276 3422 ¹
297 3401 371 3442 Hic,
398 3410 478 3443 vm,
507 3404 556 3434 Π.
577 3420 617 3426 -
642 3403 653 3421 ²
677 3401 754 3441 Joh,
780 3408 934 3441 xxxvni,
956 3402 1007 3433 37.
1027 3418 1068 3424 -
1094 3401 1106 3419 ³
1131 3400 1249 3442 Eccli.,

220 3455 324 3487 mn,
346 3451 399 3484 29.
415 3466 456 3472 ——
477 3450 487 3468 ⁴
508 3450 618 3488 Prov„
644 3457 753 3490 xxvu,
773 3451 824 3482 20.
842 3465 883 3471 —
900 3448 912 3469 ὓ
930 3449 955 3479 Η
980 3448 1076 3488 Tim„
1096 3454 1142 3487 iv,
1161 3449 1191 3479 3.
1212 3464 1251 3470 —-

380 3519 478 3549 Tou.
508 3515 567 3548 ix.

2261 166 2338 204 593

1310 262 1396 291 non
1420 252 1667 304 permanent
1685 251 1737 291 ad
1759 251 2108 302 memorandum,
2133 251 2234 304 quia
2251 264 2341 293 om-

1310 321 1380 360 nia
1400 321 1628 362 traduntur
1646 320 1870 371 oblivioni;
1891 321 2004 362 unde
2023 322 2121 364 dicit
2139 336 2147 362 :
2170 322 2264 364 Non
2281 325 2341 364 θεῖ

1307 392 1503 444 priorum
1523 392 1749 442 memoria,
1783 391 1938 432 scilicet
1965 392 2078 444 apud
2100 404 2178 432 nos
2198 395 2342 444 poste-

1310 463 1457 503 riores.
1477 464 1490 485 ⁸
1516 478 1535 501 (ι
1555 461 1719 503 Nomen
1740 464 1933 502 nostrum
1956 462 2212 504 oblivionem
2235 463 2340 504 acci-

1311 532 1396 584 piet
1411 545 1484 584 per
1500 536 1670 585 tempus
1680 565 1689 583 ,
1708 535 1750 573 et
1763 544 1890 573 nemo
1904 532 2076 573 habebit
2092 534 2341 574 memoriam

1311 614 1487 654 operum
1508 606 1764 644 nostrorum.
1784 617 1803 641 n
1831 603 1882 645 Et
1906 603 2014 644 sicut
2042 605 2104 644 est
2123 604 2166 643 in
2187 606 2342 656 praete-

1311 673 1430 723 ritis,
1453 673 1510 713 ita
1538 676 1580 713 et
1606 674 1779 724 futuris;
1809 674 1922 715 unde
1953 674 2096 715 subdit
2118 688 2126 715 :
2151 673 2239 716 Sed
2272 684 2344 716 nec

1313 755 1453 787 eoram
1478 744 1676 797 quidem,
1710 755 1805 797 quoe
1828 749 1923 797 post
1942 746 2092 797 futura
2113 748 2235 795 sunt,
2261 745 2344 787 eric

1314 815 1552 859 recordatio
1576 815 1694 867 apud
1717 825 1803 866 eos,
1831 817 1908 868 qui
1929 817 2070 867 futuri
2089 821 2190 859 sunt
2210 817 2259 858 in
2275 826 2346 858 no-

1315 887 1513 937 vissimo,
1536 886 1577 926 id
1599 888 1683 935 est,
1711 885 1964 938 posteriores
1988 898 2076 927 non
2104 889 2228 927 erunt
2256 898 2345 927 me-

1316 968 1455 997 mores
1469 956 1676 1009 priorum,
1690 958 1731 996 et
1743 956 1823 996 hoc
1835 958 2008 1009 propter
2026 958 2211 1010 tempUS,
2233 956 2346 1009 quod

1315 1027 1475 1068 inducit
1493 1028 1766 1070 oblivionem.
1779 1031 1793 1053 ⁹
1819 1028 2008 1070 «Futura
2027 1031 2220 1082 tempora
2237 1027 2345 1069 obli-

1315 1098 1440 1140 vione
1459 1101 1609 1139 cuncta
1626 1099 1817 1152 operient
1836 1114 1855 1137 >)

1371 1168 1585 1217 Quaeritur
1603 1169 1654 1210 de
1673 1169 1773 1220 hoc,
1802 1169 1916 1222 quod
1947 1169 2069 1210 dicit:
2096 1169 2263 1213 Cunctoe
2282 1180 2349 1212 ‘res

1317 1241 1522 1293 difficiles
1539 1257 1548 1292 3
1572 1241 1725 1282 Contra
1748 1255 1756 1283 :
1781 1240 1913 1282 Multa
1934 1243 2055 1292 sunt,
2077 1253 2263 1294 quorum
2285 1253 2351 1282 co·

1319 1313 1456 1364 gnitio
1475 1297 1796 1353 est⁸communis
1818 1311 1963 1361 nobis,
1992 1314 2033 1352 et
2054 1311 2191 1352 brutis
2215 1326 2224 1352 :
2245 1323 2350 1364 ergo

1317 1396 1403 1425 non
1432 1386 1495 1424 est
1524 1384 1693 1424 difficile
1723 1383 1888 1425 homini
1921 1394 2198 1435 cognoscere,
2235 1382 2351 1436 quod

1318 1455 1535 1507 cognoscit
1553 1454 1704 1495 bestia.
1729 1454 1833 1495 Item
1847 1455 2046 1508 quaedam
2063 1457 2177 1505 sunt,
2199 1454 2242 1494 in
2259 1454 2352 1507 qui-

1318 1525 1399 1566 bus
1417 1537 1504 1566 non
1522 1525 1722 1567 convenit
1741 1537 1906 1576 errare,
1922 1527 2031 1566 sicut
2048 1525 2092 1565 in
2107 1524 2352 1576 cognitione

1318 1595 1604 1646 sensibilium,
1629 1597 1731 1649 quia
1758 1608 1907 1637 sensus
1934 1609 2021 1638 non
2050 1596 2211 1637 fallitur
2242 1596 2353 1637 circa

1318 1666 1539 1719 proprium
1567 1667 1807 1719 objectum;
1830 1669 1871 1708 et
1893 1667 2201 1720 principiorum
2220 1667 2350 1708 intel-

1318 1737 1550 1789 ligibilium
1564 1769 1575 1787 ,
1599 1738 1708 1779 sicut
1734 1738 1994 1790 dignitatum
2018 1752 2027 1778 :
2050 1740 2091 1779 et
2109 1737 2209 1778 talia
2230 1738 2350 1779 facile

1318 1810 1380 1848 est
1399 1820 1669 1860 cognoscere.
1694 1809 1799 1850 Item
1825 1809 1927 1862 quid
1955 1811 2040 1860 est,
2071 1809 2185 1862 quod
2216 1809 2345 1851 dicit:

1318 1880 1413 1921 Non
1443 1882 1579 1932 potest
1614 1880 1734 1923 homo
1766 1891 1836 1922 eas
1873 1881 2087 1934 empticare
2126 1882 2349 1924 sermone-P

1318 1949 1498 1992 Facilius
1515 1955 1576 1993 est
1595 1952 1760 1993 homini
1777 1952 1916 2005 loqui,
1938 1964 2068 2005 quam
2089 1951 2218 1993 alicui
2239 1965 2351 1994 crea-

1319 2024 1427 2062 turae
1446 2022 1565 2063 facile
1585 2026 1647 2063 est
1666 2022 1832 2076 operari
1855 2037 1864 2063 ε
1893 2034 2001 2075 ergo
2021 2023 2056 2062 si
2083 2022 2209 2063 alicui
2237 2035 2354 2064 crea-

1320 2096 1427 2134 turae
1448 2094 1567 2135 facile
1585 2096 1648 2134 est
1668 2094 1857 2146 operari,
1875 2105 1983 2145 ergo
2000 2093 2165 2134 homini
2181 2097 2243 2135 est
2257 2107 2354 2148 ope-

1319 2163 1527 2205 rationem
1547 2165 1638 2217 ejus
1659 2164 1823 2205 facilius
1851 2165 2077 2217 explicare.
2105 2164 2352 2218 Respondeo

1319 2233 1569 2286 dicendum,
1590 2235 1705 2288 quod
1725 2237 1786 2276 est
1805 2247 2063 2287 cognoscere
2088 2236 2319 2289 semiplene
2335 2267 2348 2289 ,

1319 2308 1362 2345 ul
1395 2306 1564 2357 quando
1592 2306 1866 2357 cognoscitur
1894 2306 2129 2347 secundum
2154 2307 2349 2349 acciden-

1320 2374 1408 2425 tia,
1437 2375 1505 2416 vel
1536 2376 1770 2417 secundum
1801 2376 1990 2430 aliquam
2022 2377 2346 2430 operationem3

1319 2447 1381 2485 est
1401 2445 1555 2486 iterum
1575 2458 1829 2498 cognoscere
1846 2448 2050 2500 perfecte,
2083 2450 2125 2488 et
2149 2447 2219 2489 ille
2247 2460 2350 2501 per-

1319 2518 1422 2558 fecte
1441 2520 1673 2571 cognoscit,
1688 2520 1763 2573 qui
1780 2520 1901 2573 plene
1917 2520 2036 2562 novit
2051 2520 2347 2574 substantiam,

1319 2588 1549 2641 virtutem,
1571 2593 1613 2632 et
1633 2591 1945 2644 operationem,
1969 2594 2011 2632 et
2036 2603 2203 2643 causas,
2225 2594 2266 2633 et
2285 2603 2351 2633 ra-

1318 2660 1452 2701 tIOnes
1472 2660 1547 2701 rei.
1571 2661 1621 2702 Et
1640 2662 1741 2714 quia
1759 2662 1898 2703 virtus
1914 2665 1976 2703 est
1997 2663 2179 2714 occulta,
2195 2665 2236 2704 et
2255 2664 2351 2705 sub-

1320 2731 1473 2771 stantia
1494 2733 1656 2773 remota
1683 2745 1709 2773 a
1729 2732 1883 2773 nostris
1910 2732 2130 2784 sensibus,
2152 2736 2194 2774 et
2212 2745 2350 2775 causae

1321 2800 1500 2842 ulterius
1520 2802 1683 2854 magiS,
1708 2805 1749 2843 et
1775 2805 1917 2844 nostra
1936 2803 2127 2855 cognitio
2156 2803 2303 2857 incipit
2327 2816 2352 2844 a

1320 2869 1542 2920 sensibus3
1566 2870 1659 2911 ideo
1680 2871 1845 2911 cunctae
1876 2882 1944 2912 res
1962 2870 2085 2911 nobis
2115 2873 2214 2912 sunt
2241 2871 2349 2912 diffl-

1320 2939 1433 2980 cileS.
1461 2939 1581 2989 Quod
1599 2951 1704 2993 ergo
1723 2940 1923 2994 objicitur
1942 2972 1952 2989 ‚
1975 2941 2089 2994 quod
2115 2940 2259 2994 aliqua
2287 2952 2352 2982 co-

1323 3010 1572 3062 gnoscimus
1593 3023 1689 3053 cum
1710 3011 1873 3063 brutis,
1895 3023 2049 3053 verum
2070 3014 2134 3051 est
2161 3011 2353 3064 aliquali-

1321 3083 1409 3132 ter,
1441 3084 1489 3122 ut
1522 3082 1637 3135 quod
1674 3082 1754 3123 hoc
1788 3085 1852 3123 est
1874 3093 2097 3132 amarum;
2124 3081 2196 3122 sed
2229 3081 2352 3134 plene

1321 3152 1429 3193 nihil
1439 3153 1656 3205 cognoscit
1669 3152 1721 3205 (a)
1732 3184 1739 3193 .
1755 3151 1959 3193 Similiter
1968 3153 2080 3205 patet
2093 3152 2326 3194 secundum
2338 3168 2348 3204 ;

1324 3223 1425 3276 quia
1445 3223 1679 3264 secundum
1699 3222 1814 3275 quod
1834 3222 2052 3273 sensibile,
2077 3225 2140 3263 est
2158 3223 2354 3264 manifes-

1327 3295 1431 3334 tum.
1456 3292 1535 3333 Per
1563 3292 1643 3333 hoc
1661 3293 1788 3333 etiam
1808 3294 1921 3345 patet
1952 3292 2005 3333 ad
2026 3304 2206 3345 sequens
2220 3325 2230 3343 ,
2252 3293 2354 3347 quia

1325 3401 1336 3418 ⁰
1356 3399 1440 3437 Act„
1465 3405 1548 3438 xvii,
1569 3400 1620 3429 21.
1643 3415 1680 3420 —
1702 3399 1711 3417 7
1739 3399 1763 3429 Η
1790 3397 1892 3438 Pelia,
1919 3406 1970 3439 111,
1995 3400 2025 3430 4.
2043 3416 2084 3422 -
2105 3398 2119 3421 8
2135 3399 2228 3441 Sap„
2249 3407 2296 3439 11,
2323 3402 2351 3432 4.

1326 3463 1364 3470 —
1383 3446 1396 3466 ⁹
1415 3445 1487 3484 Hic,
1510 3452 1552 3485 11,
1577 3446 1625 3476 16.
1641 3461 1682 3467 —
1701 3444 1747 3485 (a)
1766 3445 1839 3485 ch.
1861 3445 2086 3486 cognoscitur.

2140 3508 2191 3546 38

2370 1262 2514 1291 Dubium.

2388 1619 2500 1645 Sensus

2372 1667 2430 1685 non
2441 1659 2514 1685 falli-

2372 1700 2419 1726 tur
2432 1699 2510 1726 eirea

2382 1741 2493 1776 propri-

2378 1790 2432 1808 um
2446 1782 2498 1809 ob-

2376 1822 2501 1858 jectum.

2369 2468 2499 2501 Cognos-

2371 2516 2435 2536 cere
2448 2515 2512 2543 pcr-

2401 2549 2474 2576 secte

2370 2590 2437 2624 quis
2462 2588 2506 2615 di-

2394 2632 2485 2657 catur.
