2633 3878
249 312 328 352 692

291 399 421 432 tionem
443 395 685 429 commendant
701 394 757 435 (α).
775 395 886 432 Quare
903 392 1054 435 angelica
1064 391 1176 424 minis-

289 445 390 478 tratio
410 453 480 476 non
502 443 662 475 omnibus
680 441 835 484 proficiat
854 441 912 482 (α).

250 493 348 532 Quod
364 500 423 523 sex
439 493 574 523 montes
587 491 739 522 Christus
751 488 940 522 transilivit.
957 489 1007 519 De
1026 486 1174 519 ternario

291 548 448 572 numero.
461 538 560 576 Quod
577 537 729 570 Christus
748 536 866 568 dicitur
883 535 992 576 panis,
1009 534 1127 565 vinum
1143 536 1177 565 ct

291 587 416 619 oleum.
438 586 564 618 Eadem
585 585 650 617 dici
670 588 814 625 possunt
832 583 934 615 etiam
961 582 1003 613 de
1026 581 1092 613 fide
1115 581 1173 622 (a).

290 634 378 667 Solis
397 632 596 674 significatio
617 632 807 673 multiplex.

250 681 431 720 Quomodo
448 681 538 712 Deus
549 681 646 711 Pater
662 679 776 710 omnia
785 677 886 709 faciat
898 685 960 718 per
976 675 1100 708 Filium
1114 676 1172 715 (α).

290 729 340 759 1)6
359 726 546 768 piscatione
567 726 720 757 instituta
738 734 758 757 a
774 724 907 756 Christo
931 724 984 763 ((1).
1005 722 1104 760 Quod
1120 722 1176 753 tri-

289 775 353 806 bus
369 774 481 806 modis
501 775 591 805 Deus
607 781 747 804 manum
763 780 859 803 suam
878 770 987 811 aperit
1003 770 1061 810 (α).
1078 769 1177 807 Quod

289 830 360 853 non
377 830 444 852 uno
462 820 564 852 modo
587 821 676 851 Deus
694 819 844 860 loquitur
858 818 1052 855 nobiscum,
1067 819 1100 847 et
1113 825 1176 847 005

290 877 369 899 cum
384 876 439 899 eo.
457 867 556 905 Quod
575 867 642 898 duo
657 868 735 898 sunt
749 865 826 897 libri
840 866 902 907 (α).
921 863 1019 901 Quod
1033 863 1175 903 quisque

289 914 392 946 debet
410 923 569 946 accusare
594 913 764 955 praecipue
792 912 954 953 seipsum.
988 911 1036 943 De
1069 909 1175 942 tribus

290 962 470 1003 speciebus
488 971 586 994 vanae
606 961 739 1002 gloriae.

250 1008 466 1050 Confitemini
502 1009 655 1045 Domino,
686 1010 718 1039 et
755 1006 913 1043 invocate,
945 1004 1071 1036 Psalm.
1102 1005 1171 1035 104.

291 1056 483 1098 Quotuplici
498 1056 630 1088 ratione
647 1054 759 1096 angeli
772 1054 910 1086 laudent
925 1053 1034 1084 Deum
1051 1051 1109 1093 ((1).
1127 1052 1175 1082 De

289 1107 391 1136 cantu
415 1103 567 1136 Alleluia.

249 1151 298 1183 De
317 1151 493 1192 multiplici
513 1150 609 1181 laude
631 1150 703 1181 Dei.
734 1148 854 1188 Fides,
881 1155 960 1187 spes
979 1149 1014 1178 et
1032 1145 1178 1178 charitas

290 1198 326 1229 in
349 1198 413 1229 hac
439 1197 508 1229 vita
527 1196 717 1238 peregrinae
738 1196 797 1237 (α).
821 1193 915 1227 Ferri
938 1193 981 1233 ((1)
1001 1192 1177 1240 multiplex

290 1244 505 1286 significatio.
543 1244 594 1276 Ad
627 1252 703 1284 quae
737 1243 926 1276 inflammet
962 1243 1177 1285 potissimum

291 1292 434 1332 Spiritus
455 1292 612 1325 Sanctus.
630 1291 729 1329 Quod
745 1292 876 1331 septem
896 1294 974 1323 sunt
993 1291 1028 1322 in
1045 1294 1178 1331 tempo-

289 1339 430 1379 ralibus,
447 1348 523 1380 quae
542 1338 700 1370 homines
718 1340 894 1380 appetunt.
912 1339 994 1371 Auri
1014 1338 1178 1379 significa·

289 1386 338 1418 tio
357 1386 547 1427 multiplex.

249 1433 348 1472 Quod
366 1442 426 1465 vas
444 1433 660 1474 fragilitatem
687 1432 852 1474 significat
886 1432 943 1473 (b).
974 1433 1022 1464 De
1052 1433 1176 1473 triplici

289 1481 476 1522 theologia.
496 1481 564 1512 Lex
583 1480 695 1522 Moysi
713 1480 836 1512 umbra
848 1480 911 1512 fuit
924 1489 1024 1512 novae
1048 1479 1145 1522 legis.

251 1527 464 1569 Confilemim'
482 1528 633 1566 Domino,
651 1529 805 1568 quoniam
831 1527 941 1569 bonus,
958 1528 1082 1559 Psalm.
1106 1529 1175 1560 105.

291 1576 382 1607 Deus
405 1575 527 1607 dicitur
543 1575 656 1606 bonus
675 1574 920 1615 multipliciter.

248 1623 383 1655 Peccati
415 1626 449 1654 et
483 1622 669 1663 iniquitatis
699 1622 894 1654 discrimen.
928 1623 976 1654 De
1012 1622 1179 1664 polyono-

289 1672 381 1701 mate
405 1670 463 1708 (α).
496 1670 546 1701 Β6
575 1669 755 1709 multiplici
782 1669 896 1702 oculo.
925 1670 1023 1707 Quod
1054 1670 1178 1710 triplici

289 1726 392 1749 seusu
408 1717 514 1749 homo
542 1717 741 1757 redemptus
764 1717 900 1748 dicitur.
930 1718 980 1748 De
1011 1726 1113 1748 sensu
1147 1720 1179 1749 ct

290 1765 412 1797 affeetu
431 1764 601 1804 hominis,
630 1767 664 1795 et
689 1764 731 1795 de
758 1764 927 1795 divisione
959 1773 1091 1796 eorum.
1112 1764 1179 1796 101-

289 1813 370 1844 mici
387 1815 468 1851 tres,
488 1821 508 1843 a
527 1812 650 1852 quibus
662 1811 726 1843 tria
740 1814 960 1852 peccatorum
979 1820 1118 1851 genera.

250 1859 466 1900 Confitemim'
483 1859 635 1897 Domino,
655 1859 812 1899 quoniam
829 1857 942 1895 bonus,
965 1859 1089 1889 Psalm.
1106 1860 1177 1890 106.

291 1907 390 1944 Quod
414 1905 568 1937 binarius
597 1914 761 1937 numerus
786 1905 988 1945 plerumque
1015 1905 1180 1946 significat

291 1952 515 1990 charitatem,
537 1952 742 1993 quandoque
763 1953 878 1982 tamen
905 1951 980 1983 alia.
1003 1953 1101 1989 Quod
1125 1954 1181 1984 tri·

290 2000 370 2040 plex
389 2001 440 2031 est
458 1999 555 2039 origo
574 1998 781 2030 tentationis.
804 1998 903 2035 Quod
921 1998 987 2029 tria
1005 1999 1180 2031 hominem

291 2048 326 2079 in
341 2047 500 2088 praesenti
515 2046 707 2086 impediunt
720 2046 775 2085 (α).
794 2045 1089 2085 Concupiscentiae
1102 2056 1182 2088 qua-

289 2098 368 2126 tuor
399 2103 538 2135 genera.
563 2093 662 2131 Quod
684 2092 790 2124 homo
809 2101 872 2132 per
899 2094 1093 2133 superbiam
1111 2095 1180 2135 lap-

290 2152 368 2183 sus,
394 2151 456 2183 per
475 2142 576 2174 aliam
594 2142 687 2173 viam
703 2150 882 2182 resurgere
902 2141 1014 2173 debet.
1039 2143 1097 2174 Est
1122 2143 1180 2175 de-

290 2199 431 2221 scensus
446 2198 467 2221 a
477 2189 549 2221 vita
563 2188 828 2230 contemplativa
838 2189 879 2220 ad
888 2189 1047 2231 activam,
1063 2199 1126 2222 nec
1137 2193 1182 2223 ta-

290 2245 371 2268 men
390 2236 517 2277 lapsus.

250 2284 299 2315 De
327 2284 462 2316 diversa
499 2281 745 2324 significatione
780 2283 890 2315 navis.
922 2284 1074 2321 Quatuor
1105 2287 1183 2317 suut

291 2340 368 2371 quae
396 2330 520 2363 Christi
549 2329 752 2369 discipulum
778 2331 1022 2362 commendant
1049 2331 1107 2371 (α).
1134 2332 1182 2363 De

290 2378 414 2419 triplici
432 2378 593 2409 clamore.
610 2377 708 2414 Quod
723 2380 863 2417 peccata
878 2378 1032 2417 quamvis
1045 2387 1181 2419 magna,

290 2424 397 2456 multa
416 2427 450 2456 et
468 2424 591 2464 turpia,
611 2424 803 2455 remedium
831 2424 1024 2465 admittunt,
1042 2427 1086 2464 2et
1107 2426 1182 2466 qui-

292 2472 371 2503 dem
394 2471 518 2512 triplex
542 2471 597 2510 (α).
619 2471 668 2502 Ι)6
689 2470 811 2511 triplici
830 2471 933 2502 bello.

250 2519 411 2550 Paratum
438 2527 493 2549 cor
514 2527 636 2558 meum,
656 2517 758 2558 Deus,
778 2517 902 2549 Psalm.
935 2519 1005 2551 107.
1026 2519 1076 2551 De
1104 2528 1184 2552 con-

292 2566 439 2598 fessione
460 2564 530 2597 oris
551 2567 585 2596 et
602 2564 727 2597 cordis.

251 2614 300 2645 De
337 2613 515 2645 inventore
550 2611 666 2644 annuli
679 2636 689 2652 ,
723 2613 757 2643 et
787 2612 860 2653 ejus
888 2621 964 2643 usu.
995 2613 1120 2645 Civitas
1150 2614 1184 2646 10

291 2663 409 2692 monte
430 2660 578 2692 Ecclesia
599 2662 663 2699 est,
681 2659 777 2700 cujus
795 2659 1056 2692 fundamentum
1074 2662 1184 2693 Chris-

293 2710 357 2747 tus,
374 2716 511 2739 necnon
532 2715 663 2744 muruS,
685 2708 717 2738 et
732 2706 847 2744 turris,
869 2709 902 2738 et
920 2710 1030 2747 porta,
1052 2711 1085 2739 et
1105 2718 1185 2740 cus-

292 2757 363 2795 tos;
383 2764 486 2796 quam
506 2754 610 2786 etiam
638 2753 785 2785 laetificat
815 2754 942 2785 flumen
959 2763 1037 2785 cum
1056 2756 1184 2797 rivulis,

292 2802 474 2842 praesentia
494 2801 621 2833 scilicet
640 2810 679 2832 ac
699 2800 791 2832 dona
810 2800 954 2841 Spiritus
976 2802 1083 2833 sancti
1105 2803 1161 2843 (α).

250 2849 352 2889 Deus,
372 2848 505 2880 laudem
532 2858 638 2880 meam
658 2857 697 2878 ue
716 2848 874 2888 tacueris,
896 2847 1019 2879 Psalm.
1043 2851 1112 2881 108.
1136 2851 1183 2881 Ι)6

291 2896 399 2927 tribus
423 2896 605 2936 generibus
623 2896 857 2936 peccatorum.
890 2896 938 2926 De
966 2895 1091 2936 duplici
1111 2906 1185 2928 ora-

291 2942 385 2974 tione
405 2942 542 2974 Christi.

252 2990 300 3021 De
320 2989 444 3030 triplici
469 2989 554 3020 vitio
585 2989 622 3027 (c)
643 3012 650 3027 ‚
677 2994 816 3029 peccato
843 2993 877 3021 et
900 2989 1065 3022 remedio.
1087 2991 1185 3028 Quod

292 3039 438 3078 quatuor
455 3036 567 3068 modis
588 3045 690 3076 super
710 3036 859 3076 aliquem
887 3037 1042 3069 diabolus
1061 3039 1185 3070 600511-

292 3084 408 3116 tuitur.
424 3082 617 3124 Quotuplici
630 3082 733 3115 modo
751 3082 860 3114 oratio
875 3083 932 3113 fiat
943 3083 978 3114 in
991 3088 1182 3124 peccatum.

292 3132 342 3162 De
358 3130 536 3171 multiplici
554 3138 671 3162 usura.
701 3131 749 3161 De
776 3129 954 3169 multiplici
977 3131 1096 3170 spiritu
1116 3132 1181 3173 (d).

293 3178 392 3215 Quod
410 3181 590 3219 peccatum
616 3177 654 3210 fit
682 3176 960 3218 quadrupliciter.
990 3179 1039 3209 De
1068 3179 1184 3211 multi-

291 3225 371 3265 plici
391 3225 542 3266 cingulo.

250 3271 351 3304 Dixit
369 3273 530 3303 Dominus
551 3272 690 3303 Domino
708 3281 793 3310 mee,
815 3271 938 3304 Psalm.
962 3274 1034 3304 109.
1062 3272 1181 3305 Dicere

293 3320 326 3350 et
337 3318 464 3351 Sedere
477 3318 589 3349 multis
600 3317 710 3349 modis
721 3318 948 3358 accipiuntur.
962 3319 1070 3349 Donec
1088 3319 1183 3359 quin—

293 3373 358 3405 que
372 3365 483 3397 modis
498 3364 673 3405 accipitur.
695 3365 743 3396 De
761 3365 937 3405 multiplici
958 3365 1179 3406 subjectione.
1228 3377 1234 3382 ·

250 3413 386 3444 Nomen
417 3411 624 3451 Principium
648 3411 762 3444 mulus
786 3412 898 3444 modis
931 3413 1107 3454 accipitur.
1144 3415 1181 3446 10

294 3459 464 3492 oblatione
485 3462 629 3501 quatuor
647 3460 851 3493 necessaria.

1233 300 1404 344 INDEX.

1219 439 1278 470 279

1218 627 1277 659 280

1220 1099 1277 1130 281

1222 1387 1239 1416 Ν)

1243 1387 1281 1417 ἱῖἐ

1222 1577 1282 1608 283

1223 1814 1282 1845 284

1225 2240 1284 2271 285

1228 2569 1287 2600 286

1228 2947 1287 2977 287

288 3567 330 3601 (α)
346 3570 408 3595 Hoc
420 3576 479 3595 non
492 3568 602 3595 habeut
614 3570 677 3596 cot.
690 3568 759 3596 edit.
773 3582 807 3590 —
820 3568 858 3602 (b)
875 3571 937 3595 Hoc
949 3569 1026 3596 refer
1040 3569 1076 3596 ad
1091 3569 1198 3596 Psalm.
1216 3571 1244 3604 2,
1259 3572 1284 3597 9.

252 3623 287 3631 --
300 3608 337 3644 (c)
351 3609 436 3638 Edit.
456 3609 525 3637 Ven.
538 3609 618 3637 vino.
632 3624 665 3630 —
681 3610 728 3644 (d)
756 3611 817 3638 Hoc
838 3610 912 3637 refer
932 3610 968 3636 ad
994 3611 1100 3645 psalm.
1125 3613 1185 3645 150,
1212 3614 1237 3639 ὓ.
1253 3627 1284 3632 -

1353 392 1541 433 confitebor
1559 391 1634 433 tihi,
1659 394 1811 434 Domine,
1831 393 1953 426 Psalm.
1974 396 2045 426 110.
2069 396 2119 427 1)6
2143 397 2276 430 confes-

1393 439 1487 471 sione
1506 439 1617 471 cordis
1636 443 1670 471 et
1699 440 1778 472 oris.
1804 440 1990 472 Consilium
2008 441 2198 482 multiplex.
2226 445 2275 476 Dc

1392 486 1621 526 magnitudine
1638 486 1885 527 Redemptoris‚
1903 487 2070 528 redempti
2089 497 2224 530 quoque
2245 493 2278 522 et

1393 533 1649 574 redemptionis.
1677 535 1725 565 De
1762 542 1863 566 causa
1895 534 1985 566 finali
2016 538 2050 567 et
2078 537 2255 570 materiali.

1394 581 1544 613 Christus
1558 581 1680 613 missus
1694 583 1744 613 est
1757 581 1800 613 ad
1813 582 1951 614 Judoeos
1968 582 2088 623 triplici
2105 583 2146 615 de
2164 594 2275 618 causa.

1394 628 1492 666 Quod
1512 629 1671 661 voluntas
1700 629 1787 670 sigui
1817 630 1857 671 (e)
1884 629 2004 661 dicitur
2033 630 2181 672 quinque
2202 642 2277 665 mo-

1395 675 1458 706 dis.

1354 723 1451 760 Quod
1465 723 1660 763 justificatio
1681 723 1834 756 consistit
1861 723 1896 755 iu
1923 723 2069 756 duobus.
2090 725 2138 757 De
2158 725 2279 759 timore

1395 770 1507 801 servili
1537 773 1570 802 et
1597 770 1725 803 initiali.
1746 771 1844 803 Fides
1872 780 1943 803 uon
1971 780 2032 812 pro
2059 773 2194 814 merito,
2217 774 2276 806 sed

1393 818 1519 858 praevie
1539 818 1581 850 ad
1599 819 1721 850 merita
1739 819 1837 851 datur
1860 818 1915 859 ((ι).

1352 865 1473 896 Beatus
1505 865 1556 896 vir·
1583 866 1640 906 qui
1679 866 1773 896 timet
1813 866 2009 906 Dominum,
2047 866 2169 900 Psalm.
2209 870 2281 900 111.

1395 913 1509 945 Sancti
1536 913 1664 945 habent
1691 913 1894 945 hilaritatem
1924 913 1959 944 iu
1984 913 2103 948 tribus.
2129 915 2283 953 0116116-

1395 961 1485 993 ciant
1515 961 1690 993 hominem
1719 962 1858 993 beatum
1893 961 1955 1002 ((1).
1987 962 2082 1000 Quod
2116 963 2180 995 tria
2206 968 2284 996 sunt

1395 1017 1499 1049 opera
1516 1009 1772 1041 misericordiae.
1792 1010 1850 1042 Est
1868 1009 2011 1041 verbum
2033 1019 2204 1052 asperum,
2233 1020 2283 1043 as-

1394 1065 1520 1096 perius,
1545 1065 1784 1097 asperrimum.

1354 1103 1412 1135 Est
1438 1102 1581 1134 verbum
1607 1112 1734 1142 suave,
1762 1103 1922 1143 suavius,
1951 1104 2203 1137 suavissimum.
2234 1107 2283 1139 De

1394 1159 1569 1182 mammon
1590 1152 1623 1182 et
1644 1159 1852 1182 mammona.

1353 1198 1510 1235 Laudare,
1531 1198 1641 1238 pueri,
1669 1200 1858 1238 Dominum,
1879 1199 2004 1231 Psalm.
2033 1202 2103 1232 112.
2132 1201 2285 1242 Triplici-

1395 1247 1446 1276 ter
1462 1246 1553 1278 Deus
1572 1246 1691 1285 gentes
1707 1246 1859 1278 assumit.
1880 1246 2070 1287 Tripliciter
2086 1248 2194 1279 Deum
2214 1248 2285 1280 lau-

1396 1292 1476 1324 dare
1512 1292 1689 1324 debemus.
1727 1294 1918 1325 Puerorum
1955 1293 2143 1334 privilegia.
2188 1296 2286 1333 Quod

1397 1342 1587 1372 stercorum
1615 1340 1757 1372 nomine
1786 1341 1851 1373 tria
1881 1340 1916 1372 in
1945 1341 2127 1382 Scripturis
2160 1342 2286 1375 intelli-

1395 1389 1531 1428 guntur.

1356 1435 1494 1475 Septem
1511 1434 1622 1466 modis
1642 1434 1764 1467 dicitur
1785 1435 1875 1466 Deus
1893 1435 2046 1467 habitare
2065 1436 2102 1468 in
2117 1436 2243 1478 aliquo.

1355 1480 1392 1513 In
1411 1483 1505 1514 eoez'tu
1530 1481 1636 1513 lsrael
1660 1482 1699 1513 de
1725 1482 1891 1522 AEqypto,
1914 1482 2037 1515 Psalm.
2070 1486 2140 1516 113.
2171 1485 2287 1517 Exitus

1396 1528 1585 1569 multiplex.
1610 1529 1635 1560 A
1656 1528 1781 1569 triplici
1806 1528 1909 1561 domo
1938 1532 2074 1570 oportet
2091 1540 2155 1563 nos
2180 1531 2285 1564 exire.

1397 1576 1435 1607 In
1454 1577 1601 1616 AEgypto
1619 1575 1723 1617 hujus
1741 1576 1861 1607 mundi
1889 1578 1941 1608 est
1964 1577 2135 1609 tribulatio
2153 1577 2286 1619 triplex.

1399 1624 1562 1655 Peccator
1580 1623 1666 1654 mari
1693 1622 1811 1654 similis
1832 1622 1892 1664 (a).
1915 1624 2014 1661 Quod
2033 1624 2096 1656 tria
2113 1625 2290 1657 hominem

1398 1670 1590 1711 impediunt
1617 1670 1706 1702 circa
1727 1671 1850 1701 Deum.
1872 1672 1920 1702 De
1939 1671 2100 1703 Jordanis
2121 1673 2289 1714 etymolo-

1398 1718 1463 1760 gia.
1482 1719 1531 1749 De
1551 1720 1696 1759 quatuor
1715 1718 1897 1759 generibus
1916 1719 2106 1751 hominum.

1358 1765 1456 1804 Quod
1474 1764 1595 1805 triplex
1616 1765 1777 1805 gaudium
1807 1765 1862 1796 vel
1891 1765 2016 1796 festum
2049 1766 2215 1799 debemus
2242 1767 2289 1798 fa-

1399 1823 1490 1845 cere.
1522 1815 1570 1845 De
1590 1813 1715 1854 triplici
1742 1815 1851 1849 motu.
1875 1814 2027 1846 Christus
2051 1816 2148 1855 petra
2171 1816 2225 1848 vel
2247 1816 2292 1848 la-

1398 1863 1461 1903 pis.
1489 1862 1642 1894 Christus
1668 1862 1844 1902 tripliciter
1873 1862 2067 1894 misericors
2101 1863 2160 1904 (a).
2192 1864 2290 1902 Quod

1400 1912 1546 1950 quatuor
1568 1910 1646 1940 sunt
1674 1908 1805 1949 species
1832 1908 2044 1942 idololatriae.
2074 1911 2122 1942 Dc
2142 1911 2291 1953 quinque

1400 1956 1563 1996 operariis
1582 1956 1617 1986 in
1634 1955 1782 1987 homine.
1804 1956 1879 1988 Duo
1901 1957 2005 1996 pedes
2024 1957 2167 1989 mentis.

1359 2003 1525 2035 Memoria
1537 2002 1692 2034 beneficii
1708 2003 1810 2034 debet
1826 2012 1899 2034 esse
1919 2001 2056 2044 triplex.
2072 2004 2188 2037 Sancti
2206 2013 2291 2046 prae-

1399 2051 1458 2082 lati
1480 2050 1604 2082 coelum
1627 2049 1784 2082 dicuntur
1803 2050 1926 2091 triplici
1945 2051 1987 2082 de
2008 2061 2122 2084 causa.

1360 2097 1488 2136 Dz'lexz‘,
1513 2097 1681 2139 quoniam,
1713 2097 1837 2130 Psalm.
1869 2098 1941 2130 114.
1968 2099 2056 2130 Laus
2089 2098 2212 2130 Christi
2243 2099 2292 2132 di-

1402 2143 1561 2186 gnissima
1582 2147 1723 2186 propter
1743 2145 1816 2176 tria.
1832 2146 1871 2176 10
1882 2144 1950 2177 1106
1970 2146 2063 2186 quod
2080 2147 2171 2178 Deus
2187 2146 2292 2178 filium

1402 2202 1500 2224 suum
1520 2192 1621 2224 nobis
1651 2192 1762 2232 dedit,
1790 2192 1855 2224 tria
1880 2192 2125 2234 intelliguntur.
2148 2194 2293 2231 Quidam

1401 2239 1580 2271 inveniunt
1599 2239 1698 2277 111616,
1722 2241 1755 2271 et
1774 2248 1795 2271 a
1812 2239 1910 2271 malis
1932 2239 2152 2272 inveniuntur
2173 2240 2234 2282 (α).
2256 2242 2293 2272 10

1401 2286 1539 2318 homine
1559 2289 1626 2317 tres
1649 2288 1774 2326 partes.
1798 2287 1836 2318 ln
1854 2286 1993 2318 homine
2012 2286 2095 2318 nihil
2116 2287 2240 2320 melius
2258 2287 2294 2319 li-

1401 2333 1483 2364 bero
1504 2332 1647 2365 arbitrio
1668 2333 1732 2373 (a).

1361 2379 1509 2412 Ecclesia
1529 2379 1649 2411 dicitur
1671 2388 1740 2410 una
1757 2379 1805 2420 (f)
1825 2381 1966 2420 propter
1990 2380 2065 2412 tria.

1362 2426 1509 2465 Credidi,
1529 2427 1664 2466 propter
1690 2426 1778 2467 quod
1806 2425 1932 2457 locutus
1960 2436 2045 2466 sum,
2072 2427 2198 2459 Psalm.
2220 2429 2292 2459 115.

1403 2473 1620 2514 Quadruplici
1635 2473 1676 2505 de
1697 2482 1799 2504 causa
1815 2473 1995 2506 confitetur
2014 2474 2089 2515 quis
2102 2484 2174 2507 ore.
2197 2475 2296 2513 Quod

1402 2521 1484 2553 fides
1499 2521 1600 2552 debet
1614 2529 1687 2552 esse
1701 2520 1820 2560 fidelis,
1835 2520 1946 2557 firma.
1967 2521 2101 2561 integra
2116 2524 2148 2554 et
2166 2522 2289 2553 volun-

1402 2568 1499 2600 taria.
1519 2567 1643 2600 Mentis
1660 2576 1820 2599 excessus
1834 2567 2013 2608 tripliciter
2025 2568 2071 2599 fit.
2090 2568 2188 2606 Quod
2207 2563 2295 2600 mai·-

1402 2618 1495 2657 tyres
1520 2615 1562 2647 de
1587 2615 1695 2646 tribus
1714 2614 1896 2655 perhibent
1914 2614 2163 2647 testimonium.
2184 2616 2296 2654 Quan-

1402 2665 1475 2694 tum
1503 2662 1545 2694 sit
1563 2661 1809 2702 redemptionis
1827 2661 2043 2694 beneficium.

1361 2710 1507 2742 Laudato
1534 2709 1737 2745 Dominum,
1763 2717 1873 2739 omnes
1899 2709 2008 2749 qentes
2030 2733 2038 2747 ,
2067 2708 2192 2740 Psalm.
2224 2711 2295 2742 116.

1403 2757 1529 2790 Psalmi
1555 2756 1661 2788 atomi
1676 2755 1734 2797 qui
1754 2756 1832 2788 sint.
1855 2756 1959 2793 Quod
1975 2756 2083 2798 gratia
2110 2757 2174 2788 Dei
2197 2757 2297 2789 nobis

1403 2804 1588 2845 promissa,
1616 2803 1693 2835 data
1721 2805 1755 2835 et
1782 2803 1981 2836 confirmata
2015 2805 2065 2836 est
2096 2805 2228 2837 naturae
2258 2807 2292 2837 ct

1404 2851 1590 2892 disciplinae
1608 2850 1805 2882 discrimen.
2105 2886 2114 2891 ,

1364 2899 1579 2940 Confitemz'nz'
1592 2897 1745 2937 Domino,
1763 2897 1884 2930 psalm.
1902 2899 1973 2930 117.
1992 2899 2040 2930 De
2057 2898 2181 2939 triplici
2196 2898 2296 2931 laude

1403 2946 1613 2987 angelorum.
1633 2946 1681 2976 De
1700 2944 1877 2975 latitudine
1900 2946 1933 2975 et
1949 2945 2105 2986 angustia
2123 2946 2295 2977 bonorum

1405 2993 1635 3024 etmalorum.
1657 2990 1770 3032 Spinae
1796 2990 2026 3031 multipliciter
2050 2991 2218 3024 dicuntur.
2247 2993 2296 3024 De

1404 3039 1616 3081 quadruplici
1635 3047 1733 3070 voce.
1749 3039 1798 3071 Dc
1814 3037 1884 3070 vita
1902 3041 1935 3070 et
1954 3040 2065 3071 morte
2078 3039 2250 3072 bonorum
2264 3041 2298 3072 et

1403 3088 1585 3119 malorum.

1362 3137 1411 3167 De
1431 3134 1542 3176 lapide
1566 3133 1720 3175 angulari
1740 3132 1799 3172 (a).
1820 3134 1868 3165 De
1900 3133 2023 3173 triplici
2048 3133 2115 3167 die.
2136 3135 2186 3166 De
2206 3143 2296 3166 anno

1398 3182 1539 3223 jubilaeo
1561 3182 1616 3223 (a).
1646 3182 1853 3214 Paromoeon
1878 3180 1959 3221 quid
1988 3181 2030 3212 sit
2053 3181 2112 3222 ((ι).
2145 3181 2298 3219 Quatuor

1403 3229 1445 3260 (16
1477 3228 1586 3261 6611515
1614 3227 1747 3260 adimus
1778 3227 1969 3259 ecclesiam.
2003 3229 2051 3259 De
2083 3227 2296 3269 quadruplici

1402 3276 1582 3316 partitione
1603 3275 1653 3316 (q)
1677 3275 1802 3306 Missae.

1360 3324 1457 3356 Beati
1485 3322 1695 3354 immaculati
1714 3323 1749 3353 in
1767 3322 1842 3362 via,
1866 3321 1988 3353 Psalm.
2010 3323 2082 3354 118.
2103 3322 2213 3363 Aleph
2235 3322 2292 3363 (11).

1403 3371 1577 3412 Scriptura
1593 3378 1689 3401 sacra
1708 3368 1830 3400 dicitur
1842 3368 1962 3400 hortus
1975 3369 2099 3410 triplici
2115 3370 2157 3402 de
2180 3377 2292 3401 causa.

1403 3420 1452 3450 De
1480 3417 1598 3450 litteris
1628 3416 1864 3449 Hebraeorum.
1894 3417 1921 3447 A
1954 3418 2100 3458 quatuor
2129 3415 2294 3458 capitibus

2323 681 2382 713 290

2325 1062 2383 1093 291

2328 1391 2388 1423 293

2331 1721 2391 1753 293

2334 1959 2394 1992 294

2336 2337 2395 2367 295

2338 2663 2398 2695 296

2337 2852 2398 2884 297

2339 3088 2399 3120 297

1396 3530 1430 3564 (e)
1458 3529 1530 3557 Coet..
1558 3530 1628 3557 edit.
1652 3529 1716 3556 Dei.
1739 3544 1771 3549 —
1785 3529 1820 3564 (l)
1836 3528 1908 3556 Coet.
1929 3529 1997 3556 edit.
2019 3528 2170 3556 catholica.
2199 3542 2233 3548 --
2253 3527 2292 3563 (9)
2323 3526 2393 3555 Coet.

1359 3571 1428 3598 edit.
1445 3573 1569 3605 quatuor
1582 3571 1783 3605 petitionibus.
1797 3585 1830 3591 —
1845 3570 1884 3605 (h)
1901 3572 1944 3597 Ita
1958 3577 2010 3604 per
2023 3571 2056 3596 22
2071 3569 2186 3599 litteras
2205 3569 2395 3599 Hebraeorum

1357 3612 1549 3647 designantur
1568 3613 1601 3639 202
1621 3612 1792 3648 partitiones
1805 3611 1894 3647 hujus
1906 3610 2022 3646 psalmi.
