2633 3878
292 213 371 250 100

719 332 891 373 Epilogus.

339 422 472 468 Liquet
493 420 622 466 itaque
645 428 722 454 vox
749 416 957 452 psalmistae
982 417 1121 462 typum
1151 412 1319 460 gerentis

292 493 466 530 personae
487 481 651 517 devotae.
673 479 794 514 Mecle'a
820 482 917 514 nocte
932 489 943 513 .·
964 487 1051 513 cccc
1072 479 1226 523 tempus
1246 485 1318 510 no-

292 550 375 581 tans
393 544 552 580 affectus
573 541 830 585 illectionen13
852 540 1033 584 sumebam
1051 549 1063 573 .·
1083 548 1171 573 ecce
1190 538 1320 572 motus

291 607 506 643 subnotans
550 604 655 640 illius
694 602 953 645 erectionem3
993 600 1040 635 ad
1082 598 1319 644 confitendum

293 670 361 704 tibi
391 680 403 704 .·
437 678 523 704 ecce
557 665 744 702 terminus
776 666 967 699 annotans
1004 661 1087 707 ejus
1121 660 1320 708 perfectio-

291 741 405 775 nem;
432 741 536 775 super
556 728 982 773 iudiciajustificationis
1004 728 1071 761 111oe
1094 738 1104 759 .·
1127 735 1214 761 ecce
1234 735 1320 760 mo-

291 793 368 829 tiva
396 792 514 837 ratio,
543 791 622 827 sive
653 790 773 825 virtus
799 790 1016 825 connotans
1046 787 1130 833 ejus
1160 796 1320 833 provec-

291 855 449 891 tionem.

649 945 873 972 VBRSICULUS
896 944 957 969 XV.

339 1045 400 1080 63.
423 1044 606 1087 Partieeps
628 1051 687 1085 eqo
705 1050 801 1080 sum,
825 1041 894 1074 etc.
915 1034 1261 1081 Quemadmodum
1283 1033 1322 1069 in

293 1103 524 1151 superandis
544 1102 657 1138 malis
674 1100 865 1137 utendum
887 1101 941 1135 est
961 1098 1217 1134 instrumento
1239 1095 1320 1131 dis-

294 1165 474 1203 cretionis
505 1168 539 1201 et
573 1162 818 1207 devotionis,
850 1164 891 1197 ut
925 1160 1062 1196 claruit
1094 1160 1134 1195 in
1166 1158 1322 1194 duobus

295 1228 472 1264 versibus
515 1224 813 1273 suprascriptis,
852 1223 892 1259 in
931 1221 1114 1259 eumdem
1157 1219 1322 1256 modum

294 1289 485 1326 utendum
505 1290 559 1324 est
579 1287 619 1323 in
639 1286 732 1334 ipsis
751 1285 1007 1321 instrumento
1025 1282 1218 1330 generalis
1239 1291 1323 1317 ora-

296 1351 428 1396 tionis,
451 1350 561 1396 cujus
586 1349 706 1384 virtus
732 1347 969 1394 suffragatur
987 1355 1165 1393 personae
1185 1342 1321 1388 debili,

294 1414 389 1450 sicut
425 1413 536 1448 cibus
569 1410 789 1448 communis
826 1408 1007 1445 membro
1040 1406 1146 1443 inani
1184 1417 1192 1441 :
1230 1416 1325 1452 qua-

294 1478 452 1523 propter
486 1475 587 1510 circa
622 1472 815 1520 generalis
853 1469 1042 1507 orationis
1072 1467 1324 1516 participium

294 1541 474 1575 notantur
507 1538 676 1584 quatuor
708 1546 778 1583 per
803 1534 908 1570 hunc
938 1543 1117 1576 versum,
1143 1530 1325 1567 videlicet

295 1600 370 1636 cibi
410 1598 690 1643 communitas,
724 1595 893 1633 membri
929 1595 1119 1639 inanitas,
1151 1592 1325 1639 negandi

294 1661 582 1705 inhumanitas,
622 1659 800 1696 donandi
838 1657 1073 1694 humanitas.
1115 1655 1232 1692 Cibus
1270 1656 1326 1691 est

295 1723 482 1760 orationis
500 1722 667 1767 fructus;
684 1721 923 1765 membrum,
941 1718 1106 1766 quilibet
1119 1717 1321 1763 fidelium;

297 1786 464 1822 donator
484 1784 548 1820 vel
570 1785 746 1829 negator,
769 1782 966 1818 humanus
994 1781 1058 1817 vel
1088 1780 1326 1816 inhumanus

297 1850 441 1884 orator.

627 1893 816 1929 Articulus
840 1892 994 1937 primus.

343 1972 538 2015 Quantum
564 1968 617 2005 ad
642 1968 836 2016 primum,
870 1966 1050 2003 scribitur
1072 1977 1080 2002 :
1115 1966 1324 2010 Particep33

295 2033 364 2070 nbi
383 2043 454 2080 per
483 2030 716 2080 participem
735 2028 995 2066 subaudimus
1017 2027 1186 2064 fructum
1211 2026 1328 2073 parti-

297 2095 507 2143 cipabilem
538 2107 548 2129 .·
579 2093 611 2129 si
645 2092 750 2129 enim
776 2089 1048 2139 participabile
1080 2087 1177 2125 nihil
1209 2091 1326 2133 esset,

297 2168 368 2193 nec
389 2156 583 2204 particeps
604 2165 685 2191 esse
705 2156 848 2201 posset.
868 2152 934 2189 Hic
953 2151 1196 2196 notandum,
1219 2150 1329 2198 quod

297 2219 436 2266 triplex
470 2218 611 2264 legitur
640 2215 891 2263 participium
924 2228 934 2250 :
964 2213 1171 2261 quoddam
1207 2212 1326 2258 utile3

300 2280 506 2328 quoddam
534 2279 671 2315 inutile
681 2290 691 2324 3
723 2277 929 2325 quoddam
961 2275 1219 2323 impossibile.
1242 2277 1329 2311 Par-

299 2342 475 2389 ticipium
496 2341 641 2388 quippe
662 2339 861 2387 spirituale
888 2349 978 2375 cum
997 2337 1107 2374 fideli
1134 2341 1189 2374 est
1207 2336 1327 2384 utile3

301 2417 390 2442 cnm
413 2404 588 2449 infideli,
615 2402 775 2448 inutile,
808 2404 844 2439 'ct
864 2413 952 2438 cum
973 2403 1164 2449 utroque,
1184 2401 1330 2448 impos·

302 2467 426 2503 sibile.
451 2469 500 2503 Dc
528 2466 657 2513 primo
678 2465 687 2485 ¹
710 2478 717 2500 :
745 2478 760 2498 «
782 2466 929 2501 Fratres
949 2464 1092 2509 sancti,
1113 2463 1331 2501 vocationis

302 2529 465 2565 coelestis
492 2526 699 2575 participes
728 2525 816 2562 estis
844 2538 852 2561 :
881 2539 899 2561 »
924 2536 1011 2562 ecce
1039 2525 1218 2561 fidelium
1237 2525 1330 2561 utile

302 2591 564 2639 participium.
593 2591 643 2625 De
674 2588 848 2625 secundo
868 2589 911 2623 ²:
944 2601 961 2623 t(
994 2589 1100 2625 Foeni
1127 2588 1215 2625 cibo
1247 2598 1330 2624 ves-

304 2655 432 2690 centes
452 2651 773 2697 demorabantur,
791 2661 840 2687 ne
858 2650 1068 2698 participes
1085 2652 1210 2687 essent
1224 2649 1331 2687 coin-

305 2714 542 2762 quinationis
573 2726 582 2749 :
621 2727 636 2746 »
671 2723 759 2748 ecce
791 2711 1012 2748 infidelium
1044 2711 1180 2748 inutile
1212 2712 1331 2759 parti-

305 2777 463 2823 cipium.
501 2778 551 2812 De
589 2775 700 2811 tertio
721 2776 734 2798 ³
765 2788 772 2808 ε
820 2787 836 2807 «
874 2776 958 2811 Non
993 2773 1154 2821 potestis
1189 2784 1333 2810 mensae

306 2838 458 2874 Domini
495 2836 702 2884 participes
736 2846 837 2880 esse,
871 2839 907 2872 et
943 2846 1087 2872 mensae
1119 2835 1333 2873 daemonio-

306 2910 396 2936 rum
415 2911 422 2935 :
444 2913 461 2933 n
482 2909 570 2936 ecce
587 2897 765 2934 fidelium
785 2909 830 2935 ac
849 2897 1069 2935 infidelium
1091 2898 1334 2945 impossibile

308 2961 571 3009 participium.

626 3059 812 3094 Articulus
837 3059 1020 3095 secundus.

355 3151 550 3194 Quantum
570 3147 622 3183 ad
647 3145 882 3192 secundum,
903 3147 1078 3194 sequitur
1101 3158 1109 3182 ε
1139 3150 1212 3193 qu
1231 3158 1333 3194 sum3

309 3221 387 3247 vox
425 3213 481 3246 est
514 3219 691 3256 personae
734 3208 896 3254 debilis,
941 3212 1129 3255 tanquam
1167 3209 1337 3246 membri

309 3272 448 3309 inanis.
470 3273 511 3308 Et
534 3274 648 3316 nota,
671 3270 782 3317 quod
804 3272 913 3307 terna
936 3270 1209 3307 membrorum
1229 3270 1337 3307 diffc-

310 3334 434 3371 rentia
462 3333 654 3380 reperitur
681 3332 723 3368 in
753 3332 922 3369 Ecclesia
946 3344 954 3368 :
988 3334 1045 3369 est
1079 3332 1185 3369 enim
1216 3342 1338 3369 mem-

353 3418 363 3438 ¹
384 3416 497 3454 Helm,
523 3424 573 3456 111,
598 3417 646 3447 14.
666 3431 705 3437 —
723 3416 736 3436 ²
756 3415 783 3446 ll
803 3415 925 3456 Mada„
948 3423 983 3454 v,
1002 3416 1054 3447 27.
1075 3432 1114 3439 —
1133 3416 1170 3446 3Ι
1192 3415 1281 3454 Corn,
1302 3424 1336 3456 x,

313 3465 363 3495 21.
384 3479 423 3485 —
442 3466 452 3481 ⁴
473 3464 560 3499 Luc„
585 3469 670 3500 xxii,
691 3462 742 3494 27.
767 3479 808 3487 -
833 3463 846 3484 ⁵
869 3462 1002 3503 Ephes.,
1028 3470 1079 3503 111,
1103 3464 1134 3494 7.
1156 3479 1195 3485 —
1216 3463 1227 3480 ⁶
1248 3461 1337 3494 Psal.

988 198 1262 240 Exposl'rw
1295 196 1347 238 IN
1376 196 1728 239 PSALTERIUM.

1392 287 1509 323 brum
1528 298 1747 332 summum,
1769 286 1964 332 medium,
1987 290 2024 324 et
2042 287 2233 324 infimum.
2256 288 2415 325 Membri

1394 348 1550 394 summi,
1571 349 1715 385 scilicet
1740 348 1876 396 capitis
1903 348 2080 385 Ecclesiae
2099 349 2250 395 Christi,
2273 353 2329 386 est
2347 350 2417 386 mi-

1393 411 1555 447 nistrare
1586 410 1852 458 spiritualiter,
1884 419 1964 445 non
1990 409 2222 454 ministrari;
2249 411 2416 447 membri

1394 473 1514 510 medii
1535 477 1591 510 est
1605 474 1836 519 ministrare,
1858 476 1894 509 ct
1909 472 2118 509 ministrari
2130 484 2140 518 ;
2152 473 2320 509 membri
2334 473 2417 510 infi-

1393 538 1446 573 mi
1468 538 1523 571 est
1550 546 1629 571 non
1650 535 1891 580 ministrare,
1919 535 1987 571 scd
2014 534 2237 571 ministrari.
2263 536 2314 571 De
2341 536 2420 582 pri-

1394 608 1460 634 mo
1481 598 1491 619 ”
1514 609 1522 633 :
1549 611 1566 631 ι(
1586 600 1666 644 Ego
1688 598 1726 633 in
1746 597 1877 634 medio
1897 601 2070 634 vestrum
2098 608 2206 642 sum,
2235 597 2334 634 sicut
2352 597 2419 644 qui

1394 659 1610 695 ministrat:
1633 672 1650 693 »
1686 669 1774 695 cccc
1794 659 2017 695 membrum
2044 670 2243 695 summum
2285 658 2421 695 minis-

1394 724 1498 757 trans
1524 723 1686 757 tantum.
1711 722 1759 756 De
1780 721 1953 757 secundo
1973 721 1985 743 ⁵
2004 733 2012 757 ε
2032 734 2051 756 «
2064 722 2180 768 CuJus
2198 721 2320 758 sactus
2334 732 2421 758 sum

1397 793 1468 829 cgo
1489 782 1663 818 minister
1682 782 1898 818 secundum
1919 782 2071 819 donum
2084 783 2215 829 gratiae
2231 783 2319 830 Dei,
2336 794 2422 831 quas

1397 844 1488 881 data
1507 846 1562 880 est
1582 843 1679 880 mihi
1705 856 1713 880 ;
1746 858 1762 877 »
1796 855 1884 881 cccc
1911 845 2136 881 membrum
2155 845 2329 881 medium
2351 845 2424 882 mi-

1395 908 1563 944 nistrans
1584 910 1620 944 et
1640 908 1914 945 ministratum.
1938 910 1988 945 De
2016 909 2126 946 tertio
2148 908 2240 945 dicit
2258 908 2426 945 Psalmo-

1398 970 1572 1017 graphns
1605 971 1677 1007 sub
1711 970 1835 1007 infimi
1865 971 2035 1007 membri
2066 971 2193 1017 figura
2222 972 2235 993 ⁶
2264 983 2272 1007 ε
2299 984 2316 1005 «
2345 973 2424 1018 Ego

1396 1036 1527 1069 autem
1548 1033 1754 1070 mendicus
1773 1043 1874 1079 sum,
1893 1037 2090 1081 etpauper
2111 1045 2120 1070 ε
2143 1034 2328 1070 Dominus
2349 1033 2426 1070 sol-

1397 1094 1526 1131 licitus
1564 1097 1620 1131 est
1644 1095 1721 1131 mci
1762 1107 1769 1131 :
1810 1108 1828 1129 ³>
1864 1105 1951 1131 ecce
1986 1095 2207 1132 membrum
2245 1094 2426 1131 infimum

1398 1156 1660 1192 ministratum
1683 1157 1825 1193 solum.

1736 1263 1920 1298 Artz‘culus
1942 1264 2080 1298 tertius.

1445 1346 1641 1389 Quantum
1656 1345 1707 1381 ad
1726 1344 1897 1391 tertium,
1919 1345 2061 1381 dicitur
2082 1356 2090 1381 :
2116 1344 2280 1381 Omnium
2301 1346 2426 1382 timen-

1399 1410 1488 1444 tium
1511 1410 1567 1451 te,
1591 1409 1628 1443 et
1646 1407 1737 1444 ideo
1764 1407 2031 1444 recedentium
2051 1407 2100 1444 ab
2121 1406 2402 1443 inhumanitate
2415 1419 2426 1454 3

1398 1469 1492 1517 quia
1511 1469 1652 1505 timens
1680 1471 1801 1506 Deum
1830 1472 1886 1506 est
1912 1469 2098 1506 recedens
2129 1480 2152 1506 a
2181 1468 2310 1515 malo,
2332 1468 2430 1505 sient

1398 1531 1578 1568 scribitur
1615 1533 1640 1567 ⁷.
1670 1533 1713 1567 Et
1754 1534 1873 1577 nota,
1903 1531 2012 1578 quod
2042 1531 2095 1567 sic
2133 1531 2310 1568 timentes
2347 1541 2428 1567 non

1397 1595 1567 1631 renuunt
1586 1593 1856 1630 communitati
1881 1593 2047 1640 servire,
2068 1593 2311 1641 pauperibus
2331 1592 2427 1629 sub-

1398 1655 1553 1700 venire,
1573 1665 1647 1703 pro
1670 1655 1943 1702 peccatoribus
1970 1655 2204 1692 intervenire
2227 1667 2235 1691 :
2259 1665 2429 1702 quorum

1398 1718 1571 1766 primum
1592 1717 1758 1764 pertinet
1777 1718 1828 1754 ad
1847 1717 2094 1765 praesidinm3
2117 1716 2356 1762 secundum,
2378 1716 2429 1753 ad

1399 1779 1642 1825 subsidium3
1671 1781 1708 1815 et
1729 1779 1883 1816 tertium
1898 1808 1908 1825 ‚
1939 1779 1990 1816 ad
2011 1778 2254 1826 suffragium.
2278 1780 2328 1815 De
2350 1778 2430 1826 pri-

1400 1852 1466 1879 mo
1481 1844 1494 1864 ⁸
1517 1855 1525 1878 :
1552 1841 1750 1879 «Provide
1772 1842 1822 1878 de
1841 1841 1949 1879 omni
1972 1842 2090 1889 plebe
2114 1841 2219 1894 viros
2237 1842 2430 1888 potentes,

1400 1907 1436 1940 et
1458 1903 1635 1940 timentes
1657 1905 1779 1940 Deum
1793 1931 1804 1949 ,
1825 1903 1866 1940 in
1893 1903 2037 1951 quibus
2057 1903 2105 1939 sit
2123 1902 2262 1940 veritas
2275 1929 2283 1945 ,
2307 1905 2343 1939 et
2363 1901 2432 1950 qui

1401 1965 1556 2003 oderint
1577 1965 1783 2003 avaritiam
1797 1994 1809 2009 ,
1832 1968 1868 2002 et
1886 1965 2075 2002 constitue
2095 1976 2143 2002 ex
2171 1964 2225 2001 eis
2253 1964 2432 2002 tribunos

1401 2030 1438 2064 et
1456 2028 1723 2073 centuriones,
1744 2030 1780 2064 et
1800 2026 2160 2075 quinquagenarios
2179 2029 2216 2064 et
2235 2026 2432 2072 decanos,

1402 2090 1469 2138 qui
1490 2090 1667 2136 J'udicent
1692 2090 1888 2137 populum
1919 2089 2028 2127 omni
2055 2091 2260 2137 tempore:
2291 2101 2309 2124 n
2343 2099 2432 2126 ecce

1402 2152 1603 2199 timentes,
1630 2152 1782 2200 populo
1801 2141 2070 2199 praesidentes,
2093 2153 2130 2187 et
2161 2149 2431 2187 communitati

1402 2213 1624 2250 servientes,
1657 2215 1708 2250 De
1741 2213 1914 2250 secundo
1949 2214 1991 2248 ⁹:
2027 2225 2045 2247 «
2076 2212 2193 2248 Filius
2223 2223 2263 2248 es
2294 2211 2434 2259 optimi

1401 2275 1489 2321 viri,
1514 2275 1674 2322 etJusti,
1697 2278 1733 2311 et
1752 2275 1921 2311 timentis
1938 2276 2081 2319 Deum,
2100 2275 2137 2310 et
2162 2273 2434 2321 eleemosynas

1402 2336 1601 2374 facientis:
1624 2350 1642 2371 »
1665 2346 1753 2373 ecce
1774 2336 1928 2382 timens,
1949 2335 2171 2372 subsidium
2188 2334 2431 2382 impartiens,

1403 2399 1645 2447 pauperibus
1672 2398 1922 2434 subveniens.
1953 2399 2004 2433 De
2038 2397 2149 2433 tertio
2182 2398 2358 2434 cantatur
2379 2396 2431 2432 ¹⁰:

1410 2475 1427 2496 α
1447 2462 1695 2499 Voluntatem
1729 2460 1949 2497 timentium
1982 2471 2022 2497 se
2052 2459 2190 2506 faciet,
2227 2462 2263 2496 et
2296 2459 2434 2508 depre-

1405 2524 1599 2561 cationem
1619 2534 1757 2560 corum
1777 2522 1979 2567 exaudiet,
2011 2536 2028 2557 n
2053 2521 2197 2559 scilicet
2217 2521 2435 2559 timentium

1404 2586 1677 2634 peccatoribus
1696 2585 2018 2632 suffragantium,
2041 2587 2078 2621 et
2095 2595 2168 2631 pro
2195 2583 2289 2631 ipsis
2314 2583 2433 2620 inter-

1405 2647 1661 2685 vementium.

1738 2742 1925 2778 Articulus
1946 2744 2110 2787 quartus.

1453 2837 1648 2881 Quantum
1677 2834 1729 2870 ad
1755 2836 1962 2881 quartum,
1983 2832 2186 2879 subjicitur
2208 2843 2216 2868 ε
2245 2834 2291 2868 Ec
2318 2835 2436 2869 custo-

1407 2900 1583 2935 dientium
1603 2897 1778 2933 mandata
1804 2899 1887 2942 tua,
1915 2895 1964 2932 de
1985 2894 2223 2941 benignitate
2244 2895 2281 2931 et
2298 2894 2437 2930 huma-

1407 2960 1525 2998 nitate
1562 2961 1700 2996 mutua
1737 2957 1923 2994 divinitus
1961 2957 2164 3005 imperata.
2205 2957 2256 2993 De
2292 2955 2437 2993 talibus

1408 3022 1486 3059 dici
1506 3024 1660 3069 potest,
1681 3020 1792 3068 quod
1819 3018 2007 3066 scriptum
2035 3021 2091 3055 est
2124 3017 2149 3041 ¹¹
2174 3031 2182 3055 :
2209 3030 2227 3052 α
2245 3020 2329 3055 Non
2348 3017 2437 3054 reli-

1409 3086 1544 3134 quistis
1573 3084 1710 3122 fratres
1738 3084 1888 3120 vestros
1912 3082 2032 3128 longo
2051 3084 2228 3127 tempore
2252 3090 2377 3129 usque
2396 3080 2438 3117 in

1407 3149 1640 3196 praesentem
1661 3146 1781 3191 diem,
1801 3144 2061 3182 custodientes
2079 3143 2289 3191 imperium
2307 3141 2438 3179 Domi-

1408 3211 1449 3246 ni
1469 3209 1533 3246 Dei
1554 3208 1684 3245 vestri.
1707 3221 1724 3242 »
1748 3209 1790 3244 Et
1810 3209 1904 3244 nota
1924 3206 1973 3242 de
1993 3205 2136 3242 talibus
2155 3203 2437 3241 humanitatem

1410 3269 1731 3315 custodientibus,
1758 3268 1868 3316 quod
1888 3268 1962 3315 ipsi
1982 3266 2205 3304 custodiunt
2226 3264 2314 3301 vitae
2333 3262 2436 3300 veri-

1410 3336 1541 3379 tatem,
1571 3332 1726 3379 fugiunt
1757 3330 2034 3376 infelicitatem,
2075 3327 2281 3376 acquirunt
2315 3325 2436 3363 felici-

1412 3424 1539 3455 xxx1x,
1573 3417 1623 3447 18.
1644 3432 1685 3439 -—
1710 3416 1720 3434 ⁷
1745 3413 1817 3454 Job,
1845 3421 1871 3454 1,
1903 3414 1934 3444 3.
1954 3429 1994 3435 —
2020 3411 2034 3433 ⁸
2058 3410 2179 3448 Exod„
2205 3416 2304 3450 xviii,
2325 3410 2376 3441 21.
2395 3427 2437 3433 --

1411 3464 1423 3484 ⁹
1443 3462 1530 3504 Tob.‚
1549 3470 1598 3504 1x,
1619 3464 1649 3495 9.
1666 3478 1706 3486 -
1727 3462 1751 3484 ¹⁰
1771 3459 1860 3492 Psal.
1885 3465 2001 3498 cxmv,
2024 3459 2074 3490 19.
2093 3473 2134 3480 —
2152 3456 2173 3478 ¹¹
2193 3459 2276 3496 J03.‚
2297 3464 2385 3497 xxn,
2403 3457 2434 3489 3.
