2633 3878
1045 255 1288 298 PSALMUS
1318 256 1493 299 CXVIII.

567 430 788 458 anstcuLus
806 431 855 457 XI.

246 539 303 573 59.
323 536 490 582 Goqitavi
508 535 587 571 vias
601 543 714 579 meas,
727 534 798 569 etc.
814 531 982 570 Audistis
996 541 1108 579 spem
1121 531 1233 568 recti-

197 599 379 635 ficantem
399 596 539 633 mentis
558 595 760 642 intuitum,
774 594 942 631 audiatis
962 593 1145 631 eamdem
1159 604 1234 641 pu-

197 661 414 697 rificantem
451 658 646 695 affectum.
688 659 785 694 Cum
823 656 929 693 enim
965 655 1138 703 cuiusvis
1172 665 1234 692 ac-

196 724 280 759 tum
309 721 459 758 virtutis
487 720 653 767 imperet
689 729 779 766 spes
809 718 957 765 salutis,
979 718 1068 766 quis
1093 717 1234 755 mentis

197 794 361 831 compos
394 782 559 828 dubitet,
595 781 693 829 quin
731 780 985 817 affectionum
1010 780 1233 828 purificatio

196 845 325 882 eidem
362 845 529 881 militet?
560 846 789 881 processum
809 842 1093 890 purificationis
1125 843 1234 879 istius

196 907 250 943 sic
269 906 423 943 instruit
439 906 509 943 iste
530 917 666 943 versus
685 918 694 943 :
715 905 846 952 primo
867 907 1025 942 notatur
1059 905 1234 942 affectio-

197 979 293 1006 num
309 968 498 1016 inspectio
508 982 519 1015 3
549 968 739 1014 secundo,
764 967 1029 1014 inspectarum
1054 967 1232 1012 infectio,-

196 1031 323 1077 tertio,
343 1030 575 1067 infectarum
593 1031 812 1079 despecti03
843 1032 999 1078 quarto,
1035 1030 1235 1078 despecta-

196 1103 283 1129 rum
330 1093 534 1130 correctio.
575 1094 751 1137 Quorum
790 1093 965 1140 primum
998 1095 1145 1140 spectat
1182 1092 1233 1129 ad

197 1155 442 1192 conscientiae
459 1155 715 1202 redargution
723 1166 807 1201 em3
830 1155 1063 1199 secundum,
1078 1155 1129 1191 ad
1139 1165 1234 1192 eon-

197 1217 445 1265 cupiscentiae
464 1217 752 1265 pollutionem3
775 1218 946 1263 tertium,
968 1217 1020 1254 ad
1044 1217 1234 1265 poeniten-

197 1280 256 1316 tiae
285 1279 550 1327 ablutionem3
585 1282 768 1327 quartum
809 1279 861 1316 ad
894 1279 1051 1327 justitiae
1080 1279 1233 1317 restitu-

196 1341 358 1379 tionem.

529 1391 716 1426 Articulus
738 1391 895 1436 primus.

247 1466 424 1513 Goqicam:
457 1466 523 1504 Hic
556 1469 714 1504 notatur
744 1466 997 1504 affectionum
1027 1467 1232 1515 inspectio,

197 1540 266 1567 seu
284 1529 535 1577 iniquitatum
549 1530 802 1578 antiquarum
821 1530 1065 1577 recogitatio.
1100 1533 1144 1567 Et
1161 1541 1234 1568 no-

197 1592 377 1638 tandum,
404 1593 515 1640 quod
534 1592 707 1639 cogitare
729 1592 922 1629 debemus
950 1593 1058 1630 mala
1095 1594 1234 1640 praete-

196 1654 283 1700 rita,
298 1654 352 1691 ad
365 1654 612 1702 scopendum
634 1654 698 1702 (a),
727 1654 780 1691 ad
800 1655 1130 1698 annuntiandum,
1152 1665 1235 1692 non

196 1716 248 1753 ad
267 1716 547 1753 renovandum
568 1729 576 1753 :
600 1727 772 1764 quorum
792 1716 967 1764 primum
994 1717 1163 1765 pertinet
1183 1718 1233 1754 ad

198 1778 543 1826 compunctionem
552 1791 562 1825 3
597 1778 819 1815 secundum
847 1779 900 1816 ad
920 1779 1233 1827 confessione1n3

197 1842 355 1879 tertium
375 1842 427 1878 ad
453 1841 768 1879 delectationem.
790 1844 841 1878 De
860 1842 990 1890 primo
1024 1843 1167 1880 dicitur
1188 1845 1199 1866 ¹
1225 1856 1234 1880 :

202 1916 220 1938 «
240 1903 412 1951 Cogitavi
433 1904 517 1941 dies
535 1904 733 1951 antiquos,
747 1917 765 1939 »
796 1904 951 1952 supple,
971 1908 1164 1952 quantum
1183 1905 1236 1942 ad

199 1966 479 2014 temporalium
503 1966 811 2003 delectationum
841 1966 1124 2004 admissionem
1134 1981 1146 2015 3
1172 1972 1236 2006 «et

160 2077 168 2085 ⁸
199 2039 326 2066 annos
340 2031 505 2065 aeternos
517 2028 558 2064 in
566 2030 695 2065 mente
704 2028 866 2075 habui,»
878 2029 1032 2077 supple,
1043 2032 1233 2077 quantum

199 2091 250 2128 ad
270 2090 515 2127 aeternalium
537 2090 846 2128 delectationum
867 2091 1134 2129 amissionem.
1160 2106 1177 2127 «
1195 2095 1237 2130 Et

198 2154 408 2192 meditatus
421 2165 509 2191 sum
525 2158 639 2192 nocte
654 2166 745 2191 cum
766 2155 885 2192 corde
909 2166 1020 2201 meo,
1032 2169 1050 2190 »
1079 2156 1234 2204 supple,

199 2219 392 2265 quantum
403 2217 454 2254 ad
469 2216 723 2253 infernalium
737 2217 992 2254 tenebrarum
1011 2218 1236 2266 acquisitio-

198 2290 311 2326 nem;
339 2293 356 2314 «
371 2282 406 2316 et
425 2280 642 2328 scopebam
656 2280 837 2328 spiritum
865 2292 1014 2326 meum,
1036 2295 1052 2315 n
1080 2281 1234 2330 supple,

199 2344 391 2390 quantum
411 2342 463 2379 ad
485 2342 615 2379 cordis
636 2342 789 2379 contriti
801 2343 1162 2391 compunctionem.
1185 2346 1236 2381 De

199 2404 373 2442 secundo
389 2404 520 2452 psallit
536 2405 729 2451 Propheta
747 2403 762 2424 ²
782 2416 791 2440 :
811 2417 829 2439 «
840 2404 1088 2453 iniquitatem
1104 2417 1237 2443 meam

199 2466 460 2511 annuntiabo,
475 2478 493 2500 r>
511 2466 659 2503 scilicet
669 2476 740 2513 per
759 2466 1070 2514 consessionem3
1089 2469 1154 2504 «et
1170 2479 1239 2505 co-

199 2528 333 2575 gitabo
344 2539 416 2576 pro
430 2531 590 2575 peccate
609 2539 736 2574 meo,»
755 2528 981 2576 scilicetper
992 2530 1238 2568 conscientiae

201 2590 497 2627 discussionem.
522 2592 572 2627 De
588 2590 699 2627 tertio
716 2590 730 2612 ³
747 2602 755 2626 :
782 2590 881 2635 «Qui
899 2591 1045 2637 cogitat
1062 2593 1169 2629 mala
1181 2592 1238 2629 fa-

201 2663 303 2698 cere,
312 2653 451 2689 stultus
460 2652 702 2690 vocabitur.»
719 2653 908 2700 Cogitatio
920 2653 1237 2702 stultipeccatum

201 2719 269 2762 est,
285 2726 330 2752 ac
350 2715 381 2752 si
395 2715 499 2752 dicat
512 2727 519 2751 :
531 2715 602 2760 Qui
615 2715 761 2762 cogitat
770 2716 874 2752 mala
888 2716 1029 2762 facere,
1045 2721 1238 2765 quantum

201 2780 252 2816 ad
267 2782 446 2817 veterum
465 2779 664 2817 malorum
685 2779 998 2826 renovationem,
1013 2791 1085 2828 per
1106 2783 1237 2818 actum

199 2843 440 2890 interiorem,
466 2843 530 2880 vel
560 2844 808 2890 exteriorem,
841 2844 981 2881 stultus
1011 2845 1236 2892 vocabitur,

200 2908 394 2953 quantum
409 2905 460 2942 ad
481 2904 659 2942 divinam
684 2906 1021 2955 reprobationem.
1043 2907 1236 2954 Cogitatio

199 2968 304 3004 stulti
322 2970 527 3016 peccatum
545 2971 602 3005 est
636 2973 828 3017 quantum
864 2969 916 3006 ad
937 2980 1173 3008 consensum
1194 2971 1236 3009 in

199 3029 376 3066 illicitam
416 3030 622 3077 actionem,
664 3031 725 3068 vel
764 3031 881 3069 etiam
917 3032 1235 3072 delectationem.

519 3137 702 3172 Articulus
733 3137 920 3174 secundus.

253 3221 339 3256 Vz'as
370 3229 479 3255 meas.
519 3218 586 3255 Hic
605 3220 763 3256 notatur
779 3219 1033 3258 affectionum
1053 3221 1212 3262 infectio
1224 3238 1235 3272 3

197 3281 295 3328 quia
308 3281 383 3318 vioe
401 3283 489 3319 sunt
506 3284 548 3318 ut
566 3281 784 3329 plurimum
805 3281 969 3329 insecten,
991 3285 1028 3320 et
1042 3284 1236 3323 viantium

200 3342 403 3380 infectivoe.
440 3345 482 3381 Et
513 3346 619 3386 nota,
642 3343 753 3392 quod
771 3343 845 3381 viae
863 3344 1031 3392 praefatae
1051 3346 1237 3394 leguntur

246 3427 255 3448 ¹
275 3427 365 3459 Psal.
387 3436 506 3468 Lxxw,
523 3431 554 3470 6,
573 3430 605 3461 7.
620 3445 661 3452 —
680 3429 693 3450 ²
706 3428 797 3461 Psal.
819 3436 954 3468 xxxvii,
977 3430 1027 3462 19.
1040 3447 1082 3455 —
1095 3430 1106 3449 ³
1124 3431 1233 3474 Prov„

203 3481 297 3515 xxiv,
318 3476 348 3506 8.
367 3492 408 3500 -—
435 3476 449 3499 ὁ
466 3476 550 3510 Psal.
574 3484 616 3519 x,
635 3479 665 3509 5.
685 3493 727 3500 —-
749 3477 763 3499 ⁵
781 3477 938 3517 1sa.‚1x,
961 3479 1051 3509 1.-
1072 3478 1084 3498 ⁶
1103 3479 1234 3518 Ezech..

2265 259 2342 298 395

1308 346 1534 394 inquinatae,
1571 346 1808 392 aggravatae,
1841 345 2035 382 sceleratae
2070 359 2078 383 :
2113 347 2339 394 inquinatae,

1309 408 1505 456 siquidem
1555 410 1717 456 propter
1756 407 2068 454 oppositionem;
2118 410 2342 455 aggravatoe

1310 472 1454 517 autem,
1474 472 1636 518 propter
1672 468 1943 515 iterationem3
1974 470 2184 515 sceleratae,
2221 481 2340 518 prop-

1308 535 1366 569 ter
1402 533 1572 569 infamiae
1615 531 1957 579 vituperationem.
1993 533 2042 568 De
2081 532 2210 578 primo
2245 532 2341 579 legi·

1309 596 1370 631 tur
1392 595 1404 617 ¹·
1434 606 1442 631 :
1475 594 1726 643 «inquinatae
1770 595 1860 630 sunt
1901 593 1974 630 viae
2013 593 2118 630 illius
2153 595 2193 630 in
2229 595 2341 631 omni

1308 657 1499 703 tempore.
1522 669 1540 690 »
1564 658 1625 692 Vae
1641 656 1737 702 illis,
1759 666 1931 703 quorum
1959 655 2033 692 viae
2052 658 2141 692 sunt
2176 655 2216 691 in
2235 656 2343 692 omni

1311 720 1485 766 tempore
1505 719 1729 766 inquinatae,
1765 720 1841 756 hoc
1865 722 1921 756 est
1949 719 1990 755 in
2009 729 2116 764 vere,
2138 718 2177 755 in
2196 722 2342 765 testate,

1310 780 1350 816 in
1369 783 1575 826 autumno,
1596 781 1635 817 in
1668 781 1824 829 hyeme3
1846 781 1887 817 id
1908 782 1977 827 est,
2011 781 2051 817 in
2081 780 2262 828 pueritia,
2280 781 2343 827 ju-

1309 845 1482 889 ventute,
1515 845 1727 888 senectute,
1766 843 1891 890 senio,
1919 844 2000 880 sive
2020 846 2158 881 morte.
2201 845 2250 880 De
2283 853 2344 879 se-

1310 906 1442 944 cundo
1459 908 1498 943 ⁵:
1525 920 1542 941 «
1562 909 1781 954 Aggravata
1809 908 1866 943 est
1896 906 1961 943 via
1994 906 2114 943 maris
2133 910 2239 943 trans
2258 908 2342 943 Jor-

1311 968 1508 1006 danem.»
1539 970 1710 1006 Iordanis
1742 969 2017 1017 interpretatur
2053 968 2161 1004 rivus
2186 968 2342 1014 judicii,

1309 1043 1380 1079 per
1419 1042 1539 1080 quem
1575 1031 1817 1078 significatur
1855 1030 2047 1067 confessio
2085 1029 2221 1076 flagitii
2249 1029 2344 1066 :via

1310 1093 1428 1141 igitur
1442 1096 1548 1130 trans
1566 1094 1780 1130 ,Iordanem
1809 1096 1865 1130 est
1895 1092 2053 1129 infectIO
2089 1092 2226 1128 iterata
2256 1095 2346 1139 post

1310 1155 1599 1193 consessionem
1619 1168 1627 1193 ε
1647 1167 1736 1204 quae
1765 1155 1904 1192 merito
1937 1155 2078 1192 dicitur
2116 1157 2344 1201 aggravata,

1309 1218 1408 1256 sicut
1439 1219 1623 1266 graviora
1655 1221 1743 1256 sunt
1779 1218 1943 1255 vulnera
1974 1220 2176 1254 renovata.
2200 1219 2249 1253 De
2272 1219 2346 1253 ter—

1309 1281 1362 1319 tio
1383 1280 1396 1302 ⁶
1418 1294 1426 1318 :
1454 1294 1471 1316 «
1493 1282 1601 1319 Dabo
1621 1284 1657 1318 te
1676 1282 1716 1318 in
1743 1281 1894 1318 animas
1928 1279 2147 1317 odientium
2180 1281 2215 1315 te
2249 1278 2346 1315 filia-

1309 1355 1399 1380 rum
1430 1343 1738 1389 palaestineum,
1772 1354 1861 1390 quae
1882 1343 2117 1380 erubescunt
2136 1341 2177 1377 in
2193 1341 2259 1378 via
2278 1343 2345 1377 tua

1310 1407 1508 1444 scelerata.
1521 1420 1538 1441 η
1555 1409 1625 1443 Per
1637 1407 1859 1449 Palaestt‘nos,
1875 1404 1944 1453 qui
1959 1405 2261 1451 interpretantur
2276 1413 2344 1440 ore

1310 1469 1614 1515 contundentes,
1666 1468 1918 1515 intelligimus
1964 1467 2208 1504 detrahentes
2219 1479 2228 1512 3
2272 1476 2344 1512 per

1309 1534 1406 1568 viam
1420 1533 1642 1577 sceleratam,
1667 1530 1961 1568 immunditiam
1995 1528 2237 1566 infamatam.
2272 1529 2342 1564 Pa-

1308 1594 1466 1631 laestinis
1487 1605 1581 1641 ergo
1602 1594 1731 1640 datur,
1754 1593 1822 1641 qui
1835 1593 1914 1630 suis
1926 1590 2246 1640 promerentibus
2259 1590 2343 1626 cul-

1309 1657 1369 1704 pis
1406 1668 1430 1694 a
1469 1656 1765 1694 detrahentibus
1793 1656 1999 1692 laceratur.
2038 1653 2114 1690 Sed
2153 1652 2343 1690 Palaestini

1309 1723 1401 1756 tunc
1419 1719 1460 1756 in
1478 1719 1543 1756 via
1563 1718 1667 1756 illius
1690 1718 1877 1755 scelerata
1897 1717 2148 1761 erubeseunt,
2168 1726 2256 1752 cum
2277 1715 2342 1751 de-

1309 1784 1495 1819 tractores
1527 1781 1704 1829 proferre
1742 1779 2045 1818 horribilitatem
2082 1777 2342 1816 immunditIoe

1309 1844 1623 1892 perhorrescunt.

1655 1945 1838 1981 Articulus
1858 1944 2001 1980 tertius.

1357 2038 1404 2071 Et
1424 2037 1582 2071 converti
1603 2034 1710 2081 pedes
1739 2043 1844 2069 meos.
1885 2032 1950 2068 Hic
1982 2034 2138 2069 notatur
2171 2031 2343 2068 infectio-

1310 2109 1407 2135 num
1426 2098 1687 2146 inspectarum
1710 2096 1923 2144 despectio.
1948 2095 2052 2133 Sicut
2069 2096 2176 2132 enim
2195 2095 2344 2142 inspec-

1311 2161 1357 2197 tis
1377 2160 1619 2208 etdespectis
1652 2159 1910 2196 exterioribus
1941 2157 2214 2203 immunditiis,
2247 2167 2341 2193 con-

1311 2223 1498 2260 vertimus
1518 2222 1640 2270 pedes
1652 2221 1854 2258 exterioris
1873 2221 2068 2267 hominis,
2089 2221 2143 2257 sic
2161 2220 2344 2268 inspectis

1311 2288 1348 2322 et
1367 2285 1559 2333 despectis
1578 2284 1845 2329 interioribus,
1876 2283 2000 2332 pedes
2036 2283 2230 2320 interioris
2250 2293 2344 2320 con-

1310 2349 1509 2385 vertimus.
1529 2347 1638 2384 Tales
1657 2347 1778 2395 pedes
1807 2347 2024 2392 interiores,
2045 2346 2231 2383 videlicet
2261 2345 2345 2382 ani-

1310 2422 1383 2447 mae
1403 2411 1642 2457 affectiones,
1661 2410 1831 2457 legimus
1850 2409 1892 2446 in
1911 2409 2032 2446 sacris
2051 2409 2235 2457 eloquiis,
2257 2419 2347 2445 cur-

1310 2476 1452 2519 rentes,
1492 2473 1752 2518 offendentes,
1791 2472 1970 2509 dolentes
2005 2485 2013 2508 :
2046 2474 2209 2508 currunt
2241 2471 2346 2508 enim

1311 2545 1601 2583 nonnunquam
1618 2536 1706 2582 post
1732 2533 2110 2582 concupiscentiam3
2141 2533 2348 2570 offendunt

1311 2597 1362 2634 ad
1401 2597 1630 2645 injustitiam
1642 2609 1653 2642 ς
1693 2597 1828 2633 dolent
1866 2607 1938 2643 per
1971 2596 2256 2644 poenitentiam.
2294 2598 2346 2633 De

2366 977 2506 1003 ,Iordanis

2398 1414 2504 1441 Palaes-

2365 1454 2417 1482 tini
2428 1474 2435 1482 .

1310 2660 1440 2708 primo
1459 2661 1472 2683 ⁷
1494 2673 1502 2696 z
1529 2672 1547 2694 «
1567 2659 1688 2696 Pedes
1706 2659 1868 2696 illorum
1889 2659 1941 2696 ad
1955 2659 2107 2696 malum
2128 2661 2310 2702 currunt,-
2324 2671 2342 2691 ι)
2357 2695 2365 2697 e

1310 2723 1352 2760 id
1368 2725 1437 2770 est,
1455 2722 1507 2760 ad
1530 2725 1662 2760 actum
1695 2732 1815 2770 quem
1851 2721 1955 2758 male
1992 2721 2288 2768 concupiscunt,
2310 2723 2347 2758 et

1311 2787 1365 2823 sic
1384 2789 1472 2834 post
1495 2785 1855 2834 concupiscentiam
1886 2795 1999 2822 suam
2030 2784 2193 2822 vadunt.
2219 2787 2269 2822 De
2289 2795 2345 2822 se-

1311 2849 1443 2886 eundo
1457 2849 1470 2871 ⁸
1490 2861 1498 2886 ε
1524 2864 1540 2881 «
1561 2848 1633 2894 Qui
1653 2848 1816 2885 festinus
1835 2851 1906 2893 est,
1924 2847 2096 2895 pedibus
2117 2847 2300 2894 offendit3
2324 2863 2340 2880 »ι

1311 2911 1425 2960 quasi
1446 2911 1550 2948 dIcat
1571 2923 1579 2947 :
1602 2911 1887 2948 Immoderatus
1908 2909 2112 2946 aflectibus
2143 2909 2196 2946 ad
2213 2910 2345 2957 obJee-

1311 2976 1394 3011 tum
1414 2973 1594 3011 illicitum
1614 2984 1654 3011 se
1668 2974 1808 3011 allidit.
1823 2975 1874 3010 De
1887 2973 1998 3010 tertio
2013 2973 2026 2995 ⁹
2045 2985 2053 3009 :
2071 2985 2089 3007 (ι
2109 2975 2150 3010 ln
2168 2975 2344 3021 tempore

1310 3036 1518 3073 senectutis
1536 3047 1616 3072 suoe
1645 3035 1785 3083 doluit,=
1803 3036 1938 3084 pedes,
1960 3048 1979 3070 »
2020 3035 2166 3072 scilicet
2183 3038 2257 3072 Asa
2276 3045 2343 3071 rex

1310 3099 1422 3137 Juda.
1445 3100 1522 3136 Asa
1540 3099 1817 3148 interpretatur
1839 3098 2002 3145 tollens;
2028 3098 2123 3134 Juda
2139 3097 2341 3134 confitens.
2364 3107 2432 3136 Asa.

1309 3163 1414 3198 Tunc
1434 3162 1553 3209 igitur
1571 3165 1646 3200 Asa
1659 3173 1729 3199 rex
1746 3161 1847 3198 Juda
1863 3161 1903 3197 in
1933 3163 2109 3208 tempore
2137 3159 2344 3196 senectutis
2361 3164 2447 3190 «ἰωὴ-

1309 3224 1432 3272 pedes
1452 3224 1574 3272 dolet,
1593 3224 1758 3273 quando
1791 3224 1933 3261 tollens
1956 3226 2074 3269 recte,
2095 3222 2284 3260 confitens
2302 3221 2343 3259 in

1309 3290 1486 3335 tempore
1506 3287 1768 3325 defunctionis
1797 3286 1973 3334 poenitet.

1310 3385 1386 3420 xvi,
1410 3379 1463 3409 27.
1484 3395 1524 3401 —
1550 3377 1562 3398 ⁷
1583 3378 1697 3417 Prov.‚
1727 3384 1756 3417 1,
1786 3378 1846 3416 163
1873 3376 1950 3416 Im„
1978 3382 2054 3415 mx,
2079 3375 2111 3406 7.
2131 3391 2171 3398 —
2196 3375 2207 3393 ⁸
2233 3376 2342 3418 P7·ov.‚

1310 3432 1382 3466 xm,
1404 3428 1435 3458 2.
1455 3442 1495 3449 -
1513 3425 1525 3444 ⁹
1547 3425 1589 3457 ΙΙΙ
1610 3425 1702 3466 Req„
1722 3431 1781 3464 xv,
1800 3425 1855 3455 23.

1351 3481 1398 3524 (a)
1420 3482 1500 3514 Caet.
1519 3481 1601 3513 edit.
1623 3479 1847 3522 scopantium.
