2633 3878
1046 196 1138 236 PSA
1151 195 1286 236 LMUS
1318 195 1488 237 cxviii.

199 289 389 339 quoniam
414 289 588 336 benigna
607 290 662 325 est
690 284 958 324 misericordia
978 287 1066 330 tua,
1087 297 1104 318 η
1129 286 1200 320 etc.
1219 297 1227 320 :

198 363 287 389 ecce
308 351 579 388 misericordia
598 350 783 396 benigna,
801 357 986 394 separans
1007 357 1030 383 a
1049 345 1230 382 molestia

197 414 403 462 temporali
422 413 462 450 in
481 416 656 459 tempore
674 408 944 446 defunctionis.

521 518 702 554 Artz'culus
726 515 910 552 secundus.

247 604 442 647 Quantum
468 600 519 636 ad
539 598 776 643 secundum,
798 597 1005 644 supposuit
1024 609 1031 633 :
1062 598 1231 641 Vz'vz'fica,

198 664 343 700 scilicet
367 660 558 710 spirituali
586 660 683 704 vita,
710 670 789 706 qua
817 659 986 695 vitantur
1010 657 1159 694 illicita.
1190 659 1233 694 Et

198 728 310 770 nota,
331 723 441 771 quod
460 723 526 759 tali
547 722 626 758 vita
645 721 837 757 vivificari
857 720 1054 768 supplicat
1072 722 1232 767 propter

199 787 271 823 tria
298 798 306 822 :
337 785 518 822 videlicet
547 784 598 820 ad
634 783 885 830 spiritualiter
914 781 1230 827 umbulandum3

198 848 250 884 ad
289 846 521 883 fiducialiter
559 844 866 893 postulandum3
912 843 963 879 ad
1001 842 1232 879 aeternaliter

198 908 478 956 gratulandum
501 919 508 943 :
549 917 721 954 quorum
763 905 938 953 primum
976 905 1141 952 pertinet
1180 904 1232 941 ad

198 970 490 1018 operationem
522 969 759 1013 secundum,
796 968 848 1004 ad
880 967 1122 1013 orationcm;
1158 969 1233 1002 ter-

198 1031 309 1076 tium,
325 1032 376 1067 ad
388 1031 590 1079 utriusque
604 1029 975 1067 remunerationem.
991 1031 1040 1065 lle
1058 1028 1188 1076 primo
1200 1031 1228 1063 ¹:

202 1107 219 1127 «
247 1095 330 1130 uoec
363 1093 455 1130 dicit
484 1093 688 1138 Dominus,
718 1105 736 1126 n
761 1094 797 1128 et
828 1090 928 1127 infra
951 1103 958 1126 :
991 1104 1007 1124 «
1030 1092 1070 1125 ln
1097 1091 1230 1126 sancto

196 1155 396 1200 habitans,
423 1158 459 1191 ct
480 1166 570 1191 cum
595 1153 760 1191 contrito
788 1155 825 1189 et
844 1152 983 1188 humili
1011 1151 1169 1199 spiritu,
1191 1154 1233 1187 ut

196 1217 367 1254 vivificet
390 1217 570 1264 spiritum
597 1216 832 1252 humilium:
856 1229 873 1249 )>
902 1225 991 1251 ecce
1018 1213 1229 1250 vivificatio

197 1279 249 1316 ad
265 1279 515 1327 spiritualiter
535 1277 836 1315 ambulandum.
862 1280 911 1313 De
932 1275 1106 1313 secundo
1127 1275 1230 1321 legi—

198 1343 260 1378 tur
279 1343 318 1378 2:
345 1356 362 1376 «
384 1341 606 1378 Vivificabis
634 1351 729 1386 1105,
754 1343 789 1376 et
817 1349 964 1376 nomen
991 1341 1103 1374 tuum
1122 1337 1231 1373 invo-

198 1404 401 1440 cabimus:
426 1418 442 1437 n
468 1414 556 1439 ecce
581 1401 792 1439 vivificatio
818 1401 870 1437 ad
889 1400 1124 1437 fiducialiter
1144 1410 1232 1446 pos-

198 1465 418 1502 tulandum.
442 1468 490 1501 Dc
511 1465 621 1501 tertio
638 1464 819 1500 scribitur
834 1474 855 1500 a
871 1462 1180 1509 Psalmographo
1193 1462 1230 1498 ⁸:

202 1540 221 1561 «
241 1527 463 1564 Yivificabis
482 1538 567 1571 nos,
590 1530 625 1562 et
644 1526 757 1573 plebs
776 1528 843 1561 tua
863 1524 1059 1561 laetabitur
1079 1523 1118 1559 in
1139 1527 1192 1559 te:
1211 1537 1228 1557 »

199 1601 287 1627 ecce
307 1590 518 1627 vivificatio
539 1590 590 1626 ad
610 1589 842 1626 aeternaliter
863 1588 1156 1635 gratulandum.

529 1694 718 1730 Articulas
753 1694 896 1728 tertius.

245 1780 440 1822 Quantum
460 1777 512 1814 ad
531 1776 705 1822 tertium,
728 1774 960 1823 proposuit:
986 1776 1065 1820 Me,
1087 1774 1232 1811 scilieet

197 1842 387 1877 tentatum
416 1838 612 1886 corporali
643 1837 866 1875 tentatione.
901 1839 942 1873 Et
972 1839 1089 1882 nota,
1121 1837 1232 1883 quod

199 1901 388 1948 contingit
414 1901 594 1948 spiritum
621 1899 822 1947 tripliciter
852 1898 990 1935 tentari
1018 1898 1086 1935 tali
1109 1901 1231 1935 tenta-

198 1965 322 2010 tione,
350 1963 432 2000 sine
452 1962 606 1999 mortali
629 1961 975 2009 praevaricatione:
1004 1962 1138 2008 utpote
1158 1960 1231 1996 im-

197 2027 318 2074 perite
358 2025 589 2071 cogitando,
621 2024 740 2059 invite
780 2022 1037 2067 delectando,
1076 2023 1230 2059 incaute

198 2087 494 2125 consentiendo.
517 2085 827 2132 Cogitationibus
855 2084 1036 2131 vallatur,
1059 2083 1231 2120 delecta-

198 2150 370 2188 tionibus
404 2149 653 2194 verberatur,
692 2146 1019 2184 consensionibus
1047 2147 1232 2183 vulnera-

197 2216 258 2250 tur
266 2226 276 2259 3
293 2213 324 2248 si
338 2214 470 2249 tamen
488 2210 758 2247 indeliberatae
775 2209 932 2254 suerint,
948 2219 1030 2245 non
1052 2212 1227 2245 necatur.

197 2276 248 2311 De
265 2274 395 2322 primo
414 2274 427 2295 ⁴
444 2285 452 2310 :
477 2285 497 2307 α
517 2271 867 2310 Circumdederunt
889 2281 952 2306 me
973 2282 1086 2318 aquae
1105 2281 1230 2318 usque

197 2337 249 2374 ad
277 2336 451 2374 animam
476 2346 626 2380 meam,
649 2334 814 2382 abyssus
839 2333 1002 2370 vallavit
1020 2344 1097 2370 me.
1119 2347 1136 2368 »
1161 2335 1231 2370 Per

197 2409 322 2446 aquas
344 2409 486 2444 vagas,
508 2397 681 2443 intellige
708 2395 962 2443 cogitationes
989 2406 1112 2432 vanas
1122 2408 1132 2441 3
1160 2406 1231 2442 per

199 2460 388 2506 abyssum
429 2459 663 2503 obscuram,
698 2457 976 2504 cogitationem
1015 2456 1227 2503 impuram.

198 2523 302 2558 Tunc
322 2521 439 2567 igitur
453 2521 627 2557 animam
647 2530 751 2566 aqua
766 2518 997 2562 circumdat,
1012 2528 1103 2554 cum
1121 2527 1231 2553 vanae

200 2583 454 2630 cogitationes
473 2582 667 2618 inundant
677 2594 687 2627 3
707 2585 796 2618 tunc
811 2581 976 2628 abyssus
988 2579 1122 2624 vallat,
1140 2590 1230 2615 cum

199 2646 356 2693 impura
380 2644 562 2692 cogitatio
594 2655 633 2680 se
663 2644 904 2688 admiscens,
931 2641 1167 2688 cogitantem
1184 2641 1230 2678 ti—

199 2708 308 2745 tillat.
338 2710 390 2744 De
413 2706 587 2744 secundo
611 2708 648 2743 ¹⁵:
673 2719 691 2740 «
711 2705 1024 2742 verberaverunt
1047 2714 1132 2749 mc,
1159 2703 1230 2740 sed

198 2781 280 2808 non
307 2769 417 2807 dolui
437 2781 444 2806 :
466 2783 482 2802 »
507 2768 618 2817 quod
639 2768 687 2804 de
708 2767 981 2803 involuntariis
1001 2766 1229 2803 delectatio-

197 2833 314 2870 nibus
334 2834 462 2881 potcst
485 2831 673 2878 intelligi,
693 2841 781 2878 quae
800 2829 1031 2875 verberant,
1054 2828 1149 2876 quia
1167 2838 1230 2865 ra-

197 2895 453 2932 tionalitatem
478 2893 705 2939 molestant3
732 2891 802 2928 sed
829 2891 1010 2928 dolorem
1035 2901 1117 2927 non
1138 2901 1230 2927 cau-

197 2959 302 3003 sant,
327 2957 421 3004 quia
441 2955 731 2992 sensualitatem
751 2954 960 2991 oblectant.
984 2955 1034 2990 Dc
1054 2952 1166 2989 tertio
1187 2953 1200 2974 ⁸
1219 2965 1227 2989 :

201 3031 220 3052 «
240 3021 474 3056 Invenerunt
492 3029 556 3054 me
576 3017 772 3062 custodes,
787 3016 857 3065 qui
876 3016 1120 3052 circumeunt
1139 3014 1231 3050 civi-

197 3083 314 3117 tatem
323 3092 334 3126 ς
361 3083 636 3128 percusserunt
660 3090 743 3125 me,
777 3079 1082 3115 vulneraverunt
1107 3087 1185 3114 me.
1208 3090 1225 3111 »

196 3143 305 3180 Tales
331 3141 513 3179 custodes
540 3141 724 3178 videntur
749 3151 831 3177 csse
857 3140 1079 3185 daemoneS‚
1101 3139 1229 3187 quiin

198 3205 362 3242 circuitu
376 3203 594 3250 ambulant,
612 3206 649 3240 et
664 3203 905 3239 circumeunt
922 3204 1080 3248 terram,
1095 3205 1138 3238 ut
1157 3204 1230 3238 ter-

195 3268 351 3316 rigenas
366 3267 686 3305 circumveniant.
703 3265 745 3302 lli
759 3265 993 3313 percutiunt,
1011 3275 1101 3301 cum
1116 3265 1230 3302 affec-

196 3331 342 3369 tionem
361 3342 432 3380 per
449 3331 648 3379 impuram
667 3328 967 3366 delectationem
983 3326 1227 3376 concutiunt;

240 3415 252 3436 1
277 3415 354 3457 lsa„
385 3423 467 3457 Lvn,
500 3417 550 3448 15.
576 3432 616 3438 —
642 3415 653 3433 ²
680 3413 769 3446 Psal.
802 3420 926 3453 mmm,
956 3414 1005 3444 ¹9.
1033 3429 1072 3435 —
1094 3412 1108 3434 ³
1134 3412 1226 3444 Psal.

200 3468 340 3504 Lxxxiv,
366 3464 398 3495 7.
424 3481 459 3486 —
488 3463 501 3484 δ
524 3463 612 3504 .Ιοη.,
634 3470 677 3503 11,
698 3465 729 3493 ὓ.
752 3479 793 3485 --
821 3461 831 3479 '⁴
856 3461 968 3499 Prota,
989 3467 1095 3501 xxiii,
1116 3463 1166 3492 35.
1188 3478 1229 3484 -

2256 206 2329 244 4311

1303 285 1372 321 sed
1393 284 1622 330 vulnerant,
1650 295 1740 322 cum
1766 288 1958 325 rationem
1985 299 2055 337 per
2083 290 2253 329 subitam
2270 302 2333 330 as-

1303 346 1525 383 sensionem
1545 345 1721 384 alterant.

1633 451 1818 488 Arcz'culus
1843 458 2005 498 quartus.

1351 534 1547 576 Quantum
1561 532 1611 569 ad
1628 535 1828 580 quartum,
1845 536 2029 582 apposuit
2046 548 2054 572 ε
2073 539 2119 574 Ec
2139 540 2336 576 custodiam

1306 597 1509 631 testimonia
1532 597 1605 631 oris
1639 598 1707 631 tui.
1741 596 1841 632 Talis
1881 598 2060 635 custodia
2093 603 2147 636 est
2178 602 2336 638 moralis

1305 656 1557 693 observantia
1571 685 1581 700 ‚
1603 668 1670 694 ore
1693 658 1894 696 dominico
1914 660 2143 706 praedicata.
2165 664 2208 698 Et
2227 666 2334 710 nota,

1305 717 1416 764 quod
1454 717 1590 754 divina
1633 720 1853 756 testimonia
1898 721 2104 768 diligenter
2141 724 2336 761 custodire

1305 778 1511 824 dehemus,
1532 781 1704 817 maxime
1724 782 1755 817 si
1776 783 1983 828 vigilanter
2001 795 2226 831 pensemus,
2248 797 2302 833 qu
2320 797 2338 822 s

1305 840 1433 886 dator,
1455 841 1544 888 quis
1562 847 1858 890 remunerator,
1881 846 1967 892 quis
1992 846 2096 882 ultor
2116 859 2124 883 :
2147 848 2338 894 quoniam

1304 902 1369 938 ille
1388 905 1442 939 est
1462 902 1577 939 dator
1591 932 1602 949 ,
1624 904 1686 940 cui
1711 904 1878 942 debetur
1900 907 2097 943 maximus
2117 919 2250 953 amor;
2273 909 2337 945 ille

1304 967 1590 1011 remunerator,
1620 966 1683 1002 cui
1704 966 1869 1003 debetur
1889 968 2086 1005 maximus
2104 969 2254 1016 honor3
2273 971 2338 1007 ille

1305 1026 1422 1073 ultor,
1452 1027 1514 1063 cui
1543 1027 1709 1064 debetur
1736 1029 1933 1066 maximus
1961 1029 2093 1067 timor.
2128 1033 2177 1067 De
2209 1031 2337 1078 primo

1305 1089 1438 1126 scribit
1457 1090 1788 1138 psalmographus
1805 1093 1818 1114 ⁷
1849 1104 1857 1128 :
1891 1105 1907 1126 «
1936 1093 2216 1131 Custodiebant
2236 1094 2339 1132 testi-

1304 1151 1440 1188 monia
1460 1152 1565 1198 ejus,
1586 1155 1623 1188 et
1647 1156 1886 1200 praeceptum
1915 1155 2027 1201 quod
2053 1155 2162 1192 dedit
2187 1156 2263 1192 illis
2286 1168 2294 1193 :
2319 1172 2336 1191 ι)

1305 1224 1393 1250 ecce
1425 1214 1560 1259 dator,
1593 1215 1655 1251 cui
1693 1215 1860 1252 debetur
1896 1217 2091 1254 maximus
2127 1228 2253 1255 amor.
2290 1221 2338 1256 De

1304 1275 1479 1312 secundo
1513 1276 1610 1313 alibi
1629 1277 1682 1313 ait
1709 1277 1752 1313 ⁸:
1787 1277 1861 1314 «Si
1893 1278 2147 1316 custodierint
2178 1279 2248 1316 filii
2286 1281 2339 1317 tui

1304 1339 1580 1374 testamentum
1611 1349 1765 1384 meum,
1795 1342 1832 1377 et
1863 1340 2083 1378 testimonia
2119 1353 2208 1379 mea
2241 1342 2338 1388 haee,

1306 1409 1394 1445 quae
1414 1399 1567 1436 docebo
1589 1410 1678 1446 eos3
1701 1404 1737 1437 et
1760 1401 1830 1437 filii
1851 1412 1989 1438 eorum
2009 1414 2134 1450 usque
2154 1404 2193 1439 in
2219 1415 2338 1441 saecu-

1304 1460 1387 1497 lum
1421 1461 1615 1498 sedebunt
1643 1473 1760 1510 super
1793 1463 1927 1499 sedem
1959 1467 2097 1501 tuam:
2128 1479 2145 1499 »
2171 1476 2259 1502 ecce
2285 1477 2339 1503 re-

1305 1527 1547 1570 munerator,
1585 1525 1647 1561 cui
1684 1525 1849 1562 debetur
1877 1527 2073 1564 maximus
2108 1528 2249 1565 honor.
2290 1531 2339 1566 De

1305 1585 1417 1622 tertio
1444 1590 1575 1623 autem
1603 1586 1699 1624 alibi
1727 1587 1931 1634 psallimus
1953 1589 2001 1635 (a)
2022 1589 2035 1610 ⁹
2057 1601 2064 1625 :
2091 1603 2108 1623 «
2127 1589 2339 1627 Exacerba·

1306 1650 1446 1684 verunt
1466 1650 1588 1684 Deum
1611 1649 1831 1695 excelsum,
1861 1653 1897 1686 et
1917 1650 2138 1687 testimonia
2158 1652 2240 1697 ejus
2259 1662 2341 1688 non

1306 1709 1597 1753 custodierunt,·
1614 1723 1630 1744 >³
1652 1712 1689 1746 et
1702 1710 1827 1746 infra:
1850 1725 1866 1744 «
1882 1710 2039 1748 Audivit
2055 1713 2167 1759 Deus,
2177 1715 2214 1749 et
2233 1723 2340 1760 spre-

1306 1771 1374 1817 vit,
1396 1774 1432 1808 et
1451 1771 1502 1808 ad
1524 1772 1690 1808 nihilum
1712 1772 1866 1818 redegit
1890 1772 2008 1809 valde
2029 1773 2145 1811 Israel
2172 1787 2180 1811 ε
2210 1788 2227 1809 n
2252 1785 2340 1812 ecce

1306 1834 1423 1880 ultor,
1444 1834 1505 1870 cui
1527 1834 1693 1872 debetur
1713 1835 1910 1872 maximus
1931 1835 2060 1873 timor.

1737 1942 1908 1984 Epilogus.

1354 2022 1459 2057 Patet
1481 2020 1613 2067 itaque
1639 2031 1717 2057 vox
1744 2021 1962 2068 Prophetae,
1980 2025 2132 2071 *typum
2173 2025 2340 2071 gerentis

1305 2092 1483 2129 personae
1502 2082 1732 2119 intrinsecus
1755 2083 1916 2120 titillatae
1944 2096 1952 2120 :
1983 2085 2181 2122 Secundum
2200 2089 2339 2124 miseri-

1306 2144 1466 2181 cordiam
1508 2148 1619 2190 tuam,
1658 2144 1803 2182 scilicet
1837 2146 2001 2183 miseriae
2038 2158 2135 2184 meae
2169 2149 2338 2186 sensuali

1307 2216 1539 2253 congruam,
1561 2209 1754 2254 quantum
1768 2207 1820 2244 ad
1835 2209 2158 2256 concupiscentiae
2179 2221 2340 2259 corrup-

1305 2268 1424 2305 telam
1433 2281 1444 2315 ;
1473 2270 1641 2315 Vivz'fica,
1663 2269 1807 2306 scilicet
1827 2270 2018 2318 spirituali
2032 2271 2126 2316 vita,
2147 2277 2340 2320 quantum

1306 2331 1358 2368 ad
1378 2331 1510 2378 gratiae
1530 2331 1716 2376 tutelam‚·
1736 2333 1805 2375 Me,
1829 2332 1973 2370 scilicet
1992 2335 2179 2370 tentatum
2199 2345 2340 2382 corpo-

1305 2393 1378 2430 rali
1410 2394 1648 2440 tentatione,
1681 2397 1873 2442 quantum
1899 2395 1951 2431 ad
1978 2394 2190 2443 iniquitatis
2211 2398 2340 2434 caute-

1305 2455 1410 2501 lam3
1439 2457 1488 2492 Et
1511 2456 1709 2492 custodiam
1743 2458 1947 2492 testimonia
1979 2459 2052 2493 ort's
2084 2460 2160 2503 tui,
2193 2458 2340 2495 scilicet

1305 2516 1447 2553 morali
1485 2517 1787 2561 observatione,
1826 2521 2019 2564 quantum
2057 2519 2109 2555 ad
2147 2519 2339 2567 requitatis

1304 2578 1519 2626 sequelam.

1668 2681 1890 2710 vERstcuws
1917 2683 1967 2709 ΙΧ.

1354 2770 1411 2804 89.
1438 2769 1481 2803 In
1517 2770 1708 2813 (eternum,
1736 2771 1884 2804 Domine
1901 2796 1912 2814 ,
1949 2769 2091 2805 verbum
2117 2773 2235 2816 tuum,
2263 2772 2334 2807 etc.

1305 2831 1471 2866 Causam
1501 2829 1748 2866 deficientem
1780 2830 1954 2867 vidimus
1991 2842 2062 2878 per
2091 2833 2337 2869 octonarium

1305 2891 1612 2939 praecedcntem3
1654 2903 1814 2929 causam
1842 2892 2083 2930 reficientem
2115 2893 2338 2931 videbimus

1305 2964 1376 3000 per
1394 2956 1640 3001 prasente-m.
1669 2956 1756 2991 Haec
1789 2958 1921 2991 autem
1953 2966 2072 2992 causa
2102 2959 2158 2993 est
2182 2956 2337 2993 bonitas

1305 3016 1441 3053 divina
1472 3028 1480 3052 :
1512 3027 1599 3064 quae
1629 3027 1711 3054 non
1738 3020 1794 3054 est
1819 3017 2036 3063 defectiva,
2068 3018 2166 3055 sicut
2194 3018 2338 3065 probat

1306 3078 1579 3126 quaternarius
1605 3079 1775 3126 primus3
1805 3079 1875 3115 sed
1907 3079 2113 3126 refectiva,
2133 3080 2231 3116 sicut
2248 3089 2337 3126 pro-

1305 3141 1374 3178 bat
1405 3140 1614 3177 secundus.
1655 3140 1847 3177 Probatur
1875 3144 2006 3177 autem
2041 3141 2152 3189 quod
2180 3151 2262 3178 non
2289 3141 2337 3177 sit

1306 3202 1511 3248 defectiva,
1546 3213 1592 3239 eo
1625 3202 1735 3250 quod
1771 3202 1819 3239 sit
1849 3202 2091 3239 mirabilium
2128 3202 2332 3239 effectiva:

1306 3276 1393 3314 quae
1413 3266 1504 3301 sunt
1534 3264 1764 3312 inquietatio
1788 3264 1972 3301 maximae
1991 3264 2196 3311 firmitatis,
2226 3264 2336 3312 quie-

1305 3327 1399 3365 tatio
1436 3326 1619 3364 maximae
1655 3326 1916 3373 infirmitatis,
1951 3326 2114 3363 retentio
2153 3326 2335 3364 maximae

1305 3413 1318 3434 Β
1339 3412 1449 3450 Cant„
1472 3418 1502 3451 v,
1528 3411 1558 3440 7.
1583 3427 1621 3432 —
1648 3410 1657 3428 ⁷
1678 3409 1763 3441 Psal.
1791 3417 1915 3447 xcviii,
1940 3410 1970 3440 7.
1995 3426 2035 3432 —
2060 3409 2073 3431 ⁸
2099 3409 2190 3442 Psal.
2216 3418 2333 3449 cxxxi,

1307 3460 1414 3492 12-13.
1431 3475 1470 3482 —
1502 3459 1513 3476 ⁹
1535 3457 1620 3488 l'sal.
1645 3465 1763 3489 Lxxvii
1778 3481 1788 3498 ‚
1809 3458 1859 3497 56,
1881 3458 1931 3489 59.
1951 3475 1984 3480 —
2010 3458 2054 3498 (α)
2076 3457 2151 3499 Leq.
2169 3458 2333 3492 psalmus.
