2633 3878
305 262 383 301 482

293 343 338 384 'et
355 346 544 392 topazion,
563 341 752 388 quantum
773 337 824 375 ad
845 337 1043 374 bonorum
1064 331 1328 371 deficientium

303 405 607 455 superationem.

655 544 875 572 YERSICULUS
901 542 978 569 xvl.

349 659 430 694 128.
442 658 633 703 Propterea
648 653 695 688 acl
714 653 833 688 omniu
846 649 1032 689 mandata,
1051 648 1120 683 etc.
1136 644 1249 689 Quod
1267 655 1326 681 as-

299 718 548 769 pernandum
570 717 616 752 sit
634 715 785 751 bonum
801 711 1000 754 deficiens,
1017 707 1227 745 insinuavit
1245 717 1329 743 ver-

301 794 365 818 sus
382 780 602 828 praecedens
618 791 627 824 ;
650 777 759 824 quod
780 772 1090 823 amplexandum
1109 770 1155 807 sit
1173 770 1326 806 bonum

299 843 523 890 perficiens,
556 839 726 876 insinuat
744 848 878 874 versus
898 845 1078 884 praesens.
1103 832 1202 877 Quid
1223 830 1326 867 enim

300 904 408 941 aliud
436 906 548 941 sonat
573 903 653 938 brec
682 901 832 945 littera,
854 901 1070 945 Propterea,
1100 898 1169 932 ete.
1187 921 1198 939 ,
1219 893 1293 928 nisi
1316 904 1324 927 :

300 968 397 1012 Quia
435 965 666 1014 temporalia
703 963 890 1011 despexi,
928 961 978 997 ad
1015 957 1203 999 moralia,
1239 966 1324 1003 quae

299 1030 441 1075 dilexi,
465 1027 673 1065 rationalia
691 1029 780 1062 vot-1
802 1023 946 1068 direxi,
967 1018 1210 1058 irrationalia
1231 1028 1323 1054 vero

298 1094 450 1131 correxi
465 1095 482 1129 ?
503 1095 595 1129 Ecce
622 1088 870 1138 quadruplex
894 1084 1084 1133 requitatis
1105 1082 1230 1127 actio,
1254 1080 1325 1117 sci-

298 1156 384 1192 licet
419 1153 634 1201 despectio,
675 1150 851 1195 dilectio,
889 1146 1049 1185 directio
1063 1174 1074 1192 ,
1114 1143 1322 1189 correcti03

295 1221 471 1265 respectu
491 1215 653 1252 totidem
682 1212 946 1259 obJectorum,
973 1207 1154 1245 videlicet
1174 1209 1325 1253 tempo-

295 1280 456 1324 ralium,
478 1276 709 1320 moralium,
728 1272 1003 1317 rationalium,
1023 1268 1322 1307 irrationalium.

631 1379 820 1415 Articulus
840 1377 991 1423 primus.

343 1469 514 1506 Primum
530 1468 664 1510 sonat,
684 1463 793 1512 quod
813 1458 1145 1506 Psalmographus
1164 1456 1294 1493 cantat
1312 1467 1320 1490 ε

294 1535 484 1578 Propterea
497 1557 509 1575 ,
523 1529 564 1565 id
580 1531 649 1571 cst,
670 1527 763 1574 quia
781 1523 942 1571 despexi
957 1519 1205 1569 temporalia,
1225 1518 1324 1554 sicut

293 1596 398 1641 patet
417 1603 487 1641 per
515 1588 787 1639 praecedentia.
822 1588 864 1622 Et
883 1587 998 1629 nota,
1029 1582 1139 1630 quod
1170 1583 1320 1628 tempo-

292 1656 390 1692 ralia
415 1653 629 1703 prudenter
655 1649 895 1698 despiciunt,
920 1646 987 1694 qui
1008 1644 1124 1690 vitia,
1150 1642 1319 1690 judicia,

292 1716 485 1765 supplicia
503 1715 710 1762 vigilanter
731 1711 923 1758 aspiciunt
949 1721 958 1745 :
989 1707 1082 1755 quia
1113 1708 1322 1753 propterea

290 1779 383 1816 vitia
402 1778 710 1825 frequentantur,
727 1771 876 1820 judicia
895 1769 1148 1812 intentantur,
1169 1765 1319 1813 suppli-

290 1842 350 1878 cia
381 1840 605 1877 dilatantur.
637 1840 687 1874 De
720 1835 872 1883 primo,
896 1832 966 1869 ubi
993 1830 1192 1867 mentione
1217 1827 1321 1864 facta

290 1904 339 1941 de
359 1902 541 1948 avaritia,
565 1899 748 1937 subditur
772 1898 781 1918 ¹
811 1909 818 1932 :
846 1911 864 1930 (t
892 1896 1101 1942 Propterea
1122 1892 1208 1928 haec
1229 1889 1322 1926 dicit

289 1967 474 2004 Dominus
503 1977 511 2001 :
543 1974 630 2001 ecce
664 1971 736 2008 ego
767 1959 872 1996 dabo
908 1958 947 1993 in
979 1954 1175 2003 populum
1204 1952 1321 1988 istum

289 2030 440 2073 ruinas,
473 2031 510 2065 et
538 2027 652 2063 ruent
679 2024 720 2060 in
752 2023 805 2059 eis
837 2023 967 2068 patres
1003 2020 1039 2054 et
1074 2016 1145 2052 filii
1180 2013 1318 2060 simul,

290 2092 440 2128 vicinus
465 2093 501 2127 et
525 2087 728 2137 proximus
751 2082 965 2132 peribunt:
994 2095 1010 2114 υ
1046 2089 1134 2116 ecce
1161 2077 1322 2114 ruinosa

287 2153 472 2190 vitiorum
503 2147 779 2198 frequentatio.
807 2149 857 2183 De
888 2142 1062 2181 seeundo
1083 2141 1096 2161 ²
1129 2154 1136 2178 :
1173 2138 1321 2176 «Idola

289 2215 409 2252 secuti
433 2216 522 2250 sunt
544 2226 551 2249 :
574 2214 785 2260 propterea
808 2207 938 2245 adhuc
960 2203 1198 2242 contendam
1214 2200 1319 2248 judi-

289 2277 349 2313 cio
387 2275 618 2319 vobiscum,
653 2272 747 2308 dicit
782 2269 995 2312 Dominus,
1032 2270 1068 2302 et
1105 2275 1196 2301 cum
1230 2262 1321 2298 filiis

288 2339 425 2375 vestris
446 2336 674 2384 disceptabo
697 2347 706 2370 :
734 2347 752 2368 »
777 2343 864 2370 ecce
885 2330 1091 2368 occasione
1113 2325 1322 2375 spiritualis

289 2400 539 2446 idololatriae,
561 2397 705 2434 scilicet
725 2394 915 2435 avaritiae,
935 2391 1176 2439 judiciorum
1197 2389 1322 2425 inten-

289 2464 395 2500 tatio.
429 2465 478 2499 De
511 2461 623 2498 tertio
654 2461 667 2482 ³
699 2471 707 2495 ε
745 2472 762 2492 «
794 2456 952 2494 Nobiles
979 2455 1061 2501 ejus
1092 2452 1322 2489 interierunt

288 2526 405 2570 same,
426 2527 461 2561 et
478 2521 688 2561 multitudo
716 2521 799 2567 ejus
818 2518 879 2555 siti
899 2516 1053 2554 exaruit
1073 2528 1081 2552 :
1110 2516 1320 2563 propterea

290 2587 466 2624 dilatavit
493 2586 667 2622 internus
693 2583 866 2619 animam
891 2590 1025 2625 suam,
1048 2580 1084 2616 et
1104 2576 1258 2624 aperuit
1277 2586 1321 2612 os

289 2660 404 2686 suum
421 2649 572 2695 absque
588 2647 670 2683 ullo
684 2644 851 2682 termino
875 2656 882 2680 :
901 2656 917 2677 ι)
937 2652 1024 2679 ecce
1044 2640 1168 2677 fames
1188 2640 1225 2676 et
1242 2638 1322 2674 sitis

290 2711 550 2759 cupidorum,
571 2720 691 2757 quam
712 2707 886 2755 sequitur
909 2704 1083 2743 dilatatio
1106 2703 1319 2740 tormento-

290 2785 390 2810 rum.

608 2819 797 2855 Articulus
823 2815 1008 2853 secundus.

339 2897 561 2935 Secundum
594 2896 801 2944 personat,
829 2892 939 2941 quod
967 2889 1195 2939 pronuntiat
1227 2900 1235 2925 ε
1267 2889 1323 2924 Ad

292 2963 413 2997 omnia
452 2959 622 2995 mandata
656 2961 750 2993 tua:
788 2956 870 2992 haec
901 2956 990 2990 sunt
1021 2952 1203 2998 moralia,
1234 2962 1324 2998 quze

293 3021 451 3068 dilexit,
482 3022 641 3069 propter
666 3029 753 3066 quae
784 3015 1017 3063 temporalia
1054 3013 1242 3061 despexit.
1281 3015 1324 3050 Et

292 3087 412 3131 nota,
452 3082 563 3132 quod
600 3080 788 3118 mandata
824 3081 912 3114 sunt
950 3076 1152 3113 nobilibus
1184 3075 1323 3112 animae

292 3146 441 3183 viribus
470 3143 671 3191 diligenda
684 3156 695 3189 ;
720 3141 888 3186 scilicet,
918 3138 1161 3175 intellectivae
1177 3166 1188 3183 ,
1210 3137 1323 3174 essec-

293 3209 393 3254 tivae,
413 3207 611 3245 affectivae.
634 3205 798 3251 Quaeris,
819 3202 966 3251 quare?
985 3200 1083 3245 Quia
1101 3202 1189 3236 sunt
1207 3199 1323 3236 lumi-

293 3270 404 3308 naria
420 3269 614 3314 veritatis,
636 3266 846 3305 electuaria
863 3263 1036 3301 sanitatis
1050 3290 1063 3308 ,
1082 3262 1322 3309 exemplaria

293 3332 517 3371 honestatis.
546 3333 596 3368 De
626 3329 756 3378 primo
784 3329 797 3348 ¹·
824 3340 832 3364 :
859 3341 877 3363 α
899 3329 1096 3374 Ingressus
1121 3324 1322 3371 sapientiae

339 3417 497 3456 ¹Jerem.,
518 3422 569 3454 VI,
592 3415 642 3445 21.
665 3430 705 3436 —
722 3412 733 3430 ²
752 3412 887 3450 Mrem„
916 3418 943 3450 1,
965 3410 995 3440 9.
1020 3426 1054 3431 -
1074 3408 1084 3426 ³
1108 3408 1188 3447 Isa„
1210 3415 1242 3448 v,
1270 3410 1319 3440 14.

295 3480 334 3486 -—
360 3463 372 3484 ¹·
398 3462 516 3503 Eccli„
538 3469 566 3502 ι,
587 3463 616 3492 5.
637 3477 675 3502 ᾗ
705 3460 719 3482 ⁵
745 3463 850 3496 prov„
871 3465 941 3498 vu,
963 3459 993 3488 2.
1014 3474 1054 3480 —
1079 3456 1092 3478 8
1115 3455 1233 3495 an-le„
1258 3463 1320 3496 xii,

998 242 1271 287 EXPOSITIO
1305 240 1356 283 ΙΝ
1390 239 1739 283 PSALTERIUM.

1406 331 1593 368 mandata
1625 332 1789 371 aete1=na;
1825 342 1841 359 »
1884 327 1978 374 quia
2006 327 2176 366 veritatis
2206 330 2428 371 luminaria.

1406 394 1456 429 Dc
1479 392 1651 430 seeundo
1667 392 1679 411 ·''·
1696 403 1703 428 :
1724 404 1741 425 «
1759 391 1877 427 Serva
1896 389 2083 427 mandata
2100 401 2204 438 mea,
2221 395 2257 430 et
2269 393 2375 432 vives
2383 408 2393 442 3
2409 409 2426 429 »

1406 454 1499 501 quia
1524 453 1694 491 sanitatis
1722 450 1945 489 electuaria.
1976 453 2027 488 De
2048 452 2160 489 tertio
2180 453 2193 475 ⁶
2229 465 2238 490 :
2266 466 2285 489 «
2311 456 2432 493 Deum

1405 516 1519 563 time,
1549 518 1587 553 ct
1605 516 1792 553 mandata
1813 515 1896 562 ejus
1916 514 2084 553 observa
2098 527 2110 561 3
2131 528 2149 551 ›>
2173 515 2267 564 quia
2293 517 2433 555 hones-

1405 579 1488 615 tatis
1509 578 1760 626 exemplaria.

1744 684 1932 719 Articulus
1955 686 2092 720 teritus.

1450 766 1617 802 Tertium
1650 765 1826 811 insonat,
1853 764 1963 812 quod
1987 764 2158 802 inculcat
2181 778 2189 802 :
2223 768 2431 815 Diriqebar,

1403 826 1548 865 scilicet
1572 829 1764 874 quantum
1790 826 1842 863 ad
1869 826 2064 864 desideria
2095 827 2320 875 rationalia,
2344 839 2432 877 quae

1403 889 1624 936 dirigebam
1655 889 1707 926 ad
1734 889 1843 925 bona
1861 888 2028 926 moralia
2053 889 2207 938 potius,
2238 901 2359 938 quam
2379 892 2431 929 ad

1402 951 1633 999 temporalia
1669 951 1951 1000 comparanda.
1986 954 2027 988 Et
2058 954 2166 998 nota,
2192 953 2301 1000 quod
2329 953 2431 991 cirea

1402 1015 1596 1052 desideria
1621 1015 1796 1052 humana
1822 1016 1950 1062 potest
1983 1026 2065 1052 esse
2098 1015 2260 1053 directio
2292 1016 2429 1064 tripar-

1400 1077 1497 1114 tita:
1539 1077 1632 1125 quia
1663 1077 1778 1124 dirigi
1816 1080 1943 1125 potest
1975 1078 2094 1114 homo
2127 1089 2150 1114 a
2181 1078 2369 1125 Domino,
2407 1090 2431 1117 a

1399 1139 1600 1186 proximo,
1615 1150 1637 1176 a
1653 1139 1795 1187 seipso.
1819 1139 2006 1176 Dominus
2026 1139 2158 1186 dirigit
2178 1139 2409 1188 inspirando
2417 1153 2429 1188 3

1399 1201 1626 1249 proximus,
1646 1201 1902 1249 imperand03
1927 1201 2106 1249 ipsemet,
2137 1202 2356 1250 operando.
2379 1205 2430 1240 De

1399 1264 1528 1311 primo
1547 1265 1561 1286 ⁷
1583 1277 1590 1301 :
1624 1277 1643 1298 «
1664 1266 1737 1301 Cor
1761 1264 1932 1301 hominis
1961 1264 2134 1312 disponit
2152 1264 2259 1301 viam
2290 1275 2427 1313 suam,

1399 1327 1470 1363 sed
1508 1327 1661 1364 Domini
1689 1329 1744 1363 est
1779 1326 1948 1373 dirigere
1980 1337 2136 1373 gressus
2155 1327 2238 1374 ejus
2266 1339 2315 1363 ε»
2340 1337 2430 1364 ecce

1399 1388 1561 1426 directio
1602 1388 1755 1426 Domini
1793 1389 2030 1437 inspirantis.
2069 1391 2119 1426 De
2158 1389 2333 1426 secundo
2370 1390 2383 1412 Β
2418 1403 2428 1426 :

1401 1462 1420 1484 α
1447 1451 1573 1498 Dirige
1602 1451 1757 1488 semitas
1780 1451 1952 1498 pedibus
1971 1451 2065 1497 tuis,
2093 1464 2112 1486 »
2139 1451 2183 1488 id
2213 1453 2291 1498 est,
2316 1450 2431 1489 affec-

1397 1511 1502 1548 tibus
1527 1513 1601 1549 tuis
1627 1525 1634 1549 :
1669 1524 1758 1549 ecce
1793 1513 1953 1550 directio
1989 1513 2161 1561 proximi
2186 1513 2426 1562 imperantis.

1397 1575 1448 1611 De
1467 1575 1579 1611 tertio
1601 1577 1614 1598 ⁹
1630 1587 1638 1612 ;
1655 1589 1672 1609 «
1689 1575 1922 1623 Simplicitas
1932 1576 2127 1623 justorum
2143 1576 2283 1624 diriget
2302 1586 2368 1614 eos
2386 1588 2423 1613 :»

1398 1646 1486 1674 ecce
1507 1637 1668 1675 directio
1689 1637 1830 1676 suimet
1848 1639 2056 1686 operantis.

1720 1743 1910 1778 Articulus
1937 1745 2098 1788 quartus.

1446 1826 1632 1869 Quartum
1663 1827 1840 1872 resonat,
1862 1825 1973 1873 quod
1999 1827 2116 1863 restat
2137 1837 2145 1862 :
2170 1827 2314 1864 Omnem
2331 1830 2428 1864 viam

1396 1889 1561 1934 iniquam
1584 1888 1664 1924 odz'o
1696 1889 1804 1924 habui
1829 1899 1841 1924 :
1866 1888 1949 1925 haec
1970 1892 2025 1926 est
2051 1888 2116 1925 via
2140 1889 2427 1927 desideriorum

1397 1949 1614 1987 carnalium
1662 1949 1850 1987 adversus
1897 1950 2071 1988 animam
2117 1951 2371 1989 militantium
2417 1965 2426 1990 ε

1395 2013 1496 2050 hanc
1523 2014 1628 2051 viam
1654 2014 1847 2061 Propheta
1866 2024 1947 2052 non
1968 2014 2178 2062 diligebat,
2200 2015 2270 2052 sed
2297 2015 2428 2064 potius

1397 2077 1630 2124 corrigebat.
1654 2079 1696 2114 Et
1727 2080 1840 2124 nota,
1870 2077 1981 2126 quod
2008 2077 2150 2125 legitur
2172 2078 2314 2127 triplex
2343 2078 2425 2126 via,

1396 2150 1565 2186 quarum
1595 2139 1672 2176 alia
1694 2150 1766 2176 nec
1790 2139 2007 2187 polluitur,
2034 2151 2106 2177 nec
2134 2139 2328 2188 arguitur3
2351 2139 2428 2178 alia

1394 2201 1605 2248 polluitur,
1627 2201 1697 2238 sed
1727 2211 1810 2238 non
1835 2201 2031 2248 arguitur3
2059 2202 2135 2239 alia
2161 2204 2198 2239 et
2222 2201 2426 2250 polluitur,

1397 2266 1433 2300 et
1457 2263 1644 2310 arguitur.
1674 2263 1802 2300 Prima
1831 2263 2049 2310 dominica3
2085 2265 2258 2302 secunda
2291 2264 2427 2302 diabo-

1394 2325 1471 2363 lica
1479 2338 1490 2371 3
1513 2326 1623 2363 tertia
1642 2325 1827 2362 humana.
1850 2327 1900 2362 De
1919 2325 2049 2372 prima
2068 2326 2095 2348 ¹0
2116 2338 2124 2363 :
2141 2338 2158 2360 «
2177 2328 2276 2364 Deus
2294 2336 2426 2372 meus,

1395 2387 1604 2435 impolluta
1626 2388 1691 2425 via
1717 2388 1800 2435 ejus
1825 2401 1832 2425 :
1858 2401 1876 2423 »
1900 2399 1989 2425 ecce
2014 2389 2079 2425 via
2100 2388 2317 2434 dominica,
2338 2399 2426 2436 quae

1395 2462 1468 2488 nec
1503 2451 1710 2499 polluitur,
1739 2462 1812 2489 nec
1842 2451 2030 2498 arguitur.
2066 2454 2117 2489 De
2148 2452 2325 2490 secunda
2352 2452 2379 2475 ¹¹
2416 2464 2425 2489 ε

1401 2528 1418 2548 ι(
1435 2514 1505 2551 Via
1523 2515 1604 2551 heec
1629 2514 1782 2562 polluta
1802 2516 1877 2561 est,
1901 2514 1971 2551 sed
1990 2517 2026 2551 et
2045 2514 2130 2562 ipsa
2151 2513 2270 2552 hodie
2289 2513 2428 2551 saneti-

1395 2576 1576 2614 ficabitur
1608 2577 1650 2613 in
1678 2577 1794 2614 vasis.
1825 2590 1843 2612 »
1877 2576 1946 2613 Via
1975 2576 2129 2624 polluta
2161 2578 2217 2614 est
2245 2576 2428 2614 voluntas

1396 2640 1611 2686 diabolica,
1631 2641 1741 2687 cujus
1760 2650 1831 2677 vas
1851 2642 1907 2677 est
1921 2640 2095 2677 humana
2113 2639 2296 2678 voluntas
2312 2651 2320 2677 :
2336 2641 2428 2677 tunc

1395 2703 1513 2749 igitur
1531 2703 1596 2740 via
1615 2703 1782 2750 polluta,
1803 2712 1886 2739 non
1906 2702 1947 2738 in
1965 2713 2028 2748 se,
2049 2702 2119 2739 sed
2138 2702 2179 2739 in
2196 2702 2300 2739 vasis
2320 2712 2429 2740 sanc-

1396 2764 1583 2810 tificatur,
1612 2775 1703 2801 cum
1726 2764 1913 2817 voluntas
1943 2763 2114 2801 hominis
2142 2764 2285 2811 injusta
2315 2763 2428 2810 justi-

1395 2827 1549 2870 ficatur,
1569 2827 1606 2863 et
1625 2825 1823 2863 diabolica
1848 2825 2073 2863 deificatur:
2097 2835 2185 2862 ecce
2209 2825 2274 2862 via
2293 2825 2429 2862 diabo-

1395 2889 1497 2936 lica,
1526 2899 1615 2936 quae
1640 2888 1852 2937 polluitur,
1887 2888 1980 2936 quia
2009 2899 2165 2936 semper
2194 2887 2426 2936 inquinata3

1396 2953 1468 2989 sed
1516 2963 1598 2989 non
1639 2952 1815 2999 arguitur
1834 2980 1846 2998 ,
1895 2951 2087 3000 quoniam
2129 2951 2338 2989 obstinata.
2376 2953 2427 2989 De

1396 3015 1506 3052 terssia
1518 3013 1547 3038 ¹²
1568 3027 1575 3052 ς
1596 3028 1613 3049 «
1627 3015 1715 3051 Vias
1733 3025 1842 3052 meas
1857 3014 1899 3050 in
1913 3016 2126 3062 conspectu
2145 3014 2229 3061 ejus
2247 3024 2425 3061 arguam,

1397 3079 1433 3114 et
1455 3078 1538 3125 ipse
1559 3077 1630 3114 erit
1649 3077 1821 3114 salvator
1840 3087 1951 3114 meus
1974 3089 1982 3114 ε
2003 3090 2021 3113 »
2047 3087 2136 3114 ecce
2155 3076 2219 3114 via
2237 3076 2425 3123 humana,

1397 3150 1484 3186 quae
1504 3149 1796 3187 nonnunquam
1825 3138 2015 3187 polluitur
2045 3149 2116 3186 per
2146 3138 2426 3186 concupiscen-

1395 3201 1503 3248 tiam,
1521 3201 1591 3239 sed
1612 3201 1787 3249 arguitur
1799 3212 1870 3250 per
1885 3201 2180 3250 conscientiam,
2198 3203 2234 3240 et
2253 3200 2426 3239 abluitur

1395 3275 1466 3311 per
1484 3263 1768 3312 poenitentiam.

1397 3363 1446 3395 13.
1468 3380 1506 3387 —-
1528 3365 1537 3382 ⁷
1558 3363 1668 3402 Prov„
1691 3370 1771 3403 xvi,
1791 3363 1820 3394 9.
1847 3379 1887 3385 -
1914 3363 1926 3381 ⁹
1948 3365 2056 3403 Prov„
2076 3369 2124 3402 iv,
2145 3363 2196 3394 26.
2216 3378 2257 3385 -—
2275 3362 2287 3380 ⁹
2312 3361 2420 3401 Prov„

1397 3417 1454 3451 xi,
1481 3412 1515 3442 3.
1536 3427 1577 3434 —
1603 3411 1631 3432 ¹0
1654 3409 1744 3442 Psal.
1772 3417 1862 3449 xvir,
1888 3411 1939 3442 31.
1959 3427 2000 3432 -
2021 3411 2043 3432 ¹¹
2075 3410 2083 3440 Ι
2110 3408 2200 3449 Req.,
2226 3415 2304 3450 xx1,
2331 3411 2362 3441 5.
2384 3427 2419 3432 —

1398 3458 1422 3479 ¹2¹
1440 3458 1519 3497 lob,
1538 3466 1618 3498 xm,
1643 3459 1691 3489 15.
