2633 3878
59 799 184 827 Judieia.

45 2166 170 2195 veritas.

1076 201 1317 244 PSALMUS
1348 202 1521 245 CXVlll.

227 298 386 342 guntur,
406 294 551 342 quibus
570 294 711 331 veritas
723 293 928 340 figuratur.
948 293 999 329 De
1019 291 1194 328 secundo
1217 293 1226 314 ¹
1246 305 1256 328 :

231 369 249 392 ι(
265 357 487 394 Doctrinam
507 356 648 403 magis,
666 365 788 403 quam
806 355 1032 392 thesaurum
1052 353 1182 401 eligite
1203 366 1214 391 ι
1235 368 1251 387 »

226 412 314 457 ecce
347 418 553 467 quomodo
582 417 760 454 doctrina
798 415 975 463 eligitur,
1007 426 1088 464 qua
1115 416 1258 452 veritas

226 482 455 530 explicatur.
478 482 528 517 De
548 479 660 516 tertio
686 478 868 515 scribitur
886 477 900 498 ²
921 491 931 514 .·
962 491 980 511 «
999 478 1108 525 Elegi
1128 478 1258 525 abjec-

225 548 286 582 tus
305 554 386 581 esse
406 543 448 579 in
473 542 594 579 domo
618 540 683 578 Dei
705 552 714 577 :
737 554 754 574 »
777 551 866 577 ecce
887 539 1093 588 quomodo
1115 540 1257 577 domus

226 606 392 654 eligitur,
413 615 492 653 qua
508 603 650 641 veritas
669 602 888 640 invocatur.

567 709 752 744 Articulus
773 709 912 744 tertius.

270 794 415 830 Judicia
434 796 509 830 tua.
536 792 603 828 Hic
629 794 787 828 notatur
805 801 916 828 mens
935 791 1138 828 veritatem
1167 801 1258 828 con-

220 866 389 904 sequens
429 868 437 891 :
477 854 588 891 illam
631 864 805 901 namque
850 853 1126 901 consequitur,
1165 864 1256 890 cum

218 917 324 954 illius
339 916 492 964 judicia
509 916 746 964 speculatur.
770 918 813 952 Et
831 919 939 961 nota,
960 915 1071 963 quod
1090 914 1257 963 triplicia

218 980 442 1028 speculatur
463 979 615 1026 judicia
646 991 654 1014 :
683 978 869 1026 quaedam
906 977 1051 1014 scihcet
1084 978 1257 1015 declara-

219 1042 318 1080 toria
327 1056 337 1089 3
365 1041 548 1090 quaedam
577 1040 841 1078 consolatoria
856 1054 866 1087 ;
888 1040 1073 1088 quaedam
1105 1040 1258 1077 desola-

217 1105 318 1142 toria
339 1118 347 1141 ;
372 1115 546 1153 quorum
566 1104 696 1152 prima
714 1103 908 1151 pertinent
927 1103 978 1140 ad
997 1103 1253 1150 abscondita3

217 1167 363 1214 media,
387 1167 439 1204 ad
458 1166 621 1213 merita3
643 1166 882 1212 novissima,
905 1165 955 1202 ad
976 1165 1178 1202 demerita.
1203 1168 1254 1202 De

215 1229 354 1278 primis
386 1229 568 1266 scribitur
601 1229 614 1251 ³
648 1241 657 1265 :
693 1242 710 1263 «
746 1227 899 1265 Judicia
929 1238 1018 1264 mea
1044 1227 1158 1275 quasi
1185 1227 1255 1265 lux

215 1292 468 1339 egredientur
497 1305 505 1329 :
538 1305 556 1327 »
591 1302 679 1328 ecee
705 1291 858 1338 judicia
892 1290 1163 1328 declaratoria.
1202 1294 1253 1329 De

217 1351 358 1388 mediis
386 1363 457 1399 per
485 1351 684 1388 Psalmum
718 1351 859 1388 dieitur
878 1351 891 1372 ³·
922 1363 930 1387 :
967 1363 984 1384 «
1011 1351 1163 1388 Judicia
1188 1354 1254 1389 tua

217 1414 468 1460 adiuvabuut
495 1424 558 1450 me
591 1427 599 1450 :
628 1428 646 1448 »
681 1424 769 1450 ecce
794 1413 945 1460 judicia
971 1414 1249 1452 consolatoria.

216 1479 266 1514 De
294 1476 519 1514 novissimis
545 1488 615 1525 per
643 1477 876 1525 prophetam
903 1477 1082 1524 psallitur
1106 1478 1119 1499 ⁵
1151 1490 1159 1514 ε
1186 1481 1251 1514 «A

216 1538 370 1584 iudiciis
395 1539 501 1576 enim
531 1540 606 1576 tuis
631 1539 743 1576 timui
772 1552 780 1576 ε
813 1553 830 1574 »
855 1550 944 1577 ecce
966 1539 1116 1587 judicia
1141 1539 1252 1578 deso-

213 1600 366 1637 latoria.

545 1650 570 1684 Α
578 1650 728 1685 rtz'culus
751 1651 914 1695 quartus.

258 1727 339 1763 Non
361 1736 439 1762 sum
462 1726 605 1763 oblitus.
631 1726 698 1762 Hic
725 1728 883 1764 notatur
907 1737 1018 1763 mens
1046 1727 1250 1764 veritatem

210 1787 490 1835 complectens.
529 1789 644 1834 Quod
677 1789 783 1826 enim
818 1789 1018 1837 quispiam
1052 1790 1250 1838 complec-

210 1850 320 1894 titur,
348 1849 541 1887 oblivioni
573 1861 830 1899 nequaquam
856 1852 1051 1889 traditur:
1086 1855 1123 1889 et
1154 1852 1247 1890 ideo

208 1911 349 1948 dicitur
368 1912 526 1960 spiritus
546 1924 629 1949 non
649 1913 818 1961 oblitus,
841 1917 1032 1962 tanquam
1052 1915 1248 1963 complec-

207 1974 326 2012 tendo
347 1975 490 2012 unitus.
507 1978 550 2012 Et
568 1979 677 2022 nota,
693 1977 805 2024 quod
823 1977 994 2014 veritatis
1015 1977 1247 2025 complexus

205 2037 378 2074 maxime
400 2039 580 2085 congruit
599 2039 856 2085 vacantibus,
882 2038 1132 2086 videntibus,
1160 2051 1248 2087 gus-

205 2099 377 2136 tantibus
395 2113 406 2147 3
425 2100 467 2137 in
488 2112 661 2149 quorum
678 2112 849 2149 persona
867 2102 1064 2150 praecipue
1082 2102 1243 2140 dicitur:

203 2163 286 2200 Non
305 2172 383 2198 sum
410 2164 560 2208 oblitus,
584 2164 678 2212 quia
693 2164 881 2201 nimirum
900 2165 1043 2201 veritas
1063 2168 1120 2202 est
1139 2165 1246 2202 cubi-

204 2225 340 2262 culum
366 2227 612 2273 vacantium,
634 2227 841 2275 speculum
860 2227 1099 2274 videntium,
1119 2228 1245 2275 pabu-

203 2287 290 2325 lum
309 2289 561 2335 gustantium.
585 2289 701 2327 Plane
730 2289 920 2336 vacantis,
950 2301 1032 2326 non
1064 2291 1244 2338 vagantis

204 2350 361 2398 spiritus
377 2353 504 2398 potest
524 2362 698 2399 congrue
713 2352 842 2388 dicere
860 2353 966 2390 :Non
986 2363 1065 2388 sum
1084 2353 1240 2397 oblitu85

204 2412 302 2448 sieut
323 2422 343 2448 e
369 2413 565 2449 contrario
592 2414 791 2460 vagantis,
817 2424 899 2450 non
928 2415 1103 2451 vacantis
1131 2415 1244 2462 spiri-

205 2475 266 2510 tus
292 2473 566 2520 hujuscemodi
595 2474 767 2512 cubiculi
792 2478 849 2511 est
875 2475 1035 2512 oblitus.
1061 2478 1159 2513 Nam
1192 2477 1242 2513 de

206 2535 442 2583 vagantibus
462 2536 630 2584 legimus
645 2538 659 2559 ⁶
682 2549 690 2573 :
717 2550 735 2571 «
754 2539 943 2574 Fecerunt
960 2548 1026 2575 eos
1046 2532 1183 2586 vagari
1200 2539 1242 2577 in

204 2598 432 2645 montibus;
471 2599 519 2636 de
555 2602 690 2636 monte
728 2599 769 2635 in
808 2599 951 2637 collem
990 2602 1239 2649 transierunt,

206 2661 318 2698 obliti
343 2665 433 2698 sunt
460 2662 601 2699 cubilis
626 2663 699 2699 sui.
730 2678 746 2695 υ
779 2664 832 2699 lta
860 2673 953 2700 sane
982 2663 1239 2711 spiritualem,

203 2733 286 2760 non
303 2724 517 2770 carnalem,
545 2725 587 2761 in
606 2724 812 2772 spirituali,
833 2735 915 2762 non
941 2726 1137 2773 corporali
1156 2737 1241 2774 spe-

204 2786 294 2823 culo
326 2784 541 2833 imaginem
572 2786 760 2833 intuitus,
786 2790 887 2824 recte
918 2790 1047 2834 potest
1076 2787 1206 2826 dicere
1229 2802 1237 2826 :

204 2850 285 2886 Non
314 2859 392 2886 sum
415 2851 543 2886 oblitus
566 2862 574 2886 :
614 2849 712 2886 sicut
741 2860 761 2886 e
793 2850 989 2888 contrario
1025 2852 1238 2900 carnalem,

204 2921 286 2948 non
319 2910 588 2958 spiritualem,
619 2912 661 2948 in
686 2913 907 2961 corporali,
935 2924 1017 2950 non
1046 2914 1239 2961 spirituali

205 2972 367 3019 speculo
394 2973 610 3020 imaginem
640 2975 822 3021 intuitus,
851 2975 910 3011 sui
939 2977 1151 3023 spectaculi
1183 2982 1241 3016 est

207 3033 365 3071 oblitus.
386 3037 483 3071 Nam
507 3035 555 3072 de
583 3036 649 3074 tali
667 3037 753 3074 viro
778 3038 818 3072 in
837 3037 905 3074 tali
924 3040 1082 3085 speculo
1103 3039 1239 3087 imagi-

205 3106 296 3133 nem
326 3096 442 3133 talem
466 3097 602 3134 intuito
634 3099 816 3135 scribitur
835 3101 848 3122 ⁷
878 3112 886 3135 :
919 3112 937 3133 «
970 3101 1240 3139 consideravit

205 3169 260 3204 se,
283 3160 320 3194 et
339 3158 456 3204 abiit,
476 3161 512 3195 et
532 3159 660 3195 statim
681 3160 827 3197 oblitus
845 3164 900 3198 est
920 3162 1047 3209 qualis
1066 3163 1192 3200 suerit.
1215 3179 1234 3199 »

204 3223 257 3258 lta
286 3231 447 3268 quoque
479 3221 679 3268 religiose,
706 3233 787 3259 non
813 3223 1028 3270 irreligiose
1048 3227 1238 3271 gustantis

203 3282 362 3330 spiritus
383 3282 538 3330 egregie
557 3286 684 3331 potest
706 3284 860 3322 dicere:
882 3287 963 3323 Non
987 3297 1063 3323 sum
1083 3288 1235 3334 oblitu83

204 3344 302 3382 sicut
328 3356 349 3382 e
379 3345 575 3382 contrario
600 3346 830 3394 irreligiose,
847 3359 930 3385 non
948 3347 1130 3396 religiose
1151 3361 1239 3397 gus-

247 3427 254 3444 “
282 3427 391 3469 Proin,
410 3435 489 3468 vui,
516 3431 563 3460 10.
584 3446 626 3454 —
652 3429 666 3450 ²
684 3430 775 3462 Psal.
806 3435 1030 3472 Lxxx111‚¹t.
1053 3449 1094 3456 -—
1113 3434 1127 3456 ³
1150 3434 1237 3475 Ose.‚

203 3479 251 3513 VI,
271 3476 300 3506 5.
316 3491 358 3498 —
376 3475 390 3497 δ
409 3475 500 3508 Psal.
521 3476 598 3516 hoc,
620 3478 690 3509 175.
714 3496 749 3501 —
773 3479 782 3497 '³
804 3477 901 3519 ibid„
925 3481 996 3512 120.
1011 3497 1052 3504 —
1070 3480 1085 3503 ⁶
1100 3481 1234 3523 Jerem.‚

2288 214 2364 252 359

1333 292 1448 328 tantis
1468 291 1626 339 spiritus
1644 294 1705 329 sui
1724 295 1890 340 pastoris
1907 299 1943 332 et
1962 297 2100 344 pabuli
2117 300 2173 334 est
2188 297 2333 335 oblitus
2353 312 2361 334 :

1332 363 1426 390 nam
1458 353 1507 390 de
1540 353 1684 390 talibus
1716 355 1771 391 sic
1808 358 2060 404 conqueritur
2099 362 2286 397 Dominus
2313 361 2327 382 ⁸
2354 373 2362 396 :

1337 428 1355 450 «
1375 416 1586 464 Adimpleti
1617 419 1719 462 sunt,
1755 420 1791 454 et
1816 420 1976 456 saturati
2013 421 2266 459 elevaverunt
2296 433 2365 459 cor

1333 489 1463 525 suum,
1483 480 1521 516 et
1541 478 1653 516 obliti
1674 481 1765 516 sunt
1784 479 1874 516 mei.
1895 493 1912 514 »

1763 585 1937 627 Epilogus.

1380 664 1440 701 Ait
1470 674 1564 710 ergo
1603 665 1795 713 Propheta
1826 666 1866 702 in
1905 669 2106 714 praetaxati
2142 671 2366 716 poenitentis

1332 725 1459 772 figura
1481 738 1489 762 :
1516 727 1621 762 viam
1641 730 1829 773 veritatis,
1851 732 2043 776 quantum
2063 730 2115 767 acl
2141 731 2367 770 admiratio-

1331 798 1438 832 nem,
1459 799 1540 835 qua
1555 798 1667 825 mens
1683 800 1706 826 a
1725 791 1885 828 veritate
1903 792 2086 838 trabitur,
2104 794 2224 839 Eleyi,
2245 806 2366 842 quan-

1331 852 1416 886 tum
1444 851 1495 888 ad
1520 851 1860 898 investigationem
1874 882 1885 900 ,
1907 866 1987 902 qua
2009 866 2120 892 mens
2136 857 2366 907 >trahentem

1332 913 1526 961 sequitur,·
1548 916 1596 950 Et
1616 914 1761 960 judicia
1786 920 1871 962 tua,
1899 920 2091 964 quantum
2117 919 2168 955 ad
2193 921 2366 967 specula-

1331 976 1499 1022 tionem,
1534 987 1614 1024 qua
1645 988 1757 1014 mens
1795 989 1964 1027 sequens
1988 981 2191 1018 veritatem
2229 993 2365 1020 conse-

1332 1038 1482 1086 qutun-3
1503 1041 1583 1076 Non
1603 1050 1679 1076 sum
1693 1041 1840 1087 oblitus,
1863 1045 2055 1090 quantum
2075 1044 2127 1081 ad
2146 1044 2367 1083 delectatio-

1330 1111 1436 1146 nem,
1458 1112 1539 1149 qua
1551 1112 1663 1139 mens
1684 1113 1930 1151 consequens
1947 1106 2152 1144 veritatem
2167 1109 2364 1156 complec-

1330 1164 1434 1200 titur.

1693 1259 1913 1289 VERSICL'LUS
1938 1263 2003 1289 XV.

1375 1354 1434 1389 31.
1451 1352 1600 1389 Adhoesz'
1611 1355 1841 1401 testimoniis,
1857 1359 1928 1392 etc.
1945 1359 2033 1394 Post
2045 1358 2217 1405 primum
2234 1362 2367 1407 gratiae

1329 1414 1531 1460 effectum,
1559 1426 1638 1463 quo
1669 1417 1862 1464 poenitens
1893 1418 2059 1456 efficitur
2088 1421 2286 1461 difficilior
2313 1426 2365 1462 ad

1326 1477 1595 1525 peecandum;
1619 1480 1656 1514 et
1678 1479 1921 1526 secundum,
1948 1493 2028 1529 quo
2058 1484 2235 1521 redditur
2267 1486 2363 1523 faci-

1325 1539 1402 1576 lior
1421 1540 1473 1576 ad
1496 1541 1834 1588 perseverandum
1860 1554 1868 1578 :
1891 1544 2089 1582 acceditur
2115 1547 2167 1583 ad
2190 1548 2362 1595 tertium,

1326 1612 1407 1649 quo
1439 1602 1483 1638 fit
1510 1602 1683 1639 habilior
1715 1603 1767 1639 ad
1798 1605 2008 1642 orandum.
2042 1608 2150 1645 Unde
2176 1610 2364 1648 nImirum

1325 1663 1366 1700 in
1394 1664 1493 1700 serie
1519 1675 1654 1701 versus
1681 1665 1799 1712 hujus
1833 1666 2083 1714 distinguitur
2116 1671 2365 1718 quadrifidus

1325 1727 1466 1764 orandi
1486 1728 1646 1773 modus,
1666 1728 1852 1766 videlicet
1872 1731 2014 1767 orandi
2033 1731 2241 1780 ferventer,
2264 1746 2359 1782 pru-

1325 1789 1475 1835 denter,
1504 1794 1742 1838 reverenter,
1778 1793 2054 1831 confidenter:
2087 1806 2260 1843 quorum
2284 1798 2364 1845 pri-

1322 1863 1412 1888 mus
1434 1852 1609 1890 excludit
1635 1856 1834 1901 teporem,
1858 1857 2054 1894 secundus
2075 1868 2268 1905 errorem3
2290 1862 2362 1896 ter-

1322 1914 1412 1961 tim,
1426 1917 1622 1952 tumorem
1631 1929 1642 1963 ;
1664 1919 1840 1964 quartus,
1859 1918 2055 1956 timorem.

1654 2023 1846 2060 Articulus
1869 2026 2010 2071 primus

1367 2104 1527 2141 Adhaesi.
1562 2107 1658 2143 Ecce
1685 2106 1919 2144 ferventiam
1950 2108 2223 2146 excludentem
2252 2112 2359 2158 tepo-

1318 2177 1415 2203 rem.
1456 2167 1694 2205 Accedentes
1731 2170 1879 2218 quippe
1915 2170 1967 2207 ad
2004 2174 2161 2219 portam
2197 2172 2357 2220 gratim,

1319 2231 1468 2276 quanto
1489 2229 1688 2267 adhaerent
1705 2230 1865 2279 fortius,
1888 2235 1996 2270 tanto
2015 2233 2175 2281 pulsant
2200 2233 2356 2271 ferven-

1317 2291 1406 2328 tius.
1440 2294 1484 2328 Et
1516 2296 1626 2337 nota,
1659 2294 1769 2341 quod
1805 2295 1836 2331 si
1871 2297 2002 2332 Deum
2024 2295 2218 2334 ferventer
2242 2308 2355 2335 orare

1316 2353 1525 2401 volumus,
1571 2355 1629 2391 illi
1666 2355 1868 2404 tripliciter
1900 2357 2100 2395 adhaerere
2137 2359 2355 2406 debemus,

1314 2415 1497 2453 videlicet
1513 2427 1584 2464 per
1602 2418 1745 2464 fidem,
1767 2430 1839 2466 per
1857 2430 1988 2467 spem,
2009 2432 2081 2469 per
2101 2422 2327 2460 charitatem
2344 2410 2358 2460 :-

1314 2476 1414 2513 fides
1434 2478 1540 2514 enim
1569 2480 1790 2517 orationem
1816 2481 1969 2528 dirigit3
1990 2493 2079 2530 spes
2105 2483 2219 2531 erigit
2228 2498 2239 2530 ;
2263 2485 2353 2522 eha-

1313 2538 1407 2575 ritas
1426 2540 1602 2586 porrigit.
1633 2543 1683 2578 De
1705 2542 1836 2589 primo
1861 2541 1875 2562 ⁹
1907 2555 1916 2580 :
1954 2557 1971 2577 α
2002 2545 2211 2582 Dominum
2231 2548 2354 2584 Deum

1314 2603 1426 2638 tuum
1450 2602 1626 2647 timebis,
1650 2607 1687 2640 et
1718 2605 1753 2640 ei
1785 2605 1858 2641 soli
1888 2607 2056 2652 servieS,
2084 2607 2159 2655 ipsi
2190 2619 2352 2656 quoque

1314 2663 1557 2711 adhaerebis3
1579 2679 1596 2699 »
1620 2665 1733 2713 quasi
1759 2666 1862 2704 dicat
1882 2679 1891 2704 :
1921 2668 2057 2715 Illum,
2077 2680 2199 2717 quem
2225 2670 2353 2706 credis

1312 2728 1530 2771 Dominum,
1550 2727 1590 2764 id
1613 2730 1689 2774 est,
1714 2739 1867 2766 summe
1906 2733 2129 2777 potentem3
2156 2733 2288 2778 Deum,
2309 2732 2351 2769 id

1314 2791 1395 2835 est,
1418 2800 1570 2826 summe
1591 2790 1834 2838 sapientem;
1862 2796 1990 2838 tuum,
2016 2793 2058 2829 id
2087 2796 2166 2840 est,
2198 2805 2351 2832 summe

1313 2850 1545 2890 clementem
1557 2865 1568 2898 3
1592 2853 1751 2900 timebis,
1779 2853 1873 2901 quia
1893 2864 2047 2892 summe
2067 2858 2235 2903 potens;
2259 2860 2292 2894 ec
2318 2859 2352 2893 ει·

1311 2915 1381 2949 soli
1398 2916 1528 2950 servies
1547 2943 1558 2960 ,
1581 2914 1676 2962 quia
1695 2925 1849 2952 summe
1869 2916 2045 2963 sapiens;
2072 2920 2213 2964 ipsique
2234 2919 2351 2955 adhae-

1311 2976 1424 3021 rems,
1452 2976 1547 3023 quia
1566 2987 1719 3014 summe
1753 2977 1938 3014 clemens.
1968 2981 2063 3016 Ecce
2090 2979 2185 3017 fidei
2214 2980 2348 3017 adhae-

1310 3038 1447 3075 rentia.
1483 3040 1533 3075 De
1554 3039 1729 3076 secundo
1758 3039 1890 3086 psallit
1918 3041 2112 3088 Propheta
2129 3041 2186 3078 ¹⁰:
2213 3056 2231 3075 a
2260 3042 2348 3078 Mihi

1311 3104 1442 3138 autem
1475 3100 1676 3139 adhaerere
1712 3103 1789 3138 Deo
1826 3102 1979 3139 honum
2010 3106 2090 3147 est;
2126 3114 2273 3151 ponere
2306 3104 2348 3141 in

1310 3162 1476 3200 Domino
1503 3164 1580 3200 Deo
1614 3174 1726 3211 spem
1760 3174 1891 3201 meam
1918 3176 1926 3200 :
1949 3179 1966 3198 »
1996 3175 2084 3201 ecce
2110 3165 2348 3202 adhaerentia

1309 3225 1406 3274 spei.
1443 3227 1493 3262 De
1531 3225 1642 3262 tertio
1666 3225 1722 3261 ¹¹:
1759 3239 1776 3259 «
1808 3225 1951 3273 Diligas
1984 3226 2193 3263 Dominum
2225 3229 2346 3264 Deum

1310 3291 1421 3325 tuum
1435 3316 1447 3335 ,
1467 3290 1585 3336 atque
1618 3287 1784 3325 obedias
1815 3289 1903 3325 voci
1934 3290 2018 3335 eJus
2033 3316 2045 3334 ,
2068 3292 2105 3326 et
2134 3289 2192 3326 illi
2211 3290 2344 3327 adhae-

1309 3361 1396 3388 reas
1414 3362 1424 3387 ε
1445 3364 1463 3385 »
1487 3361 1575 3387 ecce
1596 3349 1836 3387 adhaerentia
1855 3350 2063 3388 charitatis.

1311 3444 1350 3475 L,
1369 3438 1398 3468 G.
1421 3453 1462 3459 —
1483 3434 1494 3456 ⁷
1518 3435 1603 3474 λεια,
1628 3442 1659 3474 1,
1685 3435 1736 3466 24.
1760 3452 1795 3457 —
1824 3434 1838 3455 ³
1864 3434 1949 3473 Ose.,
1976 3442 2063 3472 xiii,
2082 3437 2114 3467 6.
2135 3452 2176 3458 -
2197 3437 2209 3455 ⁹
2230 3436 2341 3475 Dent„

1310 3491 1350 3523 x,
1371 3485 1422 3515 90.
1442 3500 1482 3506 -
1502 3483 1529 3504 ¹⁰
1545 3481 1631 3514 psal.
1653 3483 1839 3521 Lx111,28.
1860 3499 1895 3505 -
1917 3483 1939 3504 ¹¹
1958 3482 2068 3522 Dent„
2086 3489 2170 3524 xxx,
2193 3484 2246 3516 20.

2416 1745 2523 1771 Modus

2401 1787 2504 1813 orandi

2389 1828 2514 1862 quadru-

2382 1871 2460 1906 plex.

2394 2371 2455 2397 Dc«)
2468 2370 2514 2395 tri-

2387 2411 2500 2446 pliciter

2392 2452 2490 2478 adh-2»-

2375 2494 2445 2521 rend
2453 2502 2511 2520 um.
