2633 3878
86 900 184 935 Byssi-

80 949 151 968 num

73 982 152 1017 quid.

94 2962 170 2987 Nota

67 3004 191 3036 quatuor

67 3043 200 3070 virtutes.

1051 133 1293 177 PSALMUS
1323 132 1494 174 CXVIII.

207 228 250 263 Et
267 228 377 272 nota,
397 226 507 274 quod
526 225 625 262 sicut
650 225 874 263 testificatur
892 224 1100 271 Scriptura,
1129 223 1239 270 giusti-

207 287 338 325 ficatio
358 289 532 325 veterem
547 287 752 324 hominem
772 286 891 331 exuit,
912 287 1073 322 exutum
1092 284 1235 330 induit,

208 350 245 385 et
274 348 458 386 indutum
481 347 738 395 superinduit.
770 347 882 384 Exuit
906 357 1001 383 vero
1021 346 1159 383 habitu
1179 346 1237 382 vi-

206 410 322 457 tioso,
337 410 464 447 induit
482 410 619 447 habitu
640 409 827 456 gratioso,
848 410 884 444 et
902 407 1149 455 superinduit
1167 408 1237 444 ha-

206 472 291 509 bitu
309 472 497 518 glorioso.
514 473 564 507 De
580 471 710 518 primo
727 472 733 489 ¹
753 483 761 506 :
779 484 795 504 a
812 468 1018 506 Damnavit
1033 471 1239 516 peccatum

206 532 247 569 in
285 542 400 569 carne
413 560 426 578 ,
463 534 506 569 ut
535 531 759 578 justificatio
797 531 894 578 legis
930 531 1159 578 impleretur
1196 530 1237 566 in

205 593 344 631 nobis:
360 607 379 629 »
404 604 493 630 ecce
510 593 734 640 justificatio
755 603 901 630 exuens
922 592 1062 629 habitu
1078 593 1233 629 vitioso.

205 657 256 693 De
276 655 451 692 secundo
467 656 480 677 Ξ
497 667 506 691 :
526 655 733 692 «Traditus
750 657 806 692 est
818 657 978 702 propter
996 654 1139 691 delicta
1150 665 1238 690 nos-

204 718 277 763 tra,
303 720 339 754 et
369 717 580 754 resurrexit
610 718 771 764 propter
796 715 1115 763 justificationem
1145 726 1237 752 nos-

203 782 303 816 tram
318 792 356 816 2»
380 790 467 816 ecce
483 779 706 826 Justificatio
719 779 891 815 induens
902 778 1037 815 habitu
1051 779 1234 825 gratioso.

203 844 254 878 De
270 842 381 879 tertio
401 843 414 864 ⁸
437 854 446 878 ε
471 854 491 876 «
511 843 649 878 Datum
671 845 726 879 est
749 842 828 887 illi,
846 855 862 873 »
893 841 1039 877 scilicet
1063 851 1236 888 sponsae,

206 903 445 950 «byssinum
463 903 691 950 splendens,
709 907 745 940 et
766 903 982 939 candidum
1006 916 1014 939 ε
1031 902 1238 950 byssinum

204 964 309 1001 enim
320 964 618 1010 Justificationes
637 967 726 1001 sunt
746 967 994 1001 sanctorum:
1015 977 1033 998 »
1054 974 1142 1000 ecce
1160 963 1241 1010 jus-

202 1025 362 1062 tificatio
396 1025 684 1073 superinduens
715 1025 853 1062 habitu
885 1025 1074 1072 glorioso.
1111 1025 1239 1061 Primo

203 1086 326 1124 modo
351 1087 517 1123 sumitur
540 1087 581 1123 in
601 1087 821 1135 proposito.

637 1192 809 1234 Epilogus,

252 1272 311 1309 Ait
349 1281 442 1318 ergo
477 1271 694 1319 Propheta,
731 1273 922 1320 tanquam
961 1282 1009 1309 ex
1046 1272 1242 1310 charitatis

205 1333 384 1372 intrantis
403 1345 574 1381 persona
594 1347 602 1370 :
623 1335 852 1371 Eructabuut
881 1336 981 1371 labia
999 1345 1077 1371 mea
1111 1346 1119 1371 :
1153 1345 1242 1372 ecce

204 1397 311 1434 labia
340 1397 550 1444 charitatis,
579 1407 659 1444 qua
688 1396 787 1433 nihil
817 1397 997 1444 charius3
1026 1399 1208 1443 Hymnum
1231 1412 1241 1434 .-

207 1469 294 1496 ecce
325 1458 498 1506 hymnus
528 1458 765 1495 charitativae
794 1458 1019 1504 hilaritatis,
1040 1470 1119 1506 qua
1144 1459 1242 1495 nihil

203 1520 420 1566 jucundius
432 1532 445 1566 3
472 1520 563 1556 Cum
587 1520 750 1556 docueris
783 1531 863 1557 mc:
884 1530 972 1557 ecce
997 1520 1242 1568 praesentatio

206 1581 402 1627 veritatis,
423 1592 501 1629 qua
520 1581 619 1617 nihil
640 1581 808 1628 clarius;
831 1584 1110 1628 Justz'ftcationcs
1128 1586 1210 1618 tuas
1233 1596 1243 1618 ε

209 1655 297 1682 ecce
336 1645 582 1691 absentatio,
614 1645 678 1682 vel
712 1644 859 1682 ablatio
891 1644 1134 1692 iniquitatis,
1166 1655 1246 1692 qua

208 1706 306 1744 nihil
326 1707 511 1744 amarius

567 1848 788 1876 VERSICULUS
814 1849 879 1875 xll.

259 1958 343 1993 172.
354 1956 612 1992 pronuntiabit
623 1957 747 2001 linqua
761 1966 838 1992 mea
853 1957 1030 2001 eloquium
1045 1946 1158 2000 tuum,
1174 1957 1247 1992 etc.

212 2017 383 2055 Audistis
422 2017 487 2054 Dei
526 2016 753 2054 charitatem
797 2016 1006 2054 intrantem
1027 2030 1038 2063 3
1081 2016 1249 2054 audiatis

214 2080 442 2118 charitatem
471 2079 642 2126 proximi
673 2079 960 2126 impetrantem.
986 2078 1056 2115 Illa
1083 2078 1264 2115 charitas-

214 2144 270 2179 est
292 2140 598 2188 contemplativa
612 2153 624 2187 3
643 2141 717 2177 ista
735 2140 902 2177 charitas
922 2143 977 2177 est
996 2140 1123 2177 activa
1149 2153 1156 2176 :
1181 2140 1250 2177 illa

213 2214 403 2250 sponsum
433 2202 655 2246 osculatum
694 2202 767 2239 ista
802 2202 961 2239 familiae
996 2202 1209 2239 famulatur
1238 2214 1246 2238 :

212 2264 282 2302 illa
306 2264 592 2302 beatitudinem
626 2264 799 2300 intuetur
809 2277 820 2310 ;
868 2263 942 2300 ista
973 2264 1139 2301 miseriae
1177 2263 1251 2300 mi-

213 2329 374 2363 seretur.
422 2325 528 2361 Unde
572 2335 793 2371 congruum
842 2324 915 2360 fuit
956 2324 1073 2361 valde
1087 2352 1098 2370 ,
1139 2325 1250 2372 quod

212 2388 301 2432 illa,
335 2396 422 2433 quae
458 2386 684 2430 miseretur,
714 2385 994 2432 repromissam
1024 2386 1247 2422 misericor·-

216 2450 323 2486 diam
342 2448 392 2485 ab
422 2459 468 2485 eo
490 2450 816 2495 consequeretur,
837 2448 905 2495 qui
925 2447 1248 2485 misericordibus

215 2509 528 2548 misericordiam
542 2509 762 2556 pollicetur.
781 2511 858 2546 Hac
878 2509 927 2546 de
943 2520 1062 2546 causa
1082 2509 1250 2546 charitas

214 2574 286 2611 ista
307 2572 543 2610 describitur
563 2582 586 2608 a
605 2571 915 2619 psalmographo
936 2571 1250 2609 misericordiam

215 2635 398 2683 proximo
420 2632 716 2681 repromittens,
737 2635 774 2670 et
791 2633 1106 2670 misericordiam
1132 2644 1155 2670 a
1175 2635 1248 2669 Do·

215 2697 324 2734 mino
352 2694 634 2744 repromissam
662 2693 893 2740 admittens,
915 2695 1014 2731 sicut
1034 2698 1148 2732 sonat
1169 2696 1252 2733 haec

214 2758 342 2795 littera
364 2770 372 2794 :
393 2757 670 2800 Pronuntiabz't,
692 2758 785 2801 etc.,
806 2756 882 2792 hoc
906 2758 983 2802 est,
1004 2756 1141 2803 lingua
1160 2758 1252 2795 cha-—

215 2819 338 2857 ritatis
368 2818 553 2866 proximo
585 2817 782 2854 nuntiabit
811 2818 1016 2866 eloquium
1053 2819 1225 2857 veritatis
1241 2833 1251 2866 ;

219 2881 411 2930 quoniam
443 2879 576 2917 omnia
604 2890 676 2926 per
712 2880 897 2927 pietatem
934 2880 1147 2926 mandata,
1183 2891 1254 2928 per

219 2942 443 2991 aequitatem
471 2943 561 2977 sunt
583 2943 855 2978 consummata
878 2953 886 2977 :
915 2951 1004 2978 ecce
1026 2941 1137 2978 vides
1157 2952 1254 2989 qua-

219 3007 310 3042 tuor
328 3004 489 3040 virtutes
508 3002 560 3038 ad
585 3002 702 3048 hujus
722 3013 857 3039 versus
877 3003 1069 3039 fabricam
1089 3014 1254 3040 concur-

220 3067 348 3103 rentes
367 3077 375 3101 :
398 3063 583 3100 videlicet
604 3063 849 3110 charitatem,
880 3064 1102 3110 veritatem,
1129 3064 1252 3112 pieta-

221 3130 322 3172 tem,
347 3126 571 3174 aequitatem
598 3136 608 3160 ε
631 3135 799 3172 quarum
819 3125 949 3173 prima
977 3125 1252 3173 pronuntians,

223 3188 397 3226 secunda
439 3186 729 3235 praenuntians,
762 3187 874 3224 tertia
923 3186 1118 3224 mandans
1133 3215 1145 3233 ,
1184 3187 1254 3224 sed

223 3253 365 3299 quarta
384 3258 677 3288 consummans.

266 3334 277 3355 ¹
300 3334 402 3372 Rom„
419 3340 494 3373 vm,
512 3332 610 3364 3.—2
632 3331 793 3372 1bid.,1v,
814 3333 910 3363 25.—
931 3332 943 3351 ³
966 3331 1078 3373 Apoc„
1093 3333 1256 3370 X1x‚8.-

223 3381 237 3402 2·
255 3381 365 3421 Prov.,
385 3388 464 3420 ην,
487 3381 535 3412 15.
557 3396 597 3403 —
620 3379 633 3400 ὅ
663 3377 782 3418 Εεείί.,
802 3386 852 3419 Vl,
881 3380 910 3410 5.
944 3395 982 3402 -—
1001 3379 1015 3400 ὅ
1045 3378 1168 3417 Εεςίὶ.,
1198 3385 1256 3419 XL,

2261 129 2337 169 539

1643 262 1828 297 Articulus
1847 263 2000 307 primus.

1357 346 1531 383 Primum
1561 343 1763 381 denotavit
1794 343 2124 391 Psalmographus
2161 343 2295 379 dicens
2328 354 2337 378 ε

1311 407 1564 444 pronuntiabit
1591 407 1718 451 linqua
1743 415 1821 440 mea
1843 417 1851 440 ε
1877 405 1960 440 haec
1986 406 2042 440 est
2059 404 2197 450 lingua
2217 403 2341 440 chari-

1311 470 1411 515 tatis,
1433 479 1521 516 quae
1548 467 1724 515 loquitur
1753 466 1890 513 lingua
1916 466 2062 511 carnis,
2084 466 2181 502 sicut
2207 466 2342 511 lingua

1308 529 1481 568 hominis
1504 529 1699 566 interioris
1723 528 1892 575 loquens
1922 537 1994 574 per
2024 527 2203 574 linguam
2240 529 2342 563 exte-

1310 591 1437 628 rioris.
1463 592 1550 628 Haec
1578 590 1715 636 lingua
1742 588 1933 637 promittit
1948 588 2127 625 nuntiare
2150 587 2341 635 proximis

1311 652 1517 700 eloquium
1535 651 1721 688 veritatis.
1740 653 1782 688 Et
1797 653 1891 687 nota
1908 650 1957 687 de
1977 650 2114 696 lingua
2130 648 2340 693 charitatiS,

1312 714 1423 762 quod
1451 713 1593 750 dicitur
1612 714 1653 750 in
1678 712 1881 759 scripturis
1901 711 2032 749 mollis
2046 738 2059 757 ,
2087 710 2283 756 eucharis,
2306 711 2343 746 et

1311 776 1467 822 suavis3
1501 775 1593 823 quia
1625 775 1812 811 nimirum
1842 774 1973 811 mollis
2006 775 2063 810 est
2093 773 2145 824 ad
2177 781 2342 819 suppor-

1312 838 1497 882 tandum,
1517 837 1695 874 eucharis
1729 836 1781 873 ad
1813 835 2122 879 exhortandum,
2143 833 2273 870 suavis
2293 833 2342 869 ad

1313 898 1631 936 confortandum.
1673 900 1722 934 De
1749 898 1879 945 primo
1906 898 1920 920 '⁴
1949 909 1958 933 :
1994 910 2011 930 «
2039 896 2186 942 Lingua
2210 894 2342 931 mollis

1313 961 1532 1008 confringet
1558 960 1743 997 duritiam
1779 971 1787 995 :
1814 972 1831 993 »
1865 959 2018 1006 quoties
2042 958 2147 994 enim
2178 956 2343 993 charitas

1312 1031 1382 1068 per
1420 1020 1649 1068 patientiam
1687 1018 1857 1055 devincit
1888 1018 2100 1054 fraternam
2138 1014 2343 1062 impatien-

1314 1082 1432 1128 tiam,
1453 1082 1566 1118 toties
1591 1081 1675 1117 haec
1700 1080 1884 1117 mollities
1910 1078 2120 1125 confringit
2144 1077 2340 1114 duritiam.

1314 1146 1365 1180 De
1397 1143 1570 1180 secundo
1608 1142 1621 1164 ⁵
1663 1156 1670 1179 :
1714 1155 1733 1176 «
1769 1142 1917 1188 Lingua
1954 1140 2131 1177 eucharis
2164 1140 2205 1176 in
2234 1138 2343 1175 bono

1313 1206 1474 1243 homine
1512 1205 1748 1243 abundabit.
1788 1218 1806 1240 »
1846 1207 1947 1240 Bene
1979 1203 2072 1240 dicit
2111 1215 2129 1237 «
2162 1202 2203 1239 in
2235 1202 2343 1239 bono

1313 1268 1490 1313 homine,
1506 1282 1523 1302 »
1544 1267 1637 1315 quia
1655 1267 1793 1314 lingua
1813 1266 1984 1313 gratiosa
2002 1266 2043 1301 in
2061 1264 2222 1302 homine
2236 1264 2344 1301 bono

1316 1330 1563 1367 abundanter
1576 1329 1796 1373 fructificat,
1810 1328 1851 1364 in
1870 1328 1976 1364 malo
1997 1337 2078 1363 non
2097 1325 2346 1362 mediocriter

1316 1391 1566 1428 scandalizat.
1587 1394 1698 1433 Nam,
1718 1389 1937 1426 secundum
1958 1388 2237 1435 Gregorianum
2263 1387 2346 1423 elo-

1318 1454 1455 1501 quium
1480 1465 1488 1489 :
1514 1466 1532 1487 «
1560 1453 1676 1499 Cujus
1695 1452 1774 1488 vita
1794 1450 2028 1497 despicitur,
2049 1452 2166 1486 restat
2191 1451 2235 1485 ut
2265 1449 2348 1495 ejus

1318 1514 1544 1562 praedicatio
1567 1515 1854 1551 contemnatur.
1883 1526 1900 1547 υ
1923 1515 1974 1549 De
1994 1512 2106 1548 tertio
2127 1513 2140 1534 ⁶
2163 1523 2171 1547 :
2198 1509 2349 1547 «Tibiae

1319 1579 1355 1613 et
1390 1576 1619 1623 psalterium
1654 1586 1817 1612 suavem
1856 1574 2074 1611 melodiam
2108 1572 2275 1619 faciunt,
2315 1575 2351 1609 et

1319 1648 1436 1685 super
1468 1639 1634 1684 utraque
1663 1637 1802 1683 lingua
1835 1636 1965 1673 suavis
1997 1648 2006 1672 :
2037 1648 2055 1670 »
2091 1635 2186 1682 quia
2212 1644 2351 1671 revera

1318 1699 1564 1747 praestantior
1597 1700 1652 1735 est
1687 1698 1887 1735 fructuosa
1923 1697 2093 1734 suavitas
2130 1695 2348 1742 labiorum,

1321 1771 1443 1809 quam
1482 1760 1607 1798 otiosa
1643 1760 1815 1797 suavitas
1859 1759 1987 1796 omnis
2027 1759 2180 1805 generis
2225 1757 2351 1794 musi-

1321 1832 1471 1860 corum.

1634 1869 1823 1905 Articulus
1847 1867 2033 1904 secundus.

1369 1945 1593 1983 Secundum
1624 1943 1874 1989 subnotavit,
1894 1943 2107 1990 subjiciens
2131 1955 2139 1979 :
2163 1945 2353 1989 Eloquium

1322 2010 1441 2054 tuum3
1462 2007 1538 2043 hoc
1552 2009 1622 2051 est,
1642 2006 1814 2043 veritatis
1827 2005 2045 2053 eloquium,
2064 2003 2176 2053 quod
2193 2004 2354 2041 interius

1319 2069 1604 2118 praenuntiatur
1642 2068 1683 2104 in
1717 2067 1850 2105 animo
1865 2096 1876 2113 ,
1913 2067 2148 2116 priusquam
2186 2066 2354 2104 exterius

1320 2131 1596 2180 pronuntietur
1613 2129 1812 2178 proximo.
1837 2129 1903 2166 Hic
1929 2132 2057 2177 potest
2076 2128 2222 2174 notari,
2244 2128 2354 2176 quod

1320 2193 1492 2231 veritatis
1523 2192 1728 2240 eloquium
1762 2192 2014 2239 comparatur
2044 2190 2151 2236 igni,
2179 2190 2281 2236 rori,
2318 2193 2355 2227 et

1322 2255 1430 2293 melli
1451 2267 1460 2291 :
1484 2254 1674 2302 quoniam
1693 2252 1914 2298 illuminat,
1935 2255 1972 2290 et
1988 2252 2221 2298 inflammat,
2238 2251 2354 2288 intel-

1321 2317 1519 2362 lectivam,
1551 2318 1588 2353 et
1620 2315 1842 2353 affectivam
1873 2315 2113 2363 potentiam3
2152 2314 2357 2361 refrigerat

1324 2378 1708 2426 concupiscentia1n3
1754 2377 1934 2414 dulcorat
1972 2376 2263 2413 conscientiam.
2303 2378 2354 2412 De

1322 2442 1452 2489 primo
1475 2441 1489 2463 ⁷
1518 2452 1526 2476 :
1563 2453 1582 2474 ιι
1605 2439 1775 2486 Ignitum
1809 2438 2014 2486 eloquium
2039 2440 2150 2474 tuum
2171 2449 2179 2473 ε
2205 2449 2223 2470 »
2264 2447 2352 2473 ecce

1324 2503 1495 2539 veritatis
1526 2501 1731 2549 eloquium
1761 2500 1982 2547 igniforme.
2017 2501 2068 2535 De
2098 2499 2272 2536 secundo
2299 2499 2313 2521 ⁸
2344 2512 2352 2535 :

1328 2578 1346 2599 «
1366 2564 1533 2601 Fluatut
1550 2574 1616 2600 ros
1636 2563 1836 2610 eloquium
1855 2572 2011 2598 meum:
2033 2574 2051 2596 »
2075 2571 2163 2598 ecce
2183 2560 2355 2597 veritatis

1325 2626 1529 2673 eloquium
1550 2625 1768 2662 roriforme.
1793 2625 1842 2660 De
1868 2624 1979 2660 tertio
1999 2624 2012 2644 ⁹
2035 2635 2043 2659 :
2069 2636 2086 2657 «
2105 2622 2270 2670 Eloquia
2289 2624 2355 2658 tua

1325 2697 1442 2735 super
1468 2686 1548 2723 mel
1573 2686 1632 2724 ori
1661 2697 1777 2723 meo:
1801 2699 1819 2721 >›
1842 2695 1931 2722 ecce
1955 2684 2126 2722 veritatis
2150 2683 2356 2731 eloquium

1325 2749 1572 2788 melliforme.

1666 2796 1850 2832 Articulus
1871 2796 2012 2831 tertius.

1372 2874 1541 2910 Tertium
1579 2871 1808 2918 annotavit,
1848 2871 2071 2918 adjiciens:
2104 2871 2199 2913 Quia
2236 2872 2358 2906 omnia

1325 2936 1497 2973 mandata
1527 2939 1592 2971 tua
1612 2947 1620 2971 :
1648 2934 1732 2971 haec
1753 2936 1843 2970 sunt
1861 2933 2049 2970 mandata
2068 2931 2235 2980 pietatis.
2257 2931 2359 2968 Licet

1327 3000 1458 3034 autem
1493 2996 1678 3033 universa
1714 2995 1903 3032 mandata
1940 2993 2160 3042 nuncupari
2202 2993 2359 3029 valeant

1327 3058 1516 3096 mandata
1558 3057 1711 3105 pietatis
1751 3057 1902 3094 ratione
1941 3055 2128 3103 originis,
2169 3053 2358 3102 quoniam

1328 3119 1600 3158 universaliter
1637 3119 1831 3166 originata
1862 3119 1951 3155 sunt
1987 3128 2034 3154 ex
2071 3116 2213 3164 pietate
2248 3125 2358 3151 man-

1329 3182 1482 3229 dantis3
1523 3182 1592 3219 illa
1629 3185 1760 3219 tamen
1796 3179 1992 3227 praecipue
2036 3177 2231 3216 censenda
2269 3179 2359 3213 sunt

1327 3245 1516 3283 mandata
1542 3244 1696 3291 pietatis
1723 3243 1873 3280 ratione
1894 3241 2063 3287 ordinis,
2092 3251 2180 3288 quae
2206 3239 2358 3287 specia-

1327 3331 1381 3408 l211.
1396 3345 1435 3352 -
1454 3326 1571 3407 ⁷3Psol.
1593 3326 1670 3365 hoc,
1695 3327 1764 3359 140.
1786 3343 1820 3349 —-
1838 3325 1852 3348 ⁸
1872 3326 1983 3365 Dent„
2002 3331 2111 3365 xxxn,
2134 3325 2164 3356 2.
2181 3339 2221 3346 —
2241 3322 2252 3342 ⁹
2266 3321 2356 3354 Psal.

1353 3384 1405 3415 oe,
1429 3377 1462 3407 10
1489 3397 1494 3404 .

2389 585 2501 619 Lingua

2373 626 2494 652 charita-

2380 667 2415 693 tis
2435 666 2485 692 tri-

2391 707 2470 742 plex.
