<?xml version="1.0" encoding="UTF-8"?>
<!DOCTYPE html PUBLIC "-//W3C//DTD XHTML 1.0 Transitional//EN"
    "http://www.w3.org/TR/xhtml1/DTD/xhtml1-transitional.dtd">
<html xmlns="http://www.w3.org/1999/xhtml" xml:lang="en" lang="en">
 <head>
  <title>
</title>
<meta http-equiv="Content-Type" content="text/html;charset=utf-8" />
  <meta name='ocr-system' content='tesseract 3.04.00' />
  <meta name='ocr-capabilities' content='ocr_page ocr_carea ocr_par ocr_line ocrx_word'/>
</head>
<body>
  <div class='ocr_page' id='page_1' title='image "./operaomniasixtiv09bonauoft_0693.png"; bbox 0 0 2633 3878; ppageno 0'>
   <div class='ocr_carea' id='block_1_1' title="bbox 1159 139 1429 181">
    <p class='ocr_par' dir='ltr' id='par_1_1' title="bbox 1159 139 1429 181">
     <span class='ocr_line' id='line_1_1' title="bbox 1159 139 1429 181; baseline -0.004 0"><span class='ocrx_word' id='word_1_1' title='bbox 1159 139 1330 181; x_wconf 88' lang='lat' dir='ltr'>CAPUT</span> <span class='ocrx_word' id='word_1_2' title='bbox 1362 140 1429 180; x_wconf 80' lang='lat' dir='ltr'>lx.</span> 
     </span>
    </p>
   </div>
   <div class='ocr_carea' id='block_1_2' title="bbox 209 228 1257 3314">
    <p class='ocr_par' dir='ltr' id='par_1_2' title="bbox 212 228 1257 2048">
     <span class='ocr_line' id='line_1_2' title="bbox 227 228 1257 282; baseline -0.006 -9"><span class='ocrx_word' id='word_1_3' title='bbox 227 234 374 273; x_wconf 91' lang='lat' dir='ltr'>utrum</span> <span class='ocrx_word' id='word_1_4' title='bbox 400 231 553 272; x_wconf 86' lang='lat' dir='ltr'>habeat</span> <span class='ocrx_word' id='word_1_5' title='bbox 583 230 794 282; x_wconf 82' lang='lat' dir='ltr'><strong>gratiam,</strong></span> <span class='ocrx_word' id='word_1_6' title='bbox 828 228 908 269; x_wconf 92' lang='lat' dir='ltr'>nisi</span> <span class='ocrx_word' id='word_1_7' title='bbox 939 240 1014 281; x_wconf 90' lang='lat' dir='ltr'>per</span> <span class='ocrx_word' id='word_1_8' title='bbox 1044 228 1257 269; x_wconf 89' lang='lat' dir='ltr'>revelatio-</span> 
     </span>
     <span class='ocr_line' id='line_1_3' title="bbox 227 299 1257 354; baseline -0.003 -13"><span class='ocrx_word' id='word_1_9' title='bbox 227 313 340 353; x_wconf 89' lang='lat' dir='ltr'>nem,</span> <span class='ocrx_word' id='word_1_10' title='bbox 363 302 470 342; x_wconf 88' lang='lat' dir='ltr'>sicut</span> <span class='ocrx_word' id='word_1_11' title='bbox 488 300 728 354; x_wconf 78' lang='lat' dir='ltr'>Apostolus.</span> <span class='ocrx_word' id='word_1_12' title='bbox 751 301 821 340; x_wconf 86' lang='lat' dir='ltr'>Est</span> <span class='ocrx_word' id='word_1_13' title='bbox 840 299 922 340; x_wconf 85' lang='lat' dir='ltr'>alia</span> <span class='ocrx_word' id='word_1_14' title='bbox 938 299 1188 351; x_wconf 88' lang='lat' dir='ltr'>probabilis,</span> <span class='ocrx_word' id='word_1_15' title='bbox 1216 302 1257 339; x_wconf 89' lang='lat' dir='ltr'>et</span> 
     </span>
     <span class='ocr_line' id='line_1_4' title="bbox 225 369 1257 425; baseline -0.004 -12"><span class='ocrx_word' id='word_1_16' title='bbox 225 384 302 425; x_wconf 89' lang='lat' dir='ltr'>per</span> <span class='ocrx_word' id='word_1_17' title='bbox 321 373 468 424; x_wconf 83' lang='lat' dir='ltr'>signa:</span> <span class='ocrx_word' id='word_1_18' title='bbox 501 374 540 412; x_wconf 87' lang='lat' dir='ltr'>et</span> <span class='ocrx_word' id='word_1_19' title='bbox 563 371 655 411; x_wconf 80' lang='lat' dir='ltr'>haec</span> <span class='ocrx_word' id='word_1_20' title='bbox 676 370 846 423; x_wconf 86' lang='lat' dir='ltr'>quidem</span> <span class='ocrx_word' id='word_1_21' title='bbox 868 369 1013 410; x_wconf 87' lang='lat' dir='ltr'>haberi</span> <span class='ocrx_word' id='word_1_22' title='bbox 1033 371 1193 421; x_wconf 86' lang='lat' dir='ltr'>potest,</span> <span class='ocrx_word' id='word_1_23' title='bbox 1216 372 1257 409; x_wconf 89' lang='lat' dir='ltr'>et</span> 
     </span>
     <span class='ocr_line' id='line_1_5' title="bbox 224 439 1257 494; baseline -0.003 -12"><span class='ocrx_word' id='word_1_24' title='bbox 224 442 422 492; x_wconf 85' lang='lat' dir='ltr'>habetur,</span> <span class='ocrx_word' id='word_1_25' title='bbox 437 442 539 494; x_wconf 78' lang='lat' dir='ltr'>quia</span> <span class='ocrx_word' id='word_1_26' title='bbox 556 441 677 482; x_wconf 89' lang='lat' dir='ltr'>multi</span> <span class='ocrx_word' id='word_1_27' title='bbox 700 452 774 493; x_wconf 86' lang='lat' dir='ltr'>per</span> <span class='ocrx_word' id='word_1_28' title='bbox 793 440 917 492; x_wconf 84' lang='lat' dir='ltr'>signa</span> <span class='ocrx_word' id='word_1_29' title='bbox 935 439 1171 492; x_wconf 80' lang='lat' dir='ltr'>probabilia</span> <span class='ocrx_word' id='word_1_30' title='bbox 1192 450 1257 479; x_wconf 90' lang='lat' dir='ltr'>co-</span> 
     </span>
     <span class='ocr_line' id='line_1_6' title="bbox 225 509 1256 564; baseline -0.003 -12"><span class='ocrx_word' id='word_1_31' title='bbox 225 517 437 564; x_wconf 83' lang='lat' dir='ltr'>gnoscunt</span> <span class='ocrx_word' id='word_1_32' title='bbox 455 524 499 552; x_wconf 90' lang='lat' dir='ltr'>se</span> <span class='ocrx_word' id='word_1_33' title='bbox 518 524 607 552; x_wconf 89' lang='lat' dir='ltr'>esse</span> <span class='ocrx_word' id='word_1_34' title='bbox 626 512 670 551; x_wconf 92' lang='lat' dir='ltr'>in</span> <span class='ocrx_word' id='word_1_35' title='bbox 692 511 844 563; x_wconf 82' lang='lat' dir='ltr'>gratia.</span> <span class='ocrx_word' id='word_1_36' title='bbox 868 510 1042 560; x_wconf 81' lang='lat' dir='ltr'>Quando</span> <span class='ocrx_word' id='word_1_37' title='bbox 1062 521 1167 561; x_wconf 84' lang='lat' dir='ltr'>ergo</span> <span class='ocrx_word' id='word_1_38' title='bbox 1186 509 1256 549; x_wconf 90' lang='lat' dir='ltr'>ob-</span> 
     </span>
     <span class='ocr_line' id='line_1_7' title="bbox 220 579 1255 635; baseline -0.004 -13"><span class='ocrx_word' id='word_1_39' title='bbox 220 582 390 634; x_wconf 81' lang='lat' dir='ltr'>J’icitur,</span> <span class='ocrx_word' id='word_1_40' title='bbox 414 582 527 635; x_wconf 87' lang='lat' dir='ltr'>quod</span> <span class='ocrx_word' id='word_1_41' title='bbox 547 581 822 622; x_wconf 81' lang='lat' dir='ltr'>essentialiter</span> <span class='ocrx_word' id='word_1_42' title='bbox 841 581 979 628; x_wconf 76' lang='lat' dir='ltr'>videt:,</span> <span class='ocrx_word' id='word_1_43' title='bbox 1006 580 1122 630; x_wconf 88' lang='lat' dir='ltr'>dieo,</span> <span class='ocrx_word' id='word_1_44' title='bbox 1144 579 1255 632; x_wconf 87' lang='lat' dir='ltr'>quod</span> 
     </span>
     <span class='ocr_line' id='line_1_8' title="bbox 222 650 1256 704; baseline -0.004 -11"><span class='ocrx_word' id='word_1_45' title='bbox 222 652 396 694; x_wconf 88' lang='lat' dir='ltr'>habitus</span> <span class='ocrx_word' id='word_1_46' title='bbox 412 653 457 693; x_wconf 94' lang='lat' dir='ltr'>in</span> <span class='ocrx_word' id='word_1_47' title='bbox 477 653 621 693; x_wconf 89' lang='lat' dir='ltr'>anima</span> <span class='ocrx_word' id='word_1_48' title='bbox 639 664 727 693; x_wconf 92' lang='lat' dir='ltr'>non</span> <span class='ocrx_word' id='word_1_49' title='bbox 747 654 1064 704; x_wconf 82' lang='lat' dir='ltr'>cognoscuntur</span> <span class='ocrx_word' id='word_1_50' title='bbox 1081 650 1162 690; x_wconf 91' lang='lat' dir='ltr'>nisi</span> <span class='ocrx_word' id='word_1_51' title='bbox 1181 661 1256 703; x_wconf 88' lang='lat' dir='ltr'>per</span> 
     </span>
     <span class='ocr_line' id='line_1_9' title="bbox 222 722 1256 778; baseline -0.002 -14"><span class='ocrx_word' id='word_1_52' title='bbox 222 724 326 774; x_wconf 90' lang='lat' dir='ltr'>hoe,</span> <span class='ocrx_word' id='word_1_53' title='bbox 357 725 470 778; x_wconf 89' lang='lat' dir='ltr'>quod</span> <span class='ocrx_word' id='word_1_54' title='bbox 500 725 642 765; x_wconf 90' lang='lat' dir='ltr'>anima</span> <span class='ocrx_word' id='word_1_55' title='bbox 667 724 782 765; x_wconf 90' lang='lat' dir='ltr'>videt</span> <span class='ocrx_word' id='word_1_56' title='bbox 805 736 849 765; x_wconf 90' lang='lat' dir='ltr'>se</span> <span class='ocrx_word' id='word_1_57' title='bbox 878 724 1065 764; x_wconf 86' lang='lat' dir='ltr'>habilem</span> <span class='ocrx_word' id='word_1_58' title='bbox 1093 723 1146 764; x_wconf 91' lang='lat' dir='ltr'>ad</span> <span class='ocrx_word' id='word_1_59' title='bbox 1174 722 1256 763; x_wconf 92' lang='lat' dir='ltr'>ali-</span> 
     </span>
     <span class='ocr_line' id='line_1_10' title="bbox 221 794 1256 848; baseline -0.001 -13"><span class='ocrx_word' id='word_1_60' title='bbox 221 807 352 847; x_wconf 88' lang='lat' dir='ltr'>quem</span> <span class='ocrx_word' id='word_1_61' title='bbox 371 798 533 836; x_wconf 88' lang='lat' dir='ltr'>actum:</span> <span class='ocrx_word' id='word_1_62' title='bbox 556 799 598 836; x_wconf 89' lang='lat' dir='ltr'>et</span> <span class='ocrx_word' id='word_1_63' title='bbox 616 795 716 848; x_wconf 84' lang='lat' dir='ltr'>quia</span> <span class='ocrx_word' id='word_1_64' title='bbox 733 800 851 836; x_wconf 88' lang='lat' dir='ltr'>aetus</span> <span class='ocrx_word' id='word_1_65' title='bbox 870 795 968 836; x_wconf 87' lang='lat' dir='ltr'>fidei</span> <span class='ocrx_word' id='word_1_66' title='bbox 987 794 1194 844; x_wconf 88' lang='lat' dir='ltr'>informis,</span> <span class='ocrx_word' id='word_1_67' title='bbox 1216 797 1256 834; x_wconf 88' lang='lat' dir='ltr'>et</span> 
     </span>
     <span class='ocr_line' id='line_1_11' title="bbox 220 865 1252 918; baseline -0.002 -12"><span class='ocrx_word' id='word_1_68' title='bbox 220 865 434 916; x_wconf 84' lang='lat' dir='ltr'>formatae,</span> <span class='ocrx_word' id='word_1_69' title='bbox 455 869 495 907; x_wconf 88' lang='lat' dir='ltr'>et</span> <span class='ocrx_word' id='word_1_70' title='bbox 515 866 750 907; x_wconf 80' lang='lat' dir='ltr'>dilectionis</span> <span class='ocrx_word' id='word_1_71' title='bbox 769 866 993 918; x_wconf 62' lang='lat' dir='ltr'>gratuitae,</span> <span class='ocrx_word' id='word_1_72' title='bbox 1016 868 1057 906; x_wconf 86' lang='lat' dir='ltr'>et</span> <span class='ocrx_word' id='word_1_73' title='bbox 1081 867 1252 905; x_wconf 87' lang='lat' dir='ltr'>natura-</span> 
     </span>
     <span class='ocr_line' id='line_1_12' title="bbox 219 935 1254 988; baseline -0.001 -12"><span class='ocrx_word' id='word_1_74' title='bbox 219 935 296 987; x_wconf 88' lang='lat' dir='ltr'>lis,</span> <span class='ocrx_word' id='word_1_75' title='bbox 319 937 422 977; x_wconf 90' lang='lat' dir='ltr'>adeo</span> <span class='ocrx_word' id='word_1_76' title='bbox 442 939 539 977; x_wconf 88' lang='lat' dir='ltr'>sunt</span> <span class='ocrx_word' id='word_1_77' title='bbox 555 936 735 987; x_wconf 77' lang='lat' dir='ltr'>similes,</span> <span class='ocrx_word' id='word_1_78' title='bbox 756 939 804 976; x_wconf 89' lang='lat' dir='ltr'>ut</span> <span class='ocrx_word' id='word_1_79' title='bbox 823 936 917 985; x_wconf 87' lang='lat' dir='ltr'>vix,</span> <span class='ocrx_word' id='word_1_80' title='bbox 941 938 1014 977; x_wconf 88' lang='lat' dir='ltr'>aut</span> <span class='ocrx_word' id='word_1_81' title='bbox 1033 947 1254 988; x_wconf 89' lang='lat' dir='ltr'>nunquam</span> 
     </span>
     <span class='ocr_line' id='line_1_13' title="bbox 219 1006 1256 1059; baseline 0 -12"><span class='ocrx_word' id='word_1_82' title='bbox 219 1007 350 1059; x_wconf 86' lang='lat' dir='ltr'>possit</span> <span class='ocrx_word' id='word_1_83' title='bbox 369 1007 498 1048; x_wconf 87' lang='lat' dir='ltr'>homo</span> <span class='ocrx_word' id='word_1_84' title='bbox 517 1007 777 1055; x_wconf 79' lang='lat' dir='ltr'>discernere3</span> <span class='ocrx_word' id='word_1_85' title='bbox 801 1006 908 1057; x_wconf 89' lang='lat' dir='ltr'>ideo,</span> <span class='ocrx_word' id='word_1_86' title='bbox 932 1007 1009 1047; x_wconf 89' lang='lat' dir='ltr'>etsi</span> <span class='ocrx_word' id='word_1_87' title='bbox 1030 1009 1256 1058; x_wconf 78' lang='lat' dir='ltr'>cognoscat</span> 
     </span>
     <span class='ocr_line' id='line_1_14' title="bbox 218 1077 1252 1128; baseline -0.001 -10"><span class='ocrx_word' id='word_1_88' title='bbox 218 1077 438 1128; x_wconf 89' lang='lat' dir='ltr'>habitum,</span> <span class='ocrx_word' id='word_1_89' title='bbox 479 1077 611 1117; x_wconf 90' lang='lat' dir='ltr'>nescit</span> <span class='ocrx_word' id='word_1_90' title='bbox 644 1080 808 1127; x_wconf 85' lang='lat' dir='ltr'>tamen,</span> <span class='ocrx_word' id='word_1_91' title='bbox 842 1080 990 1117; x_wconf 89' lang='lat' dir='ltr'>utrum</span> <span class='ocrx_word' id='word_1_92' title='bbox 1021 1077 1252 1128; x_wconf 82' lang='lat' dir='ltr'>gratuitus.</span> 
     </span>
     <span class='ocr_line' id='line_1_15' title="bbox 219 1145 1255 1200; baseline -0.001 -12"><span class='ocrx_word' id='word_1_93' title='bbox 219 1145 338 1196; x_wconf 84' lang='lat' dir='ltr'>Quod</span> <span class='ocrx_word' id='word_1_94' title='bbox 358 1147 557 1200; x_wconf 88' lang='lat' dir='ltr'>objicitur</span> <span class='ocrx_word' id='word_1_95' title='bbox 576 1148 626 1188; x_wconf 90' lang='lat' dir='ltr'>de</span> <span class='ocrx_word' id='word_1_96' title='bbox 646 1148 756 1199; x_wconf 88' lang='lat' dir='ltr'>odio,</span> <span class='ocrx_word' id='word_1_97' title='bbox 774 1147 865 1188; x_wconf 92' lang='lat' dir='ltr'>dico</span> <span class='ocrx_word' id='word_1_98' title='bbox 886 1148 1000 1200; x_wconf 84' lang='lat' dir='ltr'>quod</span> <span class='ocrx_word' id='word_1_99' title='bbox 1017 1148 1106 1200; x_wconf 89' lang='lat' dir='ltr'>ipse</span> <span class='ocrx_word' id='word_1_100' title='bbox 1122 1147 1255 1200; x_wconf 86' lang='lat' dir='ltr'>loqui-</span> 
     </span>
     <span class='ocr_line' id='line_1_16' title="bbox 216 1217 1254 1271; baseline 0 -13"><span class='ocrx_word' id='word_1_101' title='bbox 216 1220 288 1258; x_wconf 87' lang='lat' dir='ltr'>tur</span> <span class='ocrx_word' id='word_1_102' title='bbox 316 1217 367 1258; x_wconf 89' lang='lat' dir='ltr'>de</span> <span class='ocrx_word' id='word_1_103' title='bbox 406 1218 552 1270; x_wconf 88' lang='lat' dir='ltr'>justis,</span> <span class='ocrx_word' id='word_1_104' title='bbox 593 1218 694 1271; x_wconf 85' lang='lat' dir='ltr'>quia</span> <span class='ocrx_word' id='word_1_105' title='bbox 730 1218 808 1271; x_wconf 88' lang='lat' dir='ltr'>ipsi</span> <span class='ocrx_word' id='word_1_106' title='bbox 848 1218 1064 1268; x_wconf 88' lang='lat' dir='ltr'>nesciunt,</span> <span class='ocrx_word' id='word_1_107' title='bbox 1105 1221 1254 1259; x_wconf 92' lang='lat' dir='ltr'>utrum</span> 
     </span>
     <span class='ocr_line' id='line_1_17' title="bbox 217 1288 1255 1341; baseline 0 -12"><span class='ocrx_word' id='word_1_108' title='bbox 217 1300 384 1339; x_wconf 88' lang='lat' dir='ltr'>amore,</span> <span class='ocrx_word' id='word_1_109' title='bbox 417 1301 472 1329; x_wconf 87' lang='lat' dir='ltr'>an</span> <span class='ocrx_word' id='word_1_110' title='bbox 497 1288 593 1329; x_wconf 90' lang='lat' dir='ltr'>odio</span> <span class='ocrx_word' id='word_1_111' title='bbox 611 1288 746 1340; x_wconf 73' lang='lat' dir='ltr'>Jdigni</span> <span class='ocrx_word' id='word_1_112' title='bbox 781 1288 886 1339; x_wconf 89' lang='lat' dir='ltr'>sint;</span> <span class='ocrx_word' id='word_1_113' title='bbox 919 1301 1007 1329; x_wconf 89' lang='lat' dir='ltr'>non</span> <span class='ocrx_word' id='word_1_114' title='bbox 1034 1289 1084 1329; x_wconf 92' lang='lat' dir='ltr'>de</span> <span class='ocrx_word' id='word_1_115' title='bbox 1113 1291 1255 1341; x_wconf 89' lang='lat' dir='ltr'>aperte</span> 
     </span>
     <span class='ocr_line' id='line_1_18' title="bbox 217 1359 1256 1412; baseline 0 -12"><span class='ocrx_word' id='word_1_116' title='bbox 217 1359 368 1400; x_wconf 88' lang='lat' dir='ltr'>malis:</span> <span class='ocrx_word' id='word_1_117' title='bbox 404 1359 612 1412; x_wconf 85' lang='lat' dir='ltr'>quidquid</span> <span class='ocrx_word' id='word_1_118' title='bbox 641 1363 781 1400; x_wconf 87' lang='lat' dir='ltr'>tamen</span> <span class='ocrx_word' id='word_1_119' title='bbox 812 1360 865 1399; x_wconf 89' lang='lat' dir='ltr'>sit</span> <span class='ocrx_word' id='word_1_120' title='bbox 898 1359 949 1399; x_wconf 92' lang='lat' dir='ltr'>de</span> <span class='ocrx_word' id='word_1_121' title='bbox 981 1359 1183 1400; x_wconf 81' lang='lat' dir='ltr'>charitate</span> <span class='ocrx_word' id='word_1_122' title='bbox 1214 1363 1256 1400; x_wconf 89' lang='lat' dir='ltr'>et</span> 
     </span>
     <span class='ocr_line' id='line_1_19' title="bbox 216 1430 1251 1480; baseline 0 -10"><span class='ocrx_word' id='word_1_123' title='bbox 216 1430 318 1480; x_wconf 81' lang='lat' dir='ltr'>fide,</span> <span class='ocrx_word' id='word_1_124' title='bbox 341 1432 491 1471; x_wconf 89' lang='lat' dir='ltr'>utrum</span> <span class='ocrx_word' id='word_1_125' title='bbox 509 1430 640 1470; x_wconf 91' lang='lat' dir='ltr'>homo</span> <span class='ocrx_word' id='word_1_126' title='bbox 661 1430 763 1470; x_wconf 89' lang='lat' dir='ltr'>sciat</span> <span class='ocrx_word' id='word_1_127' title='bbox 782 1442 826 1470; x_wconf 89' lang='lat' dir='ltr'>se</span> <span class='ocrx_word' id='word_1_128' title='bbox 850 1430 1030 1480; x_wconf 87' lang='lat' dir='ltr'>habere,</span> <span class='ocrx_word' id='word_1_129' title='bbox 1052 1430 1122 1471; x_wconf 91' lang='lat' dir='ltr'>vel</span> <span class='ocrx_word' id='word_1_130' title='bbox 1142 1442 1251 1480; x_wconf 89' lang='lat' dir='ltr'>non,</span> 
     </span>
     <span class='ocr_line' id='line_1_20' title="bbox 215 1500 1254 1550; baseline 0.001 -10"><span class='ocrx_word' id='word_1_131' title='bbox 215 1502 362 1541; x_wconf 91' lang='lat' dir='ltr'>tamen</span> <span class='ocrx_word' id='word_1_132' title='bbox 381 1501 515 1541; x_wconf 85' lang='lat' dir='ltr'>nescit</span> <span class='ocrx_word' id='word_1_133' title='bbox 533 1503 682 1541; x_wconf 88' lang='lat' dir='ltr'>utrum</span> <span class='ocrx_word' id='word_1_134' title='bbox 705 1512 873 1550; x_wconf 85' lang='lat' dir='ltr'>amore,</span> <span class='ocrx_word' id='word_1_135' title='bbox 898 1513 952 1540; x_wconf 88' lang='lat' dir='ltr'>an</span> <span class='ocrx_word' id='word_1_136' title='bbox 977 1500 1073 1541; x_wconf 88' lang='lat' dir='ltr'>odio</span> <span class='ocrx_word' id='word_1_137' title='bbox 1097 1500 1169 1541; x_wconf 90' lang='lat' dir='ltr'>Dei</span> <span class='ocrx_word' id='word_1_138' title='bbox 1190 1501 1254 1541; x_wconf 91' lang='lat' dir='ltr'>di-</span> 
     </span>
     <span class='ocr_line' id='line_1_21' title="bbox 216 1571 1251 1624; baseline 0.001 -13"><span class='ocrx_word' id='word_1_139' title='bbox 216 1583 332 1623; x_wconf 80' lang='lat' dir='ltr'>gnus</span> <span class='ocrx_word' id='word_1_140' title='bbox 350 1571 405 1611; x_wconf 90' lang='lat' dir='ltr'>sit</span> <span class='ocrx_word' id='word_1_141' title='bbox 427 1583 437 1611; x_wconf 90' lang='lat'>:</span> <span class='ocrx_word' id='word_1_142' title='bbox 457 1571 558 1623; x_wconf 88' lang='lat' dir='ltr'>quia</span> <span class='ocrx_word' id='word_1_143' title='bbox 581 1571 750 1612; x_wconf 85' lang='lat' dir='ltr'>eredere</span> <span class='ocrx_word' id='word_1_144' title='bbox 770 1584 996 1624; x_wconf 90' lang='lat' dir='ltr'>possumus</span> <span class='ocrx_word' id='word_1_145' title='bbox 1013 1586 1022 1621; x_wconf 91' lang='lat'>;</span> <span class='ocrx_word' id='word_1_146' title='bbox 1050 1572 1122 1612; x_wconf 82' lang='lat' dir='ltr'>sed</span> <span class='ocrx_word' id='word_1_147' title='bbox 1147 1583 1251 1624; x_wconf 88' lang='lat' dir='ltr'>quo-</span> 
     </span>
     <span class='ocr_line' id='line_1_22' title="bbox 213 1641 1251 1694; baseline 0.001 -13"><span class='ocrx_word' id='word_1_148' title='bbox 213 1641 340 1682; x_wconf 92' lang='lat' dir='ltr'>modo</span> <span class='ocrx_word' id='word_1_149' title='bbox 360 1641 531 1692; x_wconf 86' lang='lat' dir='ltr'>scimus,</span> <span class='ocrx_word' id='word_1_150' title='bbox 552 1641 665 1694; x_wconf 90' lang='lat' dir='ltr'>quod</span> <span class='ocrx_word' id='word_1_151' title='bbox 685 1641 797 1682; x_wconf 91' lang='lat' dir='ltr'>Deus</span> <span class='ocrx_word' id='word_1_152' title='bbox 817 1643 913 1683; x_wconf 90' lang='lat' dir='ltr'>odio</span> <span class='ocrx_word' id='word_1_153' title='bbox 932 1642 1085 1682; x_wconf 89' lang='lat' dir='ltr'>habeat</span> <span class='ocrx_word' id='word_1_154' title='bbox 1102 1642 1251 1691; x_wconf 88' lang='lat' dir='ltr'>malos,</span> 
     </span>
     <span class='ocr_line' id='line_1_23' title="bbox 214 1711 1254 1764; baseline 0 -11"><span class='ocrx_word' id='word_1_155' title='bbox 214 1714 255 1753; x_wconf 88' lang='lat' dir='ltr'>et</span> <span class='ocrx_word' id='word_1_156' title='bbox 279 1711 429 1764; x_wconf 82' lang='lat' dir='ltr'>diligat</span> <span class='ocrx_word' id='word_1_157' title='bbox 455 1712 611 1762; x_wconf 90' lang='lat' dir='ltr'>bonos,</span> <span class='ocrx_word' id='word_1_158' title='bbox 633 1724 732 1752; x_wconf 89' lang='lat' dir='ltr'>cum</span> <span class='ocrx_word' id='word_1_159' title='bbox 765 1714 826 1752; x_wconf 88' lang='lat' dir='ltr'>tot</span> <span class='ocrx_word' id='word_1_160' title='bbox 852 1714 893 1753; x_wconf 89' lang='lat' dir='ltr'>et</span> <span class='ocrx_word' id='word_1_161' title='bbox 922 1715 1037 1753; x_wconf 85' lang='lat' dir='ltr'>tanta</span> <span class='ocrx_word' id='word_1_162' title='bbox 1060 1713 1173 1753; x_wconf 91' lang='lat' dir='ltr'>bona</span> <span class='ocrx_word' id='word_1_163' title='bbox 1198 1713 1254 1753; x_wconf 87' lang='lat' dir='ltr'>fa-</span> 
     </span>
     <span class='ocr_line' id='line_1_24' title="bbox 215 1782 1253 1832; baseline 0.002 -10"><span class='ocrx_word' id='word_1_164' title='bbox 215 1782 296 1822; x_wconf 91' lang='lat' dir='ltr'>ciat</span> <span class='ocrx_word' id='word_1_165' title='bbox 315 1782 461 1832; x_wconf 88' lang='lat' dir='ltr'>malis,</span> <span class='ocrx_word' id='word_1_166' title='bbox 486 1782 593 1823; x_wconf 92' lang='lat' dir='ltr'>sicut</span> <span class='ocrx_word' id='word_1_167' title='bbox 610 1785 651 1823; x_wconf 90' lang='lat' dir='ltr'>et</span> <span class='ocrx_word' id='word_1_168' title='bbox 670 1783 822 1823; x_wconf 80' lang='lat' dir='ltr'>bonis?</span> <span class='ocrx_word' id='word_1_169' title='bbox 845 1783 963 1824; x_wconf 89' lang='lat' dir='ltr'>Unde</span> <span class='ocrx_word' id='word_1_170' title='bbox 986 1783 1253 1825; x_wconf 87' lang='lat' dir='ltr'>Ecclesiastes</span> 
     </span>
     <span class='ocr_line' id='line_1_25' title="bbox 216 1852 1251 1906; baseline 0.002 -13"><span class='ocrx_word' id='word_1_171' title='bbox 216 1864 305 1893; x_wconf 91' lang='lat' dir='ltr'>non</span> <span class='ocrx_word' id='word_1_172' title='bbox 322 1852 452 1904; x_wconf 78' lang='lat' dir='ltr'>dixit&#39;,</span> <span class='ocrx_word' id='word_1_173' title='bbox 476 1853 592 1906; x_wconf 84' lang='lat' dir='ltr'>quod</span> <span class='ocrx_word' id='word_1_174' title='bbox 609 1854 800 1894; x_wconf 79' lang='lat' dir='ltr'>nesciant</span> <span class='ocrx_word' id='word_1_175' title='bbox 819 1866 863 1894; x_wconf 90' lang='lat' dir='ltr'>se</span> <span class='ocrx_word' id='word_1_176' title='bbox 883 1866 972 1895; x_wconf 90' lang='lat' dir='ltr'>esse</span> <span class='ocrx_word' id='word_1_177' title='bbox 996 1855 1136 1906; x_wconf 79' lang='lat' dir='ltr'>justos</span> <span class='ocrx_word' id='word_1_178' title='bbox 1149 1886 1158 1904; x_wconf 86' lang='lat'>‚</span> <span class='ocrx_word' id='word_1_179' title='bbox 1180 1854 1251 1895; x_wconf 90' lang='lat' dir='ltr'>sed</span> 
     </span>
     <span class='ocr_line' id='line_1_26' title="bbox 213 1923 1251 1966; baseline 0.002 -2"><span class='ocrx_word' id='word_1_180' title='bbox 213 1923 405 1965; x_wconf 86' lang='lat' dir='ltr'>nesciunt</span> <span class='ocrx_word' id='word_1_181' title='bbox 432 1936 476 1964; x_wconf 92' lang='lat' dir='ltr'>se</span> <span class='ocrx_word' id='word_1_182' title='bbox 504 1924 676 1965; x_wconf 90' lang='lat' dir='ltr'>dilectos</span> <span class='ocrx_word' id='word_1_183' title='bbox 695 1937 719 1965; x_wconf 92' lang='lat' dir='ltr'>a</span> <span class='ocrx_word' id='word_1_184' title='bbox 741 1925 839 1966; x_wconf 91' lang='lat' dir='ltr'>Deo.</span> <span class='ocrx_word' id='word_1_185' title='bbox 862 1923 1002 1966; x_wconf 90' lang='lat' dir='ltr'>Potest</span> <span class='ocrx_word' id='word_1_186' title='bbox 1027 1925 1156 1966; x_wconf 88' lang='lat' dir='ltr'>etiam</span> <span class='ocrx_word' id='word_1_187' title='bbox 1177 1926 1251 1966; x_wconf 88' lang='lat' dir='ltr'>du-</span> 
     </span>
     <span class='ocr_line' id='line_1_27' title="bbox 212 1994 806 2048; baseline 0.003 -14"><span class='ocrx_word' id='word_1_188' title='bbox 212 1994 342 2035; x_wconf 88' lang='lat' dir='ltr'>bitari</span> <span class='ocrx_word' id='word_1_189' title='bbox 362 1994 412 2035; x_wconf 90' lang='lat' dir='ltr'>de</span> <span class='ocrx_word' id='word_1_190' title='bbox 432 1995 513 2035; x_wconf 89' lang='lat' dir='ltr'>hoc</span> <span class='ocrx_word' id='word_1_191' title='bbox 527 2026 537 2044; x_wconf 93' lang='lat'>,</span> <span class='ocrx_word' id='word_1_192' title='bbox 560 1995 674 2048; x_wconf 90' lang='lat' dir='ltr'>quod</span> <span class='ocrx_word' id='word_1_193' title='bbox 693 1995 806 2036; x_wconf 85' lang='lat' dir='ltr'>dicit.</span> 
     </span>
    </p>

    <p class='ocr_par' dir='ltr' id='par_1_3' title="bbox 209 2065 1251 3314">
     <span class='ocr_line' id='line_1_28' title="bbox 267 2065 1250 2118; baseline 0.004 -13"><span class='ocrx_word' id='word_1_194' title='bbox 267 2068 305 2105; x_wconf 90' lang='lat'>3.</span> <span class='ocrx_word' id='word_1_195' title='bbox 325 2066 415 2107; x_wconf 83' lang='lat' dir='ltr'>Hoc</span> <span class='ocrx_word' id='word_1_196' title='bbox 432 2069 494 2108; x_wconf 78' lang='lat' dir='ltr'>est</span> <span class='ocrx_word' id='word_1_197' title='bbox 511 2066 745 2118; x_wconf 75' lang='lat' dir='ltr'>pessimum</span> <span class='ocrx_word' id='word_1_198' title='bbox 765 2065 840 2108; x_wconf 82' lang='lat' dir='ltr'>sub</span> <span class='ocrx_word' id='word_1_199' title='bbox 859 2065 956 2116; x_wconf 80' lang='lat' dir='ltr'>sole,</span> <span class='ocrx_word' id='word_1_200' title='bbox 972 2066 1086 2118; x_wconf 79' lang='lat' dir='ltr'>quod</span> <span class='ocrx_word' id='word_1_201' title='bbox 1106 2066 1250 2109; x_wconf 67' lang='lat' dir='ltr'>eada-m</span> 
     </span>
     <span class='ocr_line' id='line_1_29' title="bbox 212 2136 1251 2190; baseline 0.003 -13"><span class='ocrx_word' id='word_1_202' title='bbox 212 2138 376 2179; x_wconf 77' lang='lat' dir='ltr'>cunctis</span> <span class='ocrx_word' id='word_1_203' title='bbox 395 2138 606 2179; x_wconf 75' lang='lat' dir='ltr'>eveniant.</span> <span class='ocrx_word' id='word_1_204' title='bbox 631 2137 807 2178; x_wconf 85' lang='lat' dir='ltr'>Contra:</span> <span class='ocrx_word' id='word_1_205' title='bbox 836 2136 964 2189; x_wconf 75' lang='lat' dir='ltr'>PeJ&#39;us</span> <span class='ocrx_word' id='word_1_206' title='bbox 983 2139 1059 2188; x_wconf 84' lang='lat' dir='ltr'>est,</span> <span class='ocrx_word' id='word_1_207' title='bbox 1082 2139 1251 2190; x_wconf 82' lang='lat' dir='ltr'>quando</span> 
     </span>
     <span class='ocr_line' id='line_1_30' title="bbox 212 2207 1250 2262; baseline 0.002 -14"><span class='ocrx_word' id='word_1_208' title='bbox 212 2207 336 2248; x_wconf 87' lang='lat' dir='ltr'>malis</span> <span class='ocrx_word' id='word_1_209' title='bbox 361 2209 567 2250; x_wconf 79' lang='lat' dir='ltr'>eveniunt</span> <span class='ocrx_word' id='word_1_210' title='bbox 592 2209 723 2260; x_wconf 87' lang='lat' dir='ltr'>bona,</span> <span class='ocrx_word' id='word_1_211' title='bbox 750 2211 791 2249; x_wconf 89' lang='lat' dir='ltr'>et</span> <span class='ocrx_word' id='word_1_212' title='bbox 817 2208 939 2249; x_wconf 88' lang='lat' dir='ltr'>bonis</span> <span class='ocrx_word' id='word_1_213' title='bbox 961 2209 1094 2259; x_wconf 89' lang='lat' dir='ltr'>mala&#39;,</span> <span class='ocrx_word' id='word_1_214' title='bbox 1120 2222 1250 2262; x_wconf 88' lang='lat' dir='ltr'>quam</span> 
     </span>
     <span class='ocr_line' id='line_1_31' title="bbox 215 2278 1251 2331; baseline 0.003 -13"><span class='ocrx_word' id='word_1_215' title='bbox 215 2279 386 2331; x_wconf 86' lang='lat' dir='ltr'>quando</span> <span class='ocrx_word' id='word_1_216' title='bbox 405 2279 511 2329; x_wconf 89' lang='lat' dir='ltr'>istis,</span> <span class='ocrx_word' id='word_1_217' title='bbox 529 2282 569 2319; x_wconf 89' lang='lat' dir='ltr'>et</span> <span class='ocrx_word' id='word_1_218' title='bbox 584 2279 667 2319; x_wconf 90' lang='lat' dir='ltr'>illis</span> <span class='ocrx_word' id='word_1_219' title='bbox 687 2278 906 2329; x_wconf 89' lang='lat' dir='ltr'>eveniunt,</span> <span class='ocrx_word' id='word_1_220' title='bbox 923 2279 1027 2331; x_wconf 87' lang='lat' dir='ltr'>quia</span> <span class='ocrx_word' id='word_1_221' title='bbox 1043 2279 1150 2320; x_wconf 89' lang='lat' dir='ltr'>sicut</span> <span class='ocrx_word' id='word_1_222' title='bbox 1169 2281 1251 2321; x_wconf 89' lang='lat' dir='ltr'>dic-</span> 
     </span>
     <span class='ocr_line' id='line_1_32' title="bbox 212 2349 1248 2403; baseline 0.003 -14"><span class='ocrx_word' id='word_1_223' title='bbox 212 2351 306 2390; x_wconf 90' lang='lat' dir='ltr'>tum</span> <span class='ocrx_word' id='word_1_224' title='bbox 334 2350 413 2390; x_wconf 87' lang='lat' dir='ltr'>fuit</span> <span class='ocrx_word' id='word_1_225' title='bbox 440 2362 568 2403; x_wconf 89' lang='lat' dir='ltr'>supra</span> <span class='ocrx_word' id='word_1_226' title='bbox 586 2351 613 2400; x_wconf 89' lang='lat'>¹,</span> <span class='ocrx_word' id='word_1_227' title='bbox 644 2349 750 2390; x_wconf 87' lang='lat' dir='ltr'>illud</span> <span class='ocrx_word' id='word_1_228' title='bbox 777 2349 1036 2401; x_wconf 90' lang='lat' dir='ltr'>indebitum,</span> <span class='ocrx_word' id='word_1_229' title='bbox 1065 2353 1107 2390; x_wconf 88' lang='lat' dir='ltr'>et</span> <span class='ocrx_word' id='word_1_230' title='bbox 1135 2351 1248 2392; x_wconf 83' lang='lat' dir='ltr'>indi-</span> 
     </span>
     <span class='ocr_line' id='line_1_33' title="bbox 212 2419 1246 2475; baseline -0.001 -13"><span class='ocrx_word' id='word_1_231' title='bbox 212 2434 366 2475; x_wconf 87' lang='lat' dir='ltr'>gnum.</span> <span class='ocrx_word' id='word_1_232' title='bbox 389 2421 493 2463; x_wconf 87' lang='lat' dir='ltr'>Item</span> <span class='ocrx_word' id='word_1_233' title='bbox 514 2433 643 2474; x_wconf 89' lang='lat' dir='ltr'>supra</span> <span class='ocrx_word' id='word_1_234' title='bbox 658 2420 819 2461; x_wconf 89' lang='lat' dir='ltr'>dictum</span> <span class='ocrx_word' id='word_1_235' title='bbox 841 2422 926 2460; x_wconf 89' lang='lat' dir='ltr'>est:</span> <span class='ocrx_word' id='word_1_236' title='bbox 957 2435 976 2459; x_wconf 78' lang='grc'><strong>(1</strong></span> <span class='ocrx_word' id='word_1_237' title='bbox 997 2419 1085 2461; x_wconf 87' lang='lat' dir='ltr'>Hoc</span> <span class='ocrx_word' id='word_1_238' title='bbox 1105 2421 1246 2462; x_wconf 88' lang='lat' dir='ltr'>vanis-</span> 
     </span>
     <span class='ocr_line' id='line_1_34' title="bbox 211 2489 1246 2546; baseline 0 -14"><span class='ocrx_word' id='word_1_239' title='bbox 211 2492 371 2534; x_wconf 90' lang='lat' dir='ltr'>simum</span> <span class='ocrx_word' id='word_1_240' title='bbox 380 2492 528 2546; x_wconf 69' lang='lat' dir='ltr'>‚iudico</span> <span class='ocrx_word' id='word_1_241' title='bbox 545 2492 596 2532; x_wconf 91' lang='lat' dir='ltr'>de</span> <span class='ocrx_word' id='word_1_242' title='bbox 614 2491 712 2541; x_wconf 91' lang='lat' dir='ltr'>hoc,</span> <span class='ocrx_word' id='word_1_243' title='bbox 731 2490 845 2543; x_wconf 90' lang='lat' dir='ltr'>quod</span> <span class='ocrx_word' id='word_1_244' title='bbox 861 2489 961 2530; x_wconf 87' lang='lat' dir='ltr'>mali</span> <span class='ocrx_word' id='word_1_245' title='bbox 976 2493 1077 2531; x_wconf 89' lang='lat' dir='ltr'>sunt</span> <span class='ocrx_word' id='word_1_246' title='bbox 1092 2492 1246 2542; x_wconf 87' lang='lat' dir='ltr'>securi,</span> 
     </span>
     <span class='ocr_line' id='line_1_35' title="bbox 211 2560 1250 2616; baseline -0.002 -12"><span class='ocrx_word' id='word_1_247' title='bbox 211 2565 254 2604; x_wconf 90' lang='lat' dir='ltr'>et</span> <span class='ocrx_word' id='word_1_248' title='bbox 274 2563 402 2616; x_wconf 85' lang='lat' dir='ltr'>justis</span> <span class='ocrx_word' id='word_1_249' title='bbox 430 2562 542 2603; x_wconf 88' lang='lat' dir='ltr'>mala</span> <span class='ocrx_word' id='word_1_250' title='bbox 569 2561 856 2614; x_wconf 89' lang='lat' dir='ltr'>proveniunt:</span> <span class='ocrx_word' id='word_1_251' title='bbox 888 2560 1006 2601; x_wconf 80' lang='lat' dir='ltr'>»sed</span> <span class='ocrx_word' id='word_1_252' title='bbox 1032 2561 1145 2614; x_wconf 88' lang='lat' dir='ltr'>quod</span> <span class='ocrx_word' id='word_1_253' title='bbox 1175 2573 1250 2614; x_wconf 89' lang='lat' dir='ltr'>per</span> 
     </span>
     <span class='ocr_line' id='line_1_36' title="bbox 211 2631 1248 2686; baseline 0 -13"><span class='ocrx_word' id='word_1_254' title='bbox 211 2632 644 2686; x_wconf 79' lang='lat' dir='ltr'>superabundantiam</span> <span class='ocrx_word' id='word_1_255' title='bbox 675 2631 843 2681; x_wconf 86' lang='lat' dir='ltr'>dicitur,</span> <span class='ocrx_word' id='word_1_256' title='bbox 872 2631 949 2672; x_wconf 91' lang='lat' dir='ltr'>uni</span> <span class='ocrx_word' id='word_1_257' title='bbox 979 2631 1055 2672; x_wconf 90' lang='lat' dir='ltr'>soli</span> <span class='ocrx_word' id='word_1_258' title='bbox 1091 2644 1248 2674; x_wconf 88' lang='lat' dir='ltr'>conve-</span> 
     </span>
     <span class='ocr_line' id='line_1_37' title="bbox 209 2702 1247 2757; baseline 0 -12"><span class='ocrx_word' id='word_1_259' title='bbox 209 2704 300 2746; x_wconf 88' lang='lat' dir='ltr'>nit:</span> <span class='ocrx_word' id='word_1_260' title='bbox 326 2717 446 2757; x_wconf 85' lang='lat' dir='ltr'>ergo,</span> <span class='ocrx_word' id='word_1_261' title='bbox 471 2707 550 2745; x_wconf 88' lang='lat' dir='ltr'>etc.</span> <span class='ocrx_word' id='word_1_262' title='bbox 584 2702 830 2755; x_wconf 86' lang='lat' dir='ltr'>Respondeo</span> <span class='ocrx_word' id='word_1_263' title='bbox 861 2702 1110 2754; x_wconf 90' lang='lat' dir='ltr'>dicendum,</span> <span class='ocrx_word' id='word_1_264' title='bbox 1132 2704 1247 2756; x_wconf 85' lang='lat' dir='ltr'>quod</span> 
     </span>
     <span class='ocr_line' id='line_1_38' title="bbox 210 2773 1245 2826; baseline 0 -11"><span class='ocrx_word' id='word_1_265' title='bbox 210 2774 406 2826; x_wconf 89' lang='lat' dir='ltr'>intensio,</span> <span class='ocrx_word' id='word_1_266' title='bbox 429 2777 471 2816; x_wconf 90' lang='lat' dir='ltr'>et</span> <span class='ocrx_word' id='word_1_267' title='bbox 488 2774 698 2824; x_wconf 87' lang='lat' dir='ltr'>remissio,</span> <span class='ocrx_word' id='word_1_268' title='bbox 720 2773 764 2814; x_wconf 93' lang='lat' dir='ltr'>in</span> <span class='ocrx_word' id='word_1_269' title='bbox 778 2774 963 2815; x_wconf 84' lang='lat' dir='ltr'>vanitate</span> <span class='ocrx_word' id='word_1_270' title='bbox 983 2773 1052 2815; x_wconf 91' lang='lat' dir='ltr'>vel</span> <span class='ocrx_word' id='word_1_271' title='bbox 1070 2774 1245 2826; x_wconf 88' lang='lat' dir='ltr'>malitia,</span> 
     </span>
     <span class='ocr_line' id='line_1_39' title="bbox 209 2845 1243 2900; baseline 0.001 -13"><span class='ocrx_word' id='word_1_272' title='bbox 209 2848 347 2899; x_wconf 89' lang='lat' dir='ltr'>potest</span> <span class='ocrx_word' id='word_1_273' title='bbox 361 2847 491 2898; x_wconf 82' lang='lat' dir='ltr'>accipi</span> <span class='ocrx_word' id='word_1_274' title='bbox 514 2847 704 2900; x_wconf 85' lang='lat' dir='ltr'>proprie,</span> <span class='ocrx_word' id='word_1_275' title='bbox 722 2845 834 2886; x_wconf 88' lang='lat' dir='ltr'>etsie</span> <span class='ocrx_word' id='word_1_276' title='bbox 851 2846 1003 2887; x_wconf 90' lang='lat' dir='ltr'>dieitur</span> <span class='ocrx_word' id='word_1_277' title='bbox 1022 2846 1243 2899; x_wconf 75' lang='lat' dir='ltr'>intensive,</span> 
     </span>
     <span class='ocr_line' id='line_1_40' title="bbox 209 2916 1240 2970; baseline 0.002 -13"><span class='ocrx_word' id='word_1_278' title='bbox 209 2916 446 2958; x_wconf 87' lang='lat' dir='ltr'>seeundum</span> <span class='ocrx_word' id='word_1_279' title='bbox 471 2916 585 2969; x_wconf 88' lang='lat' dir='ltr'>quod</span> <span class='ocrx_word' id='word_1_280' title='bbox 610 2917 845 2968; x_wconf 84' lang='lat' dir='ltr'>margarita</span> <span class='ocrx_word' id='word_1_281' title='bbox 865 2919 927 2957; x_wconf 85' lang='lat' dir='ltr'>est</span> <span class='ocrx_word' id='word_1_282' title='bbox 946 2916 1082 2957; x_wconf 81' lang='lat' dir='ltr'>albior</span> <span class='ocrx_word' id='word_1_283' title='bbox 1101 2929 1211 2970; x_wconf 88' lang='lat' dir='ltr'>equo</span> <span class='ocrx_word' id='word_1_284' title='bbox 1232 2932 1240 2959; x_wconf 92' lang='lat'><strong>:</strong></span> 
     </span>
     <span class='ocr_line' id='line_1_41' title="bbox 210 2987 1245 3040; baseline 0 -12"><span class='ocrx_word' id='word_1_285' title='bbox 210 2989 252 3028; x_wconf 89' lang='lat' dir='ltr'>et</span> <span class='ocrx_word' id='word_1_286' title='bbox 271 2987 330 3028; x_wconf 89' lang='lat' dir='ltr'>sic</span> <span class='ocrx_word' id='word_1_287' title='bbox 352 2987 561 3029; x_wconf 85' lang='lat' dir='ltr'>intensive</span> <span class='ocrx_word' id='word_1_288' title='bbox 581 2989 718 3040; x_wconf 81' lang='lat' dir='ltr'>major</span> <span class='ocrx_word' id='word_1_289' title='bbox 739 2990 801 3028; x_wconf 89' lang='lat' dir='ltr'>est</span> <span class='ocrx_word' id='word_1_290' title='bbox 821 2987 1003 3037; x_wconf 81' lang='lat' dir='ltr'>vanitas,</span> <span class='ocrx_word' id='word_1_291' title='bbox 1026 3000 1122 3028; x_wconf 90' lang='lat' dir='ltr'>cum</span> <span class='ocrx_word' id='word_1_292' title='bbox 1144 2988 1245 3029; x_wconf 88' lang='lat' dir='ltr'>mali</span> 
     </span>
     <span class='ocr_line' id='line_1_42' title="bbox 210 3057 1245 3111; baseline 0.003 -13"><span class='ocrx_word' id='word_1_293' title='bbox 210 3057 465 3109; x_wconf 80' lang='lat' dir='ltr'>exaltantur,</span> <span class='ocrx_word' id='word_1_294' title='bbox 490 3060 532 3098; x_wconf 89' lang='lat' dir='ltr'>et</span> <span class='ocrx_word' id='word_1_295' title='bbox 552 3057 852 3111; x_wconf 90' lang='lat' dir='ltr'>deprimuntur</span> <span class='ocrx_word' id='word_1_296' title='bbox 876 3058 992 3099; x_wconf 90' lang='lat' dir='ltr'>boni.</span> <span class='ocrx_word' id='word_1_297' title='bbox 1017 3058 1159 3100; x_wconf 88' lang='lat' dir='ltr'>Potest</span> <span class='ocrx_word' id='word_1_298' title='bbox 1176 3059 1245 3101; x_wconf 89' lang='lat' dir='ltr'>ul-</span> 
     </span>
     <span class='ocr_line' id='line_1_43' title="bbox 209 3130 1246 3184; baseline 0.002 -14"><span class='ocrx_word' id='word_1_299' title='bbox 209 3130 341 3171; x_wconf 87' lang='lat' dir='ltr'>terius</span> <span class='ocrx_word' id='word_1_300' title='bbox 358 3131 501 3182; x_wconf 86' lang='lat' dir='ltr'>magis</span> <span class='ocrx_word' id='word_1_301' title='bbox 518 3133 559 3171; x_wconf 89' lang='lat' dir='ltr'>et</span> <span class='ocrx_word' id='word_1_302' title='bbox 581 3130 724 3171; x_wconf 91' lang='lat' dir='ltr'>minus</span> <span class='ocrx_word' id='word_1_303' title='bbox 741 3130 871 3184; x_wconf 89' lang='lat' dir='ltr'>accipi</span> <span class='ocrx_word' id='word_1_304' title='bbox 890 3130 1121 3182; x_wconf 79' lang='lat' dir='ltr'>extensive,</span> <span class='ocrx_word' id='word_1_305' title='bbox 1144 3131 1246 3184; x_wconf 87' lang='lat' dir='ltr'>quia</span> 
     </span>
     <span class='ocr_line' id='line_1_44' title="bbox 209 3198 1245 3253; baseline 0.004 -14"><span class='ocrx_word' id='word_1_306' title='bbox 209 3198 254 3240; x_wconf 89' lang='lat' dir='ltr'>in</span> <span class='ocrx_word' id='word_1_307' title='bbox 275 3199 470 3252; x_wconf 90' lang='lat' dir='ltr'>pluribus</span> <span class='ocrx_word' id='word_1_308' title='bbox 490 3199 559 3242; x_wconf 90' lang='lat' dir='ltr'>vel</span> <span class='ocrx_word' id='word_1_309' title='bbox 585 3200 776 3253; x_wconf 90' lang='lat' dir='ltr'>plurium</span> <span class='ocrx_word' id='word_1_310' title='bbox 796 3203 860 3242; x_wconf 91' lang='lat' dir='ltr'>est</span> <span class='ocrx_word' id='word_1_311' title='bbox 879 3201 974 3242; x_wconf 91' lang='lat' dir='ltr'>talis</span> <span class='ocrx_word' id='word_1_312' title='bbox 995 3200 1184 3242; x_wconf 88' lang='lat' dir='ltr'>occasio:</span> <span class='ocrx_word' id='word_1_313' title='bbox 1203 3204 1245 3243; x_wconf 87' lang='lat' dir='ltr'>et</span> 
     </span>
     <span class='ocr_line' id='line_1_45' title="bbox 209 3268 1244 3314; baseline 0.004 -5"><span class='ocrx_word' id='word_1_314' title='bbox 209 3268 289 3311; x_wconf 90' lang='lat' dir='ltr'>hoe</span> <span class='ocrx_word' id='word_1_315' title='bbox 315 3271 441 3312; x_wconf 92' lang='lat' dir='ltr'>modo</span> <span class='ocrx_word' id='word_1_316' title='bbox 471 3270 729 3313; x_wconf 88' lang='lat' dir='ltr'>indistinctio</span> <span class='ocrx_word' id='word_1_317' title='bbox 756 3272 969 3313; x_wconf 91' lang='lat' dir='ltr'>bonorum</span> <span class='ocrx_word' id='word_1_318' title='bbox 993 3284 1019 3313; x_wconf 88' lang='lat' dir='ltr'>a</span> <span class='ocrx_word' id='word_1_319' title='bbox 1038 3272 1160 3313; x_wconf 91' lang='lat' dir='ltr'>malis</span> <span class='ocrx_word' id='word_1_320' title='bbox 1180 3275 1244 3314; x_wconf 88' lang='lat' dir='ltr'>est</span> 
     </span>
    </p>
   </div>
   <div class='ocr_carea' id='block_1_3' title="bbox 208 3375 1241 3467">
    <p class='ocr_par' dir='ltr' id='par_1_4' title="bbox 208 3375 1241 3467">
     <span class='ocr_line' id='line_1_46' title="bbox 253 3375 1241 3420; baseline 0.004 -12"><span class='ocrx_word' id='word_1_321' title='bbox 253 3375 260 3393; x_wconf 84' lang='lat'><strong>¹</strong></span> <span class='ocrx_word' id='word_1_322' title='bbox 290 3376 371 3416; x_wconf 78' lang='lat' dir='ltr'>Cap.</span> <span class='ocrx_word' id='word_1_323' title='bbox 401 3385 519 3418; x_wconf 67' lang='lat' dir='ltr'>praee„</span> <span class='ocrx_word' id='word_1_324' title='bbox 555 3384 586 3410; x_wconf 85' lang='lat' dir='ltr'>V.</span> <span class='ocrx_word' id='word_1_325' title='bbox 620 3378 684 3418; x_wconf 82' lang='lat'>143</span> <span class='ocrx_word' id='word_1_326' title='bbox 719 3377 763 3410; x_wconf 81' lang='lat' dir='ltr'>Et</span> <span class='ocrx_word' id='word_1_327' title='bbox 794 3379 870 3409; x_wconf 79' lang='lat' dir='ltr'>sunt</span> <span class='ocrx_word' id='word_1_328' title='bbox 901 3379 1011 3420; x_wconf 81' lang='lat' dir='ltr'>impii.</span> <span class='ocrx_word' id='word_1_329' title='bbox 1041 3396 1082 3402; x_wconf 98' lang='lat'><strong>—</strong></span> <span class='ocrx_word' id='word_1_330' title='bbox 1112 3379 1124 3398; x_wconf 85' lang='lat'>²</span> <span class='ocrx_word' id='word_1_331' title='bbox 1152 3379 1241 3412; x_wconf 83' lang='lat' dir='ltr'>Psal.</span> 
     </span>
     <span class='ocr_line' id='line_1_47' title="bbox 208 3423 1241 3467; baseline 0.006 -14"><span class='ocrx_word' id='word_1_332' title='bbox 208 3428 388 3464; x_wconf 74' lang='lat' dir='ltr'>Lxxxvui,</span> <span class='ocrx_word' id='word_1_333' title='bbox 409 3425 461 3456; x_wconf 87' lang='lat'>49.</span> <span class='ocrx_word' id='word_1_334' title='bbox 479 3441 520 3448; x_wconf 97' lang='lat'><strong>—</strong></span> <span class='ocrx_word' id='word_1_335' title='bbox 541 3423 556 3446; x_wconf 81' lang='lat'>³</span> <span class='ocrx_word' id='word_1_336' title='bbox 581 3424 676 3466; x_wconf 63' lang='lat' dir='ltr'>Gen„</span> <span class='ocrx_word' id='word_1_337' title='bbox 703 3432 762 3465; x_wconf 85' lang='lat'>111,</span> <span class='ocrx_word' id='word_1_338' title='bbox 786 3427 838 3458; x_wconf 85' lang='lat'>19.</span> <span class='ocrx_word' id='word_1_339' title='bbox 858 3443 898 3449; x_wconf 94' lang='lat'><strong>—</strong></span> <span class='ocrx_word' id='word_1_340' title='bbox 925 3426 936 3445; x_wconf 77' lang='lat'><strong>⁴</strong></span> <span class='ocrx_word' id='word_1_341' title='bbox 957 3425 1033 3467; x_wconf 83' lang='lat' dir='ltr'>Job,</span> <span class='ocrx_word' id='word_1_342' title='bbox 1059 3434 1124 3467; x_wconf 75' lang='lat' dir='ltr'>vn,</span> <span class='ocrx_word' id='word_1_343' title='bbox 1144 3427 1176 3459; x_wconf 88' lang='lat'>6.</span> <span class='ocrx_word' id='word_1_344' title='bbox 1201 3445 1241 3452; x_wconf 85' lang='lat'><em>—</em></span> 
     </span>
    </p>
   </div>
   <div class='ocr_carea' id='block_1_4' title="bbox 2283 145 2361 184">
    <p class='ocr_par' dir='ltr' id='par_1_5' title="bbox 2283 145 2361 184">
     <span class='ocr_line' id='line_1_48' title="bbox 2283 145 2361 184; baseline 0 -1"><span class='ocrx_word' id='word_1_345' title='bbox 2283 145 2361 184; x_wconf 76' lang='lat'>655</span> 
     </span>
    </p>
   </div>
   <div class='ocr_carea' id='block_1_5' title="bbox 1319 227 2365 3255">
    <p class='ocr_par' dir='ltr' id='par_1_6' title="bbox 1328 227 2363 547">
     <span class='ocr_line' id='line_1_49' title="bbox 1331 227 2358 281; baseline 0.005 -14"><span class='ocrx_word' id='word_1_346' title='bbox 1331 229 1467 280; x_wconf 84' lang='lat' dir='ltr'>major</span> <span class='ocrx_word' id='word_1_347' title='bbox 1510 227 1673 268; x_wconf 86' lang='lat' dir='ltr'>vanitas</span> <span class='ocrx_word' id='word_1_348' title='bbox 1690 259 1700 278; x_wconf 92' lang='lat'>,</span> <span class='ocrx_word' id='word_1_349' title='bbox 1740 228 1840 280; x_wconf 89' lang='lat' dir='ltr'>quia</span> <span class='ocrx_word' id='word_1_350' title='bbox 1876 227 2065 281; x_wconf 91' lang='lat' dir='ltr'>plurium</span> <span class='ocrx_word' id='word_1_351' title='bbox 2098 229 2358 276; x_wconf 82' lang='lat' dir='ltr'>malitiarum</span> 
     </span>
     <span class='ocr_line' id='line_1_50' title="bbox 1329 297 2363 350; baseline 0.004 -14"><span class='ocrx_word' id='word_1_352' title='bbox 1329 297 1466 349; x_wconf 82' lang='lat' dir='ltr'>origo.</span> <span class='ocrx_word' id='word_1_353' title='bbox 1505 297 1549 337; x_wconf 86' lang='lat' dir='ltr'>Si</span> <span class='ocrx_word' id='word_1_354' title='bbox 1581 297 1695 337; x_wconf 90' lang='lat' dir='ltr'>enim</span> <span class='ocrx_word' id='word_1_355' title='bbox 1740 298 1862 338; x_wconf 89' lang='lat' dir='ltr'>bonis</span> <span class='ocrx_word' id='word_1_356' title='bbox 1891 300 2109 340; x_wconf 89' lang='lat' dir='ltr'>evenirent</span> <span class='ocrx_word' id='word_1_357' title='bbox 2146 301 2257 342; x_wconf 87' lang='lat' dir='ltr'>mala</span> <span class='ocrx_word' id='word_1_358' title='bbox 2273 332 2283 350; x_wconf 92' lang='lat'>,</span> <span class='ocrx_word' id='word_1_359' title='bbox 2321 302 2363 341; x_wconf 87' lang='lat' dir='ltr'>et</span> 
     </span>
     <span class='ocr_line' id='line_1_51' title="bbox 1328 368 2358 420; baseline 0.005 -13"><span class='ocrx_word' id='word_1_360' title='bbox 1328 368 1450 407; x_wconf 87' lang='lat' dir='ltr'>malis</span> <span class='ocrx_word' id='word_1_361' title='bbox 1473 368 1598 418; x_wconf 89' lang='lat' dir='ltr'>bona,</span> <span class='ocrx_word' id='word_1_362' title='bbox 1629 370 1800 420; x_wconf 89' lang='lat' dir='ltr'>possent</span> <span class='ocrx_word' id='word_1_363' title='bbox 1825 368 2003 409; x_wconf 89' lang='lat' dir='ltr'>discerni</span> <span class='ocrx_word' id='word_1_364' title='bbox 2028 370 2127 411; x_wconf 93' lang='lat' dir='ltr'>boni</span> <span class='ocrx_word' id='word_1_365' title='bbox 2158 383 2184 411; x_wconf 90' lang='lat' dir='ltr'>a</span> <span class='ocrx_word' id='word_1_366' title='bbox 2209 371 2358 411; x_wconf 85' lang='lat' dir='ltr'>malis:</span> 
     </span>
     <span class='ocr_line' id='line_1_52' title="bbox 1328 437 2360 494; baseline 0.006 -18"><span class='ocrx_word' id='word_1_367' title='bbox 1328 437 1399 477; x_wconf 88' lang='lat' dir='ltr'>sed</span> <span class='ocrx_word' id='word_1_368' title='bbox 1424 437 1526 477; x_wconf 89' lang='lat' dir='ltr'>dum</span> <span class='ocrx_word' id='word_1_369' title='bbox 1547 438 1750 479; x_wconf 89' lang='lat' dir='ltr'>eveniunt</span> <span class='ocrx_word' id='word_1_370' title='bbox 1769 439 1939 490; x_wconf 89' lang='lat' dir='ltr'>eadem,</span> <span class='ocrx_word' id='word_1_371' title='bbox 1960 440 2140 481; x_wconf 89' lang='lat' dir='ltr'>discerni</span> <span class='ocrx_word' id='word_1_372' title='bbox 2159 453 2242 482; x_wconf 90' lang='lat' dir='ltr'>non</span> <span class='ocrx_word' id='word_1_373' title='bbox 2265 453 2360 494; x_wconf 89' lang='lat' dir='ltr'>pos-</span> 
     </span>
     <span class='ocr_line' id='line_1_53' title="bbox 1328 509 1440 547; baseline 0.018 -2"><span class='ocrx_word' id='word_1_374' title='bbox 1328 509 1440 547; x_wconf 87' lang='lat' dir='ltr'>sunt.</span> 
     </span>
    </p>

    <p class='ocr_par' dir='ltr' id='par_1_7' title="bbox 1326 578 2365 1827">
     <span class='ocr_line' id='line_1_54' title="bbox 1382 578 2360 633; baseline 0.008 -16"><span class='ocrx_word' id='word_1_375' title='bbox 1382 581 1421 617; x_wconf 72' lang='lat'>4.</span> <span class='ocrx_word' id='word_1_376' title='bbox 1455 578 1580 621; x_wconf 84' lang='lat' dir='ltr'>Nemo</span> <span class='ocrx_word' id='word_1_377' title='bbox 1602 583 1676 629; x_wconf 81' lang='lat' dir='ltr'>est,</span> <span class='ocrx_word' id='word_1_378' title='bbox 1699 581 1775 632; x_wconf 76' lang='lat' dir='ltr'>qui</span> <span class='ocrx_word' id='word_1_379' title='bbox 1803 591 1967 633; x_wconf 78' lang='lat' dir='ltr'>semper</span> <span class='ocrx_word' id='word_1_380' title='bbox 1991 582 2126 631; x_wconf 76' lang='lat' dir='ltr'>vivat,</span> <span class='ocrx_word' id='word_1_381' title='bbox 2158 585 2236 624; x_wconf 89' lang='lat' dir='ltr'>etc.</span> <span class='ocrx_word' id='word_1_382' title='bbox 2267 583 2360 625; x_wconf 85' lang='lat' dir='ltr'>Jam</span> 
     </span>
     <span class='ocr_line' id='line_1_55' title="bbox 1327 650 2362 702; baseline 0.008 -15"><span class='ocrx_word' id='word_1_383' title='bbox 1327 650 1601 700; x_wconf 89' lang='lat' dir='ltr'>monstravit,</span> <span class='ocrx_word' id='word_1_384' title='bbox 1625 651 1838 702; x_wconf 87' lang='lat' dir='ltr'>quomodo</span> <span class='ocrx_word' id='word_1_385' title='bbox 1859 664 1912 692; x_wconf 87' lang='lat' dir='ltr'>ex</span> <span class='ocrx_word' id='word_1_386' title='bbox 1937 652 2250 695; x_wconf 89' lang='lat' dir='ltr'>indistinctione</span> <span class='ocrx_word' id='word_1_387' title='bbox 2270 667 2362 695; x_wconf 89' lang='lat' dir='ltr'>nas-</span> 
     </span>
     <span class='ocr_line' id='line_1_56' title="bbox 1327 719 2359 775; baseline 0.007 -17"><span class='ocrx_word' id='word_1_388' title='bbox 1327 719 1436 760; x_wconf 88' lang='lat' dir='ltr'>citur</span> <span class='ocrx_word' id='word_1_389' title='bbox 1452 721 1686 761; x_wconf 84' lang='lat' dir='ltr'>securitatis</span> <span class='ocrx_word' id='word_1_390' title='bbox 1700 722 1870 762; x_wconf 87' lang='lat' dir='ltr'>vanitas</span> <span class='ocrx_word' id='word_1_391' title='bbox 1888 737 1897 763; x_wconf 89' lang='lat'>:</span> <span class='ocrx_word' id='word_1_392' title='bbox 1917 723 1993 763; x_wconf 90' lang='lat' dir='ltr'>Hic</span> <span class='ocrx_word' id='word_1_393' title='bbox 2013 735 2116 764; x_wconf 90' lang='lat' dir='ltr'>vero</span> <span class='ocrx_word' id='word_1_394' title='bbox 2137 727 2359 775; x_wconf 89' lang='lat' dir='ltr'>monstrat,</span> 
     </span>
     <span class='ocr_line' id='line_1_57' title="bbox 1327 790 2362 848; baseline 0.006 -18"><span class='ocrx_word' id='word_1_395' title='bbox 1327 790 1539 842; x_wconf 81' lang='lat' dir='ltr'>quomodo</span> <span class='ocrx_word' id='word_1_396' title='bbox 1556 802 1609 831; x_wconf 86' lang='lat' dir='ltr'>ex</span> <span class='ocrx_word' id='word_1_397' title='bbox 1629 793 1851 833; x_wconf 89' lang='lat' dir='ltr'>securitate</span> <span class='ocrx_word' id='word_1_398' title='bbox 1871 795 2057 834; x_wconf 86' lang='lat' dir='ltr'>nascitur</span> <span class='ocrx_word' id='word_1_399' title='bbox 2077 795 2271 848; x_wconf 90' lang='lat' dir='ltr'>voluptas</span> <span class='ocrx_word' id='word_1_400' title='bbox 2292 810 2300 836; x_wconf 90' lang='lat'><strong>:</strong></span> <span class='ocrx_word' id='word_1_401' title='bbox 2321 799 2362 836; x_wconf 93' lang='lat' dir='ltr'>et</span> 
     </span>
     <span class='ocr_line' id='line_1_58' title="bbox 1327 861 2362 919; baseline 0.006 -18"><span class='ocrx_word' id='word_1_402' title='bbox 1327 861 1408 902; x_wconf 88' lang='lat' dir='ltr'>boc</span> <span class='ocrx_word' id='word_1_403' title='bbox 1421 862 1594 914; x_wconf 85' lang='lat' dir='ltr'>quidem</span> <span class='ocrx_word' id='word_1_404' title='bbox 1607 862 1705 903; x_wconf 87' lang='lat' dir='ltr'>facit</span> <span class='ocrx_word' id='word_1_405' title='bbox 1718 862 1798 919; x_wconf 84' lang='lat' dir='ltr'>hoe</span> <span class='ocrx_word' id='word_1_406' title='bbox 1812 864 1960 904; x_wconf 92' lang='lat' dir='ltr'>ordine</span> <span class='ocrx_word' id='word_1_407' title='bbox 1976 877 1986 905; x_wconf 91' lang='lat'><strong>:</strong></span> <span class='ocrx_word' id='word_1_408' title='bbox 2007 865 2144 917; x_wconf 89' lang='lat' dir='ltr'>primo</span> <span class='ocrx_word' id='word_1_409' title='bbox 2163 878 2267 918; x_wconf 82' lang='lat' dir='ltr'>ergo</span> <span class='ocrx_word' id='word_1_410' title='bbox 2284 878 2362 907; x_wconf 94' lang='lat' dir='ltr'>no-</span> 
     </span>
     <span class='ocr_line' id='line_1_59' title="bbox 1327 932 2363 988; baseline 0.005 -17"><span class='ocrx_word' id='word_1_411' title='bbox 1327 933 1441 972; x_wconf 88' lang='lat' dir='ltr'>tatur</span> <span class='ocrx_word' id='word_1_412' title='bbox 1461 932 1612 973; x_wconf 89' lang='lat' dir='ltr'>mortis</span> <span class='ocrx_word' id='word_1_413' title='bbox 1639 933 1845 974; x_wconf 90' lang='lat' dir='ltr'>certitudo</span> <span class='ocrx_word' id='word_1_414' title='bbox 1871 946 1947 987; x_wconf 91' lang='lat' dir='ltr'>per</span> <span class='ocrx_word' id='word_1_415' title='bbox 1973 935 2055 975; x_wconf 89' lang='lat' dir='ltr'>hoc</span> <span class='ocrx_word' id='word_1_416' title='bbox 2081 936 2195 988; x_wconf 87' lang='lat' dir='ltr'>quod</span> <span class='ocrx_word' id='word_1_417' title='bbox 2219 936 2363 976; x_wconf 93' lang='lat' dir='ltr'>nullus</span> 
     </span>
     <span class='ocr_line' id='line_1_60' title="bbox 1327 1003 2362 1058; baseline 0.006 -15"><span class='ocrx_word' id='word_1_418' title='bbox 1327 1003 1468 1044; x_wconf 87' lang='lat' dir='ltr'>evadit</span> <span class='ocrx_word' id='word_1_419' title='bbox 1489 1005 1580 1056; x_wconf 80' lang='lat' dir='ltr'>ers</span> <span class='ocrx_word' id='word_1_420' title='bbox 1593 1003 1829 1056; x_wconf 78' lang='lat' dir='ltr'>Judicium:</span> <span class='ocrx_word' id='word_1_421' title='bbox 1853 1008 2073 1058; x_wconf 87' lang='lat' dir='ltr'>propterea</span> <span class='ocrx_word' id='word_1_422' title='bbox 2093 1006 2210 1046; x_wconf 83' lang='lat' dir='ltr'>dicit:</span> <span class='ocrx_word' id='word_1_423' title='bbox 2233 1006 2362 1049; x_wconf 82' lang='lat' dir='ltr'>Nemo</span> 
     </span>
     <span class='ocr_line' id='line_1_61' title="bbox 1328 1076 2360 1130; baseline 0.003 -14"><span class='ocrx_word' id='word_1_424' title='bbox 1328 1077 1409 1125; x_wconf 80' lang='lat' dir='ltr'>est,</span> <span class='ocrx_word' id='word_1_425' title='bbox 1442 1076 1519 1127; x_wconf 73' lang='lat' dir='ltr'>qui</span> <span class='ocrx_word' id='word_1_426' title='bbox 1544 1085 1706 1127; x_wconf 80' lang='lat' dir='ltr'>semper</span> <span class='ocrx_word' id='word_1_427' title='bbox 1732 1077 1866 1118; x_wconf 76' lang='lat' dir='ltr'>vivat.</span> <span class='ocrx_word' id='word_1_428' title='bbox 1899 1076 2126 1130; x_wconf 85' lang='lat' dir='ltr'>Propterea</span> <span class='ocrx_word' id='word_1_429' title='bbox 2157 1077 2289 1118; x_wconf 90' lang='lat' dir='ltr'>David</span> <span class='ocrx_word' id='word_1_430' title='bbox 2317 1078 2360 1119; x_wconf 88' lang='lat'>²:</span> 
     </span>
     <span class='ocr_line' id='line_1_62' title="bbox 1334 1145 2363 1200; baseline 0.004 -16"><span class='ocrx_word' id='word_1_431' title='bbox 1334 1145 1472 1195; x_wconf 85' lang='lat' dir='ltr'>«Quis</span> <span class='ocrx_word' id='word_1_432' title='bbox 1495 1150 1556 1187; x_wconf 90' lang='lat' dir='ltr'>est</span> <span class='ocrx_word' id='word_1_433' title='bbox 1584 1146 1714 1187; x_wconf 91' lang='lat' dir='ltr'>homo</span> <span class='ocrx_word' id='word_1_434' title='bbox 1747 1147 1819 1200; x_wconf 91' lang='lat' dir='ltr'>qui</span> <span class='ocrx_word' id='word_1_435' title='bbox 1844 1147 1980 1198; x_wconf 88' lang='lat' dir='ltr'>vivet,</span> <span class='ocrx_word' id='word_1_436' title='bbox 2017 1150 2057 1188; x_wconf 89' lang='lat' dir='ltr'>et</span> <span class='ocrx_word' id='word_1_437' title='bbox 2086 1160 2171 1188; x_wconf 94' lang='lat' dir='ltr'>non</span> <span class='ocrx_word' id='word_1_438' title='bbox 2203 1147 2363 1189; x_wconf 91' lang='lat' dir='ltr'>videbit</span> 
     </span>
     <span class='ocr_line' id='line_1_63' title="bbox 1328 1216 2364 1260; baseline 0.003 -4"><span class='ocrx_word' id='word_1_439' title='bbox 1328 1219 1510 1258; x_wconf 88' lang='lat' dir='ltr'>mortem</span> <span class='ocrx_word' id='word_1_440' title='bbox 1526 1218 1545 1257; x_wconf 71' lang='grc' dir='ltr'>ἶ)</span> <span class='ocrx_word' id='word_1_441' title='bbox 1570 1231 1589 1255; x_wconf 83' lang='grc'>))</span> <span class='ocrx_word' id='word_1_442' title='bbox 1613 1216 1664 1258; x_wconf 82' lang='lat' dir='ltr'>Et</span> <span class='ocrx_word' id='word_1_443' title='bbox 1690 1218 1734 1258; x_wconf 92' lang='lat' dir='ltr'>in</span> <span class='ocrx_word' id='word_1_444' title='bbox 1754 1218 1864 1259; x_wconf 88' lang='lat' dir='ltr'>hane</span> <span class='ocrx_word' id='word_1_445' title='bbox 1886 1218 2200 1260; x_wconf 87' lang='lat' dir='ltr'>damnationem</span> <span class='ocrx_word' id='word_1_446' title='bbox 2218 1218 2364 1259; x_wconf 87' lang='lat' dir='ltr'>cecidit</span> 
     </span>
     <span class='ocr_line' id='line_1_64' title="bbox 1326 1288 2364 1342; baseline 0.002 -14"><span class='ocrx_word' id='word_1_447' title='bbox 1326 1288 1462 1329; x_wconf 90' lang='lat' dir='ltr'>Adam</span> <span class='ocrx_word' id='word_1_448' title='bbox 1488 1301 1587 1329; x_wconf 90' lang='lat' dir='ltr'>eum</span> <span class='ocrx_word' id='word_1_449' title='bbox 1611 1301 1687 1330; x_wconf 89' lang='lat' dir='ltr'>sua</span> <span class='ocrx_word' id='word_1_450' title='bbox 1712 1290 1975 1342; x_wconf 89' lang='lat' dir='ltr'>posteritate,</span> <span class='ocrx_word' id='word_1_451' title='bbox 1997 1302 2096 1330; x_wconf 86' lang='lat' dir='ltr'>cum</span> <span class='ocrx_word' id='word_1_452' title='bbox 2122 1290 2281 1330; x_wconf 89' lang='lat' dir='ltr'>dictum</span> <span class='ocrx_word' id='word_1_453' title='bbox 2300 1292 2364 1330; x_wconf 91' lang='lat' dir='ltr'>est</span> 
     </span>
     <span class='ocr_line' id='line_1_65' title="bbox 1327 1359 2356 1413; baseline -0.002 -13"><span class='ocrx_word' id='word_1_454' title='bbox 1327 1360 1366 1400; x_wconf 89' lang='lat' dir='ltr'>ei</span> <span class='ocrx_word' id='word_1_455' title='bbox 1381 1360 1394 1382; x_wconf 80' lang='lat'><strong>³</strong></span> <span class='ocrx_word' id='word_1_456' title='bbox 1407 1374 1414 1399; x_wconf 95' lang='lat'>:</span> <span class='ocrx_word' id='word_1_457' title='bbox 1429 1375 1448 1399; x_wconf 84' lang='lat'>(‹</span> <span class='ocrx_word' id='word_1_458' title='bbox 1467 1359 1611 1401; x_wconf 89' lang='lat' dir='ltr'>Pulvis</span> <span class='ocrx_word' id='word_1_459' title='bbox 1632 1372 1692 1410; x_wconf 82' lang='lat' dir='ltr'>eS‚</span> <span class='ocrx_word' id='word_1_460' title='bbox 1715 1363 1755 1401; x_wconf 92' lang='lat' dir='ltr'>et</span> <span class='ocrx_word' id='word_1_461' title='bbox 1775 1361 1819 1401; x_wconf 90' lang='lat' dir='ltr'>in</span> <span class='ocrx_word' id='word_1_462' title='bbox 1837 1360 2058 1413; x_wconf 88' lang='lat' dir='ltr'>pulverem</span> <span class='ocrx_word' id='word_1_463' title='bbox 2074 1361 2315 1402; x_wconf 83' lang='lat' dir='ltr'>reverteris,</span> <span class='ocrx_word' id='word_1_464' title='bbox 2336 1374 2356 1398; x_wconf 72' lang='lat' dir='ltr'>n</span> 
     </span>
     <span class='ocr_line' id='line_1_66' title="bbox 1326 1431 2358 1484; baseline -0.001 -12"><span class='ocrx_word' id='word_1_465' title='bbox 1326 1431 1383 1473; x_wconf 79' lang='lat' dir='ltr'>Ec</span> <span class='ocrx_word' id='word_1_466' title='bbox 1414 1433 1491 1484; x_wconf 78' lang='lat' dir='ltr'>qui</span> <span class='ocrx_word' id='word_1_467' title='bbox 1517 1431 1644 1484; x_wconf 69' lang='lat' dir='ltr'>liujus</span> <span class='ocrx_word' id='word_1_468' title='bbox 1671 1433 1735 1473; x_wconf 74' lang='lat' dir='ltr'>rei</span> <span class='ocrx_word' id='word_1_469' title='bbox 1758 1431 1905 1474; x_wconf 74' lang='lat' dir='ltr'>habeat</span> <span class='ocrx_word' id='word_1_470' title='bbox 1932 1431 2154 1484; x_wconf 76' lang='lat' dir='ltr'>fiduciam,</span> <span class='ocrx_word' id='word_1_471' title='bbox 2180 1431 2328 1484; x_wconf 86' lang='lat' dir='ltr'>supple</span> <span class='ocrx_word' id='word_1_472' title='bbox 2351 1446 2358 1471; x_wconf 92' lang='lat'>:</span> 
     </span>
     <span class='ocr_line' id='line_1_67' title="bbox 1328 1500 2359 1555; baseline 0.001 -14"><span class='ocrx_word' id='word_1_473' title='bbox 1328 1500 1463 1542; x_wconf 89' lang='lat' dir='ltr'>Nemo</span> <span class='ocrx_word' id='word_1_474' title='bbox 1483 1505 1570 1552; x_wconf 87' lang='lat' dir='ltr'>est;</span> <span class='ocrx_word' id='word_1_475' title='bbox 1594 1501 1724 1554; x_wconf 71' lang='lat' dir='ltr'>huJ&#39;us</span> <span class='ocrx_word' id='word_1_476' title='bbox 1747 1503 1825 1552; x_wconf 74' lang='lat' dir='ltr'>rei,</span> <span class='ocrx_word' id='word_1_477' title='bbox 1847 1501 2001 1543; x_wconf 89' lang='lat' dir='ltr'>seilicet</span> <span class='ocrx_word' id='word_1_478' title='bbox 2023 1514 2191 1555; x_wconf 89' lang='lat' dir='ltr'>semper</span> <span class='ocrx_word' id='word_1_479' title='bbox 2210 1502 2359 1543; x_wconf 88' lang='lat' dir='ltr'>viven-</span> 
     </span>
     <span class='ocr_line' id='line_1_68' title="bbox 1327 1572 2363 1626; baseline 0.001 -14"><span class='ocrx_word' id='word_1_480' title='bbox 1327 1572 1368 1612; x_wconf 91' lang='lat' dir='ltr'>di</span> <span class='ocrx_word' id='word_1_481' title='bbox 1389 1575 1428 1612; x_wconf 80' lang='lat'>¹·:</span> <span class='ocrx_word' id='word_1_482' title='bbox 1458 1587 1477 1611; x_wconf 75' lang='grc' dir='ltr'>α</span> <span class='ocrx_word' id='word_1_483' title='bbox 1498 1573 1592 1613; x_wconf 88' lang='lat' dir='ltr'>Dies</span> <span class='ocrx_word' id='word_1_484' title='bbox 1612 1573 1698 1614; x_wconf 89' lang='lat' dir='ltr'>mei</span> <span class='ocrx_word' id='word_1_485' title='bbox 1719 1573 1907 1614; x_wconf 90' lang='lat' dir='ltr'>velocius</span> <span class='ocrx_word' id='word_1_486' title='bbox 1928 1573 2210 1624; x_wconf 86' lang='lat' dir='ltr'>transierunt,</span> <span class='ocrx_word' id='word_1_487' title='bbox 2232 1585 2363 1626; x_wconf 89' lang='lat' dir='ltr'>quam</span> 
     </span>
     <span class='ocr_line' id='line_1_69' title="bbox 1326 1643 2365 1696; baseline 0.002 -14"><span class='ocrx_word' id='word_1_488' title='bbox 1326 1655 1351 1682; x_wconf 87' lang='lat' dir='ltr'>a</span> <span class='ocrx_word' id='word_1_489' title='bbox 1370 1645 1537 1684; x_wconf 83' lang='lat' dir='ltr'>texente</span> <span class='ocrx_word' id='word_1_490' title='bbox 1557 1643 1640 1684; x_wconf 90' lang='lat' dir='ltr'>tela</span> <span class='ocrx_word' id='word_1_491' title='bbox 1660 1643 1906 1692; x_wconf 89' lang='lat' dir='ltr'>succiditur,</span> <span class='ocrx_word' id='word_1_492' title='bbox 1937 1646 1977 1684; x_wconf 92' lang='lat' dir='ltr'>et</span> <span class='ocrx_word' id='word_1_493' title='bbox 1997 1644 2238 1696; x_wconf 89' lang='lat' dir='ltr'>consumpti</span> <span class='ocrx_word' id='word_1_494' title='bbox 2266 1646 2365 1684; x_wconf 90' lang='lat' dir='ltr'>sunt</span> 
     </span>
     <span class='ocr_line' id='line_1_70' title="bbox 1327 1714 2361 1767; baseline 0 -13"><span class='ocrx_word' id='word_1_495' title='bbox 1327 1714 1487 1767; x_wconf 86' lang='lat' dir='ltr'>absque</span> <span class='ocrx_word' id='word_1_496' title='bbox 1514 1714 1603 1755; x_wconf 89' lang='lat' dir='ltr'>ulla</span> <span class='ocrx_word' id='word_1_497' title='bbox 1628 1726 1725 1767; x_wconf 90' lang='lat' dir='ltr'>spe,</span> <span class='ocrx_word' id='word_1_498' title='bbox 1749 1714 1849 1767; x_wconf 83' lang='lat' dir='ltr'>quia</span> <span class='ocrx_word' id='word_1_499' title='bbox 1875 1717 2035 1756; x_wconf 78' lang='lat' dir='ltr'>ventus</span> <span class='ocrx_word' id='word_1_500' title='bbox 2056 1717 2118 1756; x_wconf 89' lang='lat' dir='ltr'>est</span> <span class='ocrx_word' id='word_1_501' title='bbox 2139 1714 2227 1756; x_wconf 90' lang='lat' dir='ltr'>vita</span> <span class='ocrx_word' id='word_1_502' title='bbox 2245 1725 2361 1763; x_wconf 90' lang='lat' dir='ltr'>mea,</span> 
     </span>
     <span class='ocr_line' id='line_1_71' title="bbox 1327 1787 1797 1827; baseline -0.009 -1"><span class='ocrx_word' id='word_1_503' title='bbox 1327 1788 1367 1826; x_wconf 90' lang='lat' dir='ltr'>et</span> <span class='ocrx_word' id='word_1_504' title='bbox 1387 1797 1477 1826; x_wconf 92' lang='lat' dir='ltr'>non</span> <span class='ocrx_word' id='word_1_505' title='bbox 1502 1787 1756 1827; x_wconf 85' lang='lat' dir='ltr'>revertetur.</span> <span class='ocrx_word' id='word_1_506' title='bbox 1777 1799 1797 1823; x_wconf 73' lang='lat' dir='ltr'>n</span> 
     </span>
    </p>

    <p class='ocr_par' dir='ltr' id='par_1_8' title="bbox 1319 1849 2363 3255">
     <span class='ocr_line' id='line_1_72' title="bbox 1379 1849 2363 1906; baseline -0.001 -8"><span class='ocrx_word' id='word_1_507' title='bbox 1379 1855 1527 1898; x_wconf 74' lang='lat' dir='ltr'>Melior</span> <span class='ocrx_word' id='word_1_508' title='bbox 1539 1858 1599 1899; x_wconf 78' lang='lat' dir='ltr'>est</span> <span class='ocrx_word' id='word_1_509' title='bbox 1617 1857 1739 1898; x_wconf 77' lang='lat' dir='ltr'>canis</span> <span class='ocrx_word' id='word_1_510' title='bbox 1753 1857 1895 1906; x_wconf 74' lang='lat' dir='ltr'>vivus,</span> <span class='ocrx_word' id='word_1_511' title='bbox 1914 1858 1992 1896; x_wconf 83' lang='lat' dir='ltr'>etc.</span> <span class='ocrx_word' id='word_1_512' title='bbox 2010 1854 2086 1896; x_wconf 87' lang='lat' dir='ltr'>Hic</span> <span class='ocrx_word' id='word_1_513' title='bbox 2101 1855 2286 1898; x_wconf 84' lang='lat' dir='ltr'>seeundo</span> <span class='ocrx_word' id='word_1_514' title='bbox 2299 1849 2363 1897; x_wconf 86' lang='lat' dir='ltr'>os-</span> 
     </span>
     <span class='ocr_line' id='line_1_73' title="bbox 1325 1928 2359 1980; baseline 0.001 -12"><span class='ocrx_word' id='word_1_515' title='bbox 1325 1928 1527 1978; x_wconf 85' lang='lat' dir='ltr'>tenditur,</span> <span class='ocrx_word' id='word_1_516' title='bbox 1550 1928 1664 1980; x_wconf 89' lang='lat' dir='ltr'>quod</span> <span class='ocrx_word' id='word_1_517' title='bbox 1690 1940 1764 1980; x_wconf 89' lang='lat' dir='ltr'>per</span> <span class='ocrx_word' id='word_1_518' title='bbox 1791 1930 1972 1969; x_wconf 90' lang='lat' dir='ltr'>mortem</span> <span class='ocrx_word' id='word_1_519' title='bbox 2001 1930 2063 1969; x_wconf 88' lang='lat' dir='ltr'>est</span> <span class='ocrx_word' id='word_1_520' title='bbox 2089 1930 2221 1969; x_wconf 88' lang='lat' dir='ltr'>status</span> <span class='ocrx_word' id='word_1_521' title='bbox 2245 1929 2359 1969; x_wconf 87' lang='lat' dir='ltr'>dete-</span> 
     </span>
     <span class='ocr_line' id='line_1_74' title="bbox 1325 1998 2360 2052; baseline 0.004 -14"><span class='ocrx_word' id='word_1_522' title='bbox 1325 1998 1497 2039; x_wconf 81' lang='lat' dir='ltr'>rioratio</span> <span class='ocrx_word' id='word_1_523' title='bbox 1510 2013 1520 2049; x_wconf 78' lang='lat'><em>3</em></span> <span class='ocrx_word' id='word_1_524' title='bbox 1536 2001 1576 2039; x_wconf 89' lang='lat' dir='ltr'>et</span> <span class='ocrx_word' id='word_1_525' title='bbox 1591 1998 1672 2039; x_wconf 88' lang='lat' dir='ltr'>hoc</span> <span class='ocrx_word' id='word_1_526' title='bbox 1686 1998 1882 2051; x_wconf 89' lang='lat' dir='ltr'>proponit</span> <span class='ocrx_word' id='word_1_527' title='bbox 1894 1999 1972 2039; x_wconf 90' lang='lat' dir='ltr'>sub</span> <span class='ocrx_word' id='word_1_528' title='bbox 1992 1999 2241 2052; x_wconf 89' lang='lat' dir='ltr'>metaphora</span> <span class='ocrx_word' id='word_1_529' title='bbox 2253 2013 2261 2040; x_wconf 73' lang='grc' dir='ltr'>ε</span> <span class='ocrx_word' id='word_1_530' title='bbox 2273 2000 2360 2042; x_wconf 82' lang='lat' dir='ltr'>Me-</span> 
     </span>
     <span class='ocr_line' id='line_1_75' title="bbox 1327 2069 2362 2112; baseline 0 -2"><span class='ocrx_word' id='word_1_531' title='bbox 1327 2069 1408 2111; x_wconf 74' lang='lat' dir='ltr'>lior</span> <span class='ocrx_word' id='word_1_532' title='bbox 1437 2072 1497 2112; x_wconf 77' lang='lat' dir='ltr'>est</span> <span class='ocrx_word' id='word_1_533' title='bbox 1521 2071 1644 2112; x_wconf 78' lang='lat' dir='ltr'>canis</span> <span class='ocrx_word' id='word_1_534' title='bbox 1663 2070 1790 2112; x_wconf 76' lang='lat' dir='ltr'>vivus</span> <span class='ocrx_word' id='word_1_535' title='bbox 1819 2069 1935 2112; x_wconf 78' lang='lat' dir='ltr'>leone</span> <span class='ocrx_word' id='word_1_536' title='bbox 1962 2074 2142 2112; x_wconf 81' lang='lat' dir='ltr'>mortuo.</span> <span class='ocrx_word' id='word_1_537' title='bbox 2166 2069 2279 2111; x_wconf 87' lang='lat' dir='ltr'>Licet</span> <span class='ocrx_word' id='word_1_538' title='bbox 2296 2070 2362 2111; x_wconf 90' lang='lat' dir='ltr'>leo</span> 
     </span>
     <span class='ocr_line' id='line_1_76' title="bbox 1325 2140 2363 2189; baseline 0.001 -9"><span class='ocrx_word' id='word_1_539' title='bbox 1325 2140 1500 2181; x_wconf 87' lang='lat' dir='ltr'>excedat</span> <span class='ocrx_word' id='word_1_540' title='bbox 1533 2152 1680 2181; x_wconf 90' lang='lat' dir='ltr'>canem</span> <span class='ocrx_word' id='word_1_541' title='bbox 1696 2171 1706 2189; x_wconf 93' lang='lat'>,</span> <span class='ocrx_word' id='word_1_542' title='bbox 1737 2142 1882 2180; x_wconf 89' lang='lat' dir='ltr'>tamen</span> <span class='ocrx_word' id='word_1_543' title='bbox 1913 2152 2028 2181; x_wconf 90' lang='lat' dir='ltr'>mors</span> <span class='ocrx_word' id='word_1_544' title='bbox 2052 2140 2233 2181; x_wconf 86' lang='lat' dir='ltr'>reddidit</span> <span class='ocrx_word' id='word_1_545' title='bbox 2257 2141 2363 2181; x_wconf 85' lang='lat' dir='ltr'>infe-</span> 
     </span>
     <span class='ocr_line' id='line_1_77' title="bbox 1325 2210 2360 2264; baseline 0.002 -14"><span class='ocrx_word' id='word_1_546' title='bbox 1325 2210 1502 2261; x_wconf 82' lang='lat' dir='ltr'>riorem3</span> <span class='ocrx_word' id='word_1_547' title='bbox 1527 2211 1628 2263; x_wconf 87' lang='lat' dir='ltr'>quia</span> <span class='ocrx_word' id='word_1_548' title='bbox 1656 2211 1772 2252; x_wconf 85' lang='lat' dir='ltr'>canis</span> <span class='ocrx_word' id='word_1_549' title='bbox 1799 2210 1959 2264; x_wconf 89' lang='lat' dir='ltr'>aliquid</span> <span class='ocrx_word' id='word_1_550' title='bbox 1979 2213 2135 2263; x_wconf 87' lang='lat' dir='ltr'>potest,</span> <span class='ocrx_word' id='word_1_551' title='bbox 2162 2211 2228 2252; x_wconf 91' lang='lat' dir='ltr'>leo</span> <span class='ocrx_word' id='word_1_552' title='bbox 2245 2223 2360 2252; x_wconf 90' lang='lat' dir='ltr'>mor-</span> 
     </span>
     <span class='ocr_line' id='line_1_78' title="bbox 1325 2281 2361 2334; baseline 0.002 -12"><span class='ocrx_word' id='word_1_553' title='bbox 1325 2284 1424 2322; x_wconf 89' lang='lat' dir='ltr'>tuus</span> <span class='ocrx_word' id='word_1_554' title='bbox 1443 2282 1550 2322; x_wconf 90' lang='lat' dir='ltr'>nihil</span> <span class='ocrx_word' id='word_1_555' title='bbox 1561 2284 1696 2334; x_wconf 89' lang='lat' dir='ltr'>potest</span> <span class='ocrx_word' id='word_1_556' title='bbox 1719 2294 1728 2322; x_wconf 92' lang='lat'>:</span> <span class='ocrx_word' id='word_1_557' title='bbox 1745 2285 1786 2322; x_wconf 92' lang='lat' dir='ltr'>et</span> <span class='ocrx_word' id='word_1_558' title='bbox 1802 2282 1896 2322; x_wconf 89' lang='lat' dir='ltr'>ideo</span> <span class='ocrx_word' id='word_1_559' title='bbox 1908 2281 2060 2322; x_wconf 90' lang='lat' dir='ltr'>vivens</span> <span class='ocrx_word' id='word_1_560' title='bbox 2079 2282 2289 2334; x_wconf 91' lang='lat' dir='ltr'>potentior</span> <span class='ocrx_word' id='word_1_561' title='bbox 2307 2284 2361 2333; x_wconf 82' lang='lat' dir='ltr'>(a)</span> 
     </span>
     <span class='ocr_line' id='line_1_79' title="bbox 1325 2352 2360 2405; baseline 0.003 -13"><span class='ocrx_word' id='word_1_562' title='bbox 1325 2355 1387 2393; x_wconf 88' lang='lat' dir='ltr'>est</span> <span class='ocrx_word' id='word_1_563' title='bbox 1404 2353 1518 2393; x_wconf 89' lang='lat' dir='ltr'>canis</span> <span class='ocrx_word' id='word_1_564' title='bbox 1535 2352 1619 2405; x_wconf 87' lang='lat' dir='ltr'>(b).⁵</span> <span class='ocrx_word' id='word_1_565' title='bbox 1638 2352 1747 2394; x_wconf 89' lang='lat' dir='ltr'>«Leo</span> <span class='ocrx_word' id='word_1_566' title='bbox 1759 2352 2016 2393; x_wconf 88' lang='lat' dir='ltr'>fortissimus</span> <span class='ocrx_word' id='word_1_567' title='bbox 2029 2353 2284 2405; x_wconf 87' lang='lat' dir='ltr'>bestiarum,</span> <span class='ocrx_word' id='word_1_568' title='bbox 2307 2354 2360 2395; x_wconf 91' lang='lat' dir='ltr'>ad</span> 
     </span>
     <span class='ocr_line' id='line_1_80' title="bbox 1324 2422 2357 2478; baseline 0.003 -16"><span class='ocrx_word' id='word_1_569' title='bbox 1324 2422 1485 2464; x_wconf 90' lang='lat' dir='ltr'>nullius</span> <span class='ocrx_word' id='word_1_570' title='bbox 1519 2424 1690 2476; x_wconf 86' lang='lat' dir='ltr'>pavebit</span> <span class='ocrx_word' id='word_1_571' title='bbox 1722 2435 1962 2464; x_wconf 89' lang='lat' dir='ltr'>occursum.</span> <span class='ocrx_word' id='word_1_572' title='bbox 1991 2438 2011 2461; x_wconf 76' lang='lat' dir='ltr'>n</span> <span class='ocrx_word' id='word_1_573' title='bbox 2038 2423 2107 2465; x_wconf 87' lang='lat' dir='ltr'>Sic</span> <span class='ocrx_word' id='word_1_574' title='bbox 2138 2425 2357 2478; x_wconf 85' lang='lat' dir='ltr'>metapho-</span> 
     </span>
     <span class='ocr_line' id='line_1_81' title="bbox 1323 2493 2360 2549; baseline 0.002 -15"><span class='ocrx_word' id='word_1_575' title='bbox 1323 2493 1408 2535; x_wconf 92' lang='lat' dir='ltr'>rice</span> <span class='ocrx_word' id='word_1_576' title='bbox 1422 2496 1470 2546; x_wconf 85' lang='lat' dir='ltr'>(c)</span> <span class='ocrx_word' id='word_1_577' title='bbox 1484 2498 1880 2548; x_wconf 87' lang='lat' dir='ltr'>quantumcumque</span> <span class='ocrx_word' id='word_1_578' title='bbox 1892 2495 2003 2536; x_wconf 91' lang='lat' dir='ltr'>bono</span> <span class='ocrx_word' id='word_1_579' title='bbox 2021 2509 2029 2535; x_wconf 93' lang='lat'>:</span> <span class='ocrx_word' id='word_1_580' title='bbox 2049 2497 2089 2536; x_wconf 86' lang='lat' dir='ltr'>et</span> <span class='ocrx_word' id='word_1_581' title='bbox 2107 2495 2257 2548; x_wconf 90' lang='lat' dir='ltr'>probat</span> <span class='ocrx_word' id='word_1_582' title='bbox 2275 2496 2360 2549; x_wconf 92' lang='lat' dir='ltr'>pri-</span> 
     </span>
     <span class='ocr_line' id='line_1_82' title="bbox 1323 2565 2359 2619; baseline 0.004 -14"><span class='ocrx_word' id='word_1_583' title='bbox 1323 2576 1410 2615; x_wconf 84' lang='lat' dir='ltr'>mo,</span> <span class='ocrx_word' id='word_1_584' title='bbox 1444 2565 1586 2618; x_wconf 88' lang='lat' dir='ltr'>quoad</span> <span class='ocrx_word' id='word_1_585' title='bbox 1616 2568 1757 2606; x_wconf 87' lang='lat' dir='ltr'>actum</span> <span class='ocrx_word' id='word_1_586' title='bbox 1786 2566 2040 2618; x_wconf 85' lang='lat' dir='ltr'>cognitionis</span> <span class='ocrx_word' id='word_1_587' title='bbox 2073 2566 2141 2619; x_wconf 89' lang='lat' dir='ltr'>(v.</span> <span class='ocrx_word' id='word_1_588' title='bbox 2164 2566 2209 2619; x_wconf 84' lang='lat'>5)</span> <span class='ocrx_word' id='word_1_589' title='bbox 2236 2581 2244 2606; x_wconf 91' lang='lat'>:</span> <span class='ocrx_word' id='word_1_590' title='bbox 2282 2567 2359 2609; x_wconf 70' lang='lat' dir='ltr'>Va·-</span> 
     </span>
     <span class='ocr_line' id='line_1_83' title="bbox 1322 2636 2356 2679; baseline 0.001 -2"><span class='ocrx_word' id='word_1_591' title='bbox 1322 2639 1461 2678; x_wconf 70' lang='lat' dir='ltr'>ventes</span> <span class='ocrx_word' id='word_1_592' title='bbox 1483 2636 1599 2678; x_wconf 82' lang='lat' dir='ltr'>em&#39;m</span> <span class='ocrx_word' id='word_1_593' title='bbox 1617 2636 1762 2679; x_wconf 75' lang='lat' dir='ltr'>scium</span> <span class='ocrx_word' id='word_1_594' title='bbox 1775 2646 1817 2678; x_wconf 77' lang='lat' dir='ltr'>se</span> <span class='ocrx_word' id='word_1_595' title='bbox 1834 2646 1922 2679; x_wconf 80' lang='lat' dir='ltr'>esse</span> <span class='ocrx_word' id='word_1_596' title='bbox 1939 2637 2182 2679; x_wconf 77' lang='lat' dir='ltr'>morituros.</span> <span class='ocrx_word' id='word_1_597' title='bbox 2200 2636 2356 2679; x_wconf 86' lang='lat' dir='ltr'>Saltem</span> 
     </span>
     <span class='ocr_line' id='line_1_84' title="bbox 1323 2707 2358 2762; baseline 0.003 -14"><span class='ocrx_word' id='word_1_598' title='bbox 1323 2707 1374 2748; x_wconf 89' lang='lat' dir='ltr'>de</span> <span class='ocrx_word' id='word_1_599' title='bbox 1404 2707 1484 2748; x_wconf 89' lang='lat' dir='ltr'>hoc</span> <span class='ocrx_word' id='word_1_600' title='bbox 1513 2707 1617 2749; x_wconf 88' lang='lat' dir='ltr'>certi</span> <span class='ocrx_word' id='word_1_601' title='bbox 1645 2710 1746 2749; x_wconf 89' lang='lat' dir='ltr'>sunt</span> <span class='ocrx_word' id='word_1_602' title='bbox 1765 2707 1804 2749; x_wconf 79' lang='lat'>⁶:</span> <span class='ocrx_word' id='word_1_603' title='bbox 1834 2723 1853 2747; x_wconf 74' lang='grc' dir='ltr'>ε(</span> <span class='ocrx_word' id='word_1_604' title='bbox 1879 2707 2034 2750; x_wconf 91' lang='lat' dir='ltr'>Omnes</span> <span class='ocrx_word' id='word_1_605' title='bbox 2062 2709 2286 2762; x_wconf 89' lang='lat' dir='ltr'>morimur,</span> <span class='ocrx_word' id='word_1_606' title='bbox 2316 2713 2358 2751; x_wconf 87' lang='lat' dir='ltr'>et</span> 
     </span>
     <span class='ocr_line' id='line_1_85' title="bbox 1321 2778 2357 2834; baseline 0.004 -16"><span class='ocrx_word' id='word_1_607' title='bbox 1321 2778 1443 2831; x_wconf 89' lang='lat' dir='ltr'>quasi</span> <span class='ocrx_word' id='word_1_608' title='bbox 1465 2789 1604 2831; x_wconf 77' lang='lat' dir='ltr'>aquae,</span> <span class='ocrx_word' id='word_1_609' title='bbox 1634 2778 1864 2820; x_wconf 89' lang='lat' dir='ltr'>dilabimur</span> <span class='ocrx_word' id='word_1_610' title='bbox 1885 2779 1930 2819; x_wconf 92' lang='lat' dir='ltr'>in</span> <span class='ocrx_word' id='word_1_611' title='bbox 1950 2782 2129 2831; x_wconf 85' lang='lat' dir='ltr'>terram,</span> <span class='ocrx_word' id='word_1_612' title='bbox 2152 2781 2253 2834; x_wconf 88' lang='lat' dir='ltr'>quia</span> <span class='ocrx_word' id='word_1_613' title='bbox 2271 2793 2357 2822; x_wconf 94' lang='lat' dir='ltr'>non</span> 
     </span>
     <span class='ocr_line' id='line_1_86' title="bbox 1321 2846 2354 2900; baseline 0.002 -14"><span class='ocrx_word' id='word_1_614' title='bbox 1321 2847 1609 2887; x_wconf 87' lang='lat' dir='ltr'>revertuntur.</span> <span class='ocrx_word' id='word_1_615' title='bbox 1641 2860 1660 2884; x_wconf 86' lang='lat'>»</span> <span class='ocrx_word' id='word_1_616' title='bbox 1693 2846 1758 2888; x_wconf 84' lang='lat' dir='ltr'>Vel</span> <span class='ocrx_word' id='word_1_617' title='bbox 1776 2847 2026 2899; x_wconf 77' lang='lat' dir='ltr'>morituros,</span> <span class='ocrx_word' id='word_1_618' title='bbox 2049 2847 2091 2889; x_wconf 92' lang='lat' dir='ltr'>id</span> <span class='ocrx_word' id='word_1_619' title='bbox 2110 2851 2187 2900; x_wconf 88' lang='lat' dir='ltr'>est,</span> <span class='ocrx_word' id='word_1_620' title='bbox 2209 2860 2354 2890; x_wconf 87' lang='lat' dir='ltr'>neces-</span> 
     </span>
     <span class='ocr_line' id='line_1_87' title="bbox 1321 2917 2355 2971; baseline 0.002 -14"><span class='ocrx_word' id='word_1_621' title='bbox 1321 2917 1432 2957; x_wconf 88' lang='lat' dir='ltr'>sitati</span> <span class='ocrx_word' id='word_1_622' title='bbox 1461 2917 1612 2958; x_wconf 88' lang='lat' dir='ltr'>mortis</span> <span class='ocrx_word' id='word_1_623' title='bbox 1645 2917 1804 2958; x_wconf 90' lang='lat' dir='ltr'>deditos</span> <span class='ocrx_word' id='word_1_624' title='bbox 1830 2922 1843 2943; x_wconf 87' lang='lat'>⁷</span> <span class='ocrx_word' id='word_1_625' title='bbox 1866 2932 1875 2960; x_wconf 90' lang='lat'>:</span> <span class='ocrx_word' id='word_1_626' title='bbox 1915 2918 2114 2971; x_wconf 85' lang='lat' dir='ltr'>«Corpus</span> <span class='ocrx_word' id='word_1_627' title='bbox 2135 2920 2355 2960; x_wconf 89' lang='lat' dir='ltr'>mortuum</span> 
     </span>
     <span class='ocr_line' id='line_1_88' title="bbox 1320 2989 2356 3042; baseline 0.002 -13"><span class='ocrx_word' id='word_1_628' title='bbox 1320 2991 1382 3029; x_wconf 91' lang='lat' dir='ltr'>est</span> <span class='ocrx_word' id='word_1_629' title='bbox 1399 2990 1571 3042; x_wconf 88' lang='lat' dir='ltr'>propter</span> <span class='ocrx_word' id='word_1_630' title='bbox 1591 2991 1826 3042; x_wconf 88' lang='lat' dir='ltr'>peccatum.</span> <span class='ocrx_word' id='word_1_631' title='bbox 1845 3003 1864 3027; x_wconf 77' lang='lat' dir='ltr'>n</span> <span class='ocrx_word' id='word_1_632' title='bbox 1884 2989 2044 3031; x_wconf 78' lang='lat' dir='ltr'>Mortui</span> <span class='ocrx_word' id='word_1_633' title='bbox 2057 2999 2151 3032; x_wconf 82' lang='lat' dir='ltr'>vero</span> <span class='ocrx_word' id='word_1_634' title='bbox 2167 2989 2222 3042; x_wconf 75' lang='lat' dir='ltr'>(d)</span> <span class='ocrx_word' id='word_1_635' title='bbox 2245 2989 2356 3032; x_wconf 72' lang='lat' dir='ltr'>nihil</span> 
     </span>
     <span class='ocr_line' id='line_1_89' title="bbox 1321 3060 2356 3115; baseline 0 -13"><span class='ocrx_word' id='word_1_636' title='bbox 1321 3064 1528 3104; x_wconf 77' lang='lat' dir='ltr'>noverum</span> <span class='ocrx_word' id='word_1_637' title='bbox 1561 3062 1773 3115; x_wconf 74' lang='lat' dir='ltr'>amplius,</span> <span class='ocrx_word' id='word_1_638' title='bbox 1808 3060 1909 3114; x_wconf 86' lang='lat' dir='ltr'>quia</span> <span class='ocrx_word' id='word_1_639' title='bbox 1938 3060 2127 3113; x_wconf 79' lang='lat' dir='ltr'>cognitio</span> <span class='ocrx_word' id='word_1_640' title='bbox 2156 3061 2356 3114; x_wconf 89' lang='lat' dir='ltr'>supponit</span> 
     </span>
     <span class='ocr_line' id='line_1_90' title="bbox 1319 3131 2355 3186; baseline -0.002 -12"><span class='ocrx_word' id='word_1_641' title='bbox 1319 3132 1452 3174; x_wconf 84' lang='lat' dir='ltr'>vitam</span> <span class='ocrx_word' id='word_1_642' title='bbox 1477 3147 1486 3174; x_wconf 90' lang='lat'><strong>:</strong></span> <span class='ocrx_word' id='word_1_643' title='bbox 1509 3135 1550 3174; x_wconf 90' lang='lat' dir='ltr'>et</span> <span class='ocrx_word' id='word_1_644' title='bbox 1568 3133 1627 3173; x_wconf 89' lang='lat' dir='ltr'>ita</span> <span class='ocrx_word' id='word_1_645' title='bbox 1648 3131 1897 3186; x_wconf 88' lang='lat' dir='ltr'>praecellunt</span> <span class='ocrx_word' id='word_1_646' title='bbox 1919 3132 1964 3172; x_wconf 92' lang='lat' dir='ltr'>in</span> <span class='ocrx_word' id='word_1_647' title='bbox 1983 3134 2081 3174; x_wconf 85' lang='lat' dir='ltr'>actu</span> <span class='ocrx_word' id='word_1_648' title='bbox 2100 3131 2355 3184; x_wconf 83' lang='lat' dir='ltr'>cognitionis</span> 
     </span>
     <span class='ocr_line' id='line_1_91' title="bbox 1319 3203 2356 3255; baseline -0.003 -8"><span class='ocrx_word' id='word_1_649' title='bbox 1319 3205 1513 3247; x_wconf 87' lang='lat' dir='ltr'>viventes</span> <span class='ocrx_word' id='word_1_650' title='bbox 1549 3207 1771 3254; x_wconf 88' lang='lat' dir='ltr'>mortuos;</span> <span class='ocrx_word' id='word_1_651' title='bbox 1806 3215 1894 3244; x_wconf 93' lang='lat' dir='ltr'>non</span> <span class='ocrx_word' id='word_1_652' title='bbox 1924 3203 2038 3245; x_wconf 90' lang='lat' dir='ltr'>enim</span> <span class='ocrx_word' id='word_1_653' title='bbox 2065 3203 2247 3255; x_wconf 88' lang='lat' dir='ltr'>habent,</span> <span class='ocrx_word' id='word_1_654' title='bbox 2278 3214 2356 3245; x_wconf 90' lang='lat' dir='ltr'>nec</span> 
     </span>
    </p>
   </div>
   <div class='ocr_carea' id='block_1_6' title="bbox 1319 3332 2355 3471">
    <p class='ocr_par' dir='ltr' id='par_1_9' title="bbox 1319 3332 2355 3471">
     <span class='ocr_line' id='line_1_92' title="bbox 1321 3332 2355 3375; baseline -0.001 -8"><span class='ocrx_word' id='word_1_655' title='bbox 1321 3337 1331 3353; x_wconf 70' lang='lat'><strong>⁵</strong></span> <span class='ocrx_word' id='word_1_656' title='bbox 1360 3336 1475 3374; x_wconf 67' lang='lat' dir='ltr'>Pron„</span> <span class='ocrx_word' id='word_1_657' title='bbox 1507 3342 1596 3375; x_wconf 84' lang='lat' dir='ltr'>xxx,</span> <span class='ocrx_word' id='word_1_658' title='bbox 1619 3335 1671 3366; x_wconf 90' lang='grc'>30.</span> <span class='ocrx_word' id='word_1_659' title='bbox 1691 3350 1733 3356; x_wconf 91' lang='grc'>-</span> <span class='ocrx_word' id='word_1_660' title='bbox 1756 3334 1768 3352; x_wconf 80' lang='lat'><strong>⁰</strong></span> <span class='ocrx_word' id='word_1_661' title='bbox 1795 3333 1823 3364; x_wconf 92' lang='lat' dir='ltr'>ll</span> <span class='ocrx_word' id='word_1_662' title='bbox 1857 3333 1948 3374; x_wconf 76' lang='lat' dir='ltr'>Req.,</span> <span class='ocrx_word' id='word_1_663' title='bbox 1975 3341 2048 3374; x_wconf 82' lang='lat' dir='ltr'>xiv,</span> <span class='ocrx_word' id='word_1_664' title='bbox 2077 3334 2129 3366; x_wconf 83' lang='lat'>14.</span> <span class='ocrx_word' id='word_1_665' title='bbox 2154 3350 2196 3357; x_wconf 94' lang='lat'>—</span> <span class='ocrx_word' id='word_1_666' title='bbox 2215 3332 2229 3357; x_wconf 85' lang='lat'>⁷</span> <span class='ocrx_word' id='word_1_667' title='bbox 2250 3334 2355 3374; x_wconf 65' lang='lat' dir='ltr'>Rom„</span> 
     </span>
     <span class='ocr_line' id='line_1_93' title="bbox 1319 3379 2355 3422; baseline -0.001 -9"><span class='ocrx_word' id='word_1_668' title='bbox 1319 3389 1396 3421; x_wconf 81' lang='lat' dir='ltr'>vin,</span> <span class='ocrx_word' id='word_1_669' title='bbox 1423 3384 1474 3413; x_wconf 87' lang='lat'>10.</span> <span class='ocrx_word' id='word_1_670' title='bbox 1493 3398 1533 3405; x_wconf 91' lang='lat'>—</span> <span class='ocrx_word' id='word_1_671' title='bbox 1554 3382 1599 3422; x_wconf 89' lang='grc' dir='ltr'>(α)</span> <span class='ocrx_word' id='word_1_672' title='bbox 1620 3381 1694 3421; x_wconf 73' lang='lat' dir='ltr'>Leq.</span> <span class='ocrx_word' id='word_1_673' title='bbox 1717 3380 1841 3421; x_wconf 86' lang='lat' dir='ltr'>potior.</span> <span class='ocrx_word' id='word_1_674' title='bbox 1863 3398 1899 3403; x_wconf 89' lang='lat'>-</span> <span class='ocrx_word' id='word_1_675' title='bbox 1923 3379 1964 3421; x_wconf 85' lang='lat' dir='ltr'>(b)</span> <span class='ocrx_word' id='word_1_676' title='bbox 1986 3380 2080 3413; x_wconf 77' lang='lat' dir='ltr'>Edit.</span> <span class='ocrx_word' id='word_1_677' title='bbox 2105 3381 2181 3414; x_wconf 83' lang='lat' dir='ltr'>Ven.</span> <span class='ocrx_word' id='word_1_678' title='bbox 2197 3389 2291 3413; x_wconf 78' lang='lat' dir='ltr'>cane.</span> <span class='ocrx_word' id='word_1_679' title='bbox 2314 3397 2355 3404; x_wconf 92' lang='lat'><em>-</em></span> 
     </span>
     <span class='ocr_line' id='line_1_94' title="bbox 1323 3427 2021 3471; baseline -0.001 -10"><span class='ocrx_word' id='word_1_680' title='bbox 1323 3429 1366 3471; x_wconf 88' lang='lat' dir='ltr'>(c)</span> <span class='ocrx_word' id='word_1_681' title='bbox 1383 3428 1500 3471; x_wconf 79' lang='lat' dir='ltr'>Suppl.</span> <span class='ocrx_word' id='word_1_682' title='bbox 1521 3429 1574 3462; x_wconf 86' lang='lat' dir='ltr'>de.</span> <span class='ocrx_word' id='word_1_683' title='bbox 1591 3446 1631 3452; x_wconf 97' lang='lat'><strong>—</strong></span> <span class='ocrx_word' id='word_1_684' title='bbox 1653 3427 1699 3469; x_wconf 85' lang='lat' dir='ltr'>(d)</span> <span class='ocrx_word' id='word_1_685' title='bbox 1720 3428 1801 3460; x_wconf 82' lang='lat' dir='ltr'>caet.</span> <span class='ocrx_word' id='word_1_686' title='bbox 1823 3428 1904 3461; x_wconf 78' lang='lat' dir='ltr'>edit.</span> <span class='ocrx_word' id='word_1_687' title='bbox 1923 3428 2021 3460; x_wconf 75' lang='lat' dir='ltr'>enim.</span> 
     </span>
    </p>
   </div>
  </div>
 </body>
</html>
