2633 3878
1169 159 1339 203 CAPUT
1366 163 1434 205 VI.
2288 179 2359 218 631

233 246 275 287 et
299 247 491 300 sequitur
519 249 601 289 alia
629 249 882 303 prosperitas
910 249 1156 302 temporalis
1177 263 1186 289 :
1210 249 1263 291 Et

233 318 399 361 vixerit
415 319 568 361 multos
584 330 734 370 annos,
755 320 797 360 id
817 322 894 368 est,
916 331 990 372 per
1012 319 1167 359 multos
1191 332 1264 359 an-

232 400 330 439 nos;
353 390 406 431 Et
419 390 562 442 plures
585 389 675 432 dies
691 391 834 432 (etatis
854 389 1076 440 habuerit,
1105 389 1261 430 scilicet

231 458 478 500 hominibus
497 461 588 501 aliis
601 493 611 510 ,
637 464 678 502 et
696 461 790 501 haec
812 461 985 513 quidem
1003 460 1260 512 prosperitas

231 532 272 570 et
291 531 548 582 temporalis.
570 531 686 572 Hanc
712 532 1034 585 prosperitatem
1064 531 1261 583 frequen-

229 601 294 639 ter
325 600 484 641 habent
515 602 660 655 impii;
689 603 802 644 unde
825 603 978 643 dicitur
998 606 1009 628 ¹
1035 616 1043 642 ι
1070 617 1089 640 «
1113 601 1262 653 Longo

229 671 418 722 tempore
438 671 595 725 impius
615 673 722 713 vivit
742 673 788 713 in
808 673 1021 725 impietate
1045 674 1096 726 (a)
1118 685 1214 723 sua,
1237 687 1255 710 >³

229 741 265 780 si
280 741 331 782 iis
348 744 696 795 prosperitatibus
712 744 1012 785 abundaverit.
1035 745 1090 786 Ec
1110 744 1260 786 anima

229 811 350 853 illius
365 823 450 855 non
467 817 617 856 utatur
631 814 751 856 bonis
772 814 1022 856 substantae
1036 825 1139 865 sace,
1163 817 1258 864 etc„

227 882 270 923 id
290 886 376 932 est,
397 887 525 925 tenax
547 885 673 925 fuerit
692 888 732 925 et
752 897 907 926 avarus
926 886 970 925 in
990 886 1077 926 vita
1095 899 1104 936 3
1128 886 1262 939 sepul-

229 958 409 1007 turaque
437 960 579 998 careat
595 987 605 1004 ‚
632 956 677 995 in
697 958 858 1007 morte,
881 957 1116 997 secundum
1147 956 1260 1009 quod

227 1025 279 1066 de
297 1025 487 1066 Joachim
516 1027 727 1067 dicitur2:
756 1041 774 1064 «
797 1026 1024 1079 Sepultura
1057 1027 1165 1067 asini
1194 1038 1260 1067 se-

225 1096 406 1149 pelietur
423 1097 613 1137 Joachim
639 1100 687 1138 ut
718 1098 1002 1150 putrefactus,
1023 1101 1064 1138 et
1092 1099 1260 1150 proiec-

227 1169 298 1208 tus
315 1170 436 1208 extra
451 1171 618 1221 portam
639 1169 890 1210 Jerusalem.
911 1184 930 1206 >³
958 1169 1032 1209 His
1053 1169 1258 1210 conditio-

225 1237 353 1278 nibus
379 1239 668 1292 prosperitatis
687 1242 728 1280 et
747 1239 981 1280 tenacitatis
1001 1239 1235 1292 praemissis
1247 1272 1258 1290 ,

225 1310 455 1363 subjungit
486 1312 835 1352 detestationem:
868 1314 924 1354 De
955 1312 1027 1353 hoc
1056 1322 1126 1363 eqo
1157 1321 1261 1363 pro-

225 1383 393 1431 nuntio,
412 1382 526 1435 qaod
539 1383 683 1425 melior
697 1382 770 1425 illo
789 1383 868 1434 fiat
881 1383 1121 1430 abortivas,
1138 1394 1262 1434 prop-

224 1453 289 1492 ter
310 1453 526 1493 miseriam
554 1456 595 1494 et
615 1454 845 1494 vanitatem
877 1453 1084 1503 multam,
1106 1453 1261 1505 quibus

224 1522 445 1563 abortivus
463 1526 576 1563 caret
589 1555 601 1572 ,
620 1523 735 1564 unde
749 1523 902 1564 dicitur
917 1524 930 1545 ³
949 1538 957 1563 ε
982 1539 1001 1561 «
1019 1523 1156 1572 Quare
1175 1534 1262 1563 non

225 1592 271 1632 in
290 1593 422 1633 vulva
448 1596 644 1634 mortuus
669 1606 766 1634 sum
781 1595 800 1633 ἵ)
822 1593 959 1643 Quare
984 1605 1182 1645 egressus
1211 1593 1262 1632 de

223 1666 345 1704 utero
367 1676 455 1704 non
480 1664 623 1704 statim
645 1664 782 1717 perii?
804 1664 941 1713 Quare
961 1666 1163 1716 exceptus
1183 1676 1260 1716 ge-

224 1733 381 1774 nibus?
396 1733 479 1775 Cur
496 1733 675 1775 lactatus
693 1735 925 1775 uberibus?
946 1749 965 1772 ›>
985 1735 1036 1775 Et
1050 1735 1206 1775 iterum
1220 1735 1258 1774 ⁵:

230 1820 250 1844 c(
264 1805 402 1855 Quare
417 1805 468 1846 de
481 1805 614 1846 vulva
632 1805 817 1846 eduxisti
839 1810 936 1847 me?
959 1820 977 1843 »

277 1878 316 1915 4.
331 1876 511 1917 Frustra
526 1876 779 1926 enimvem'c,
796 1879 874 1917 etc.
889 1876 965 1917 Hic
979 1876 1260 1929 subiungitur

223 1948 348 1988 tertio
357 1947 644 1989 detestationis
657 1948 778 1999 ratio,
794 1948 948 1989 scilicet
961 1949 1042 1989 isto
1057 1949 1183 1989 modo
1197 1951 1258 1989 te-

223 2018 317 2058 naci
328 2019 478 2059 melior
488 2019 535 2059 fit
547 2018 595 2071 (b)
607 2019 826 2060 abortivus
838 2019 900 2071 (cl,
915 2019 1015 2072 quia
1023 2019 1133 2060 sicut
1142 2019 1261 2059 abor-

222 2089 337 2130 tivus
362 2089 408 2142 (c)
431 2090 586 2130 frustra
604 2090 735 2140 venit,
755 2093 796 2130 et
810 2091 952 2142 pergit
975 2090 1028 2130 ad
1047 2091 1256 2140 tenebras,

223 2160 324 2213 quia
337 2160 480 2200 statim
497 2160 693 2210 moritur,
709 2161 768 2200 sio
787 2163 828 2201 et
841 2161 936 2211 iste3
958 2161 1052 2201 ideo
1067 2161 1224 2202 dicitur
1248 2177 1256 2202 :

222 2232 525 2273 Frustraenim
534 2231 1260 2284 venit,etperqitaatenebras,scili-

224 2305 288 2343 cet
297 2302 386 2355 ipse
399 2305 562 2343 tenax.⁵
576 2302 713 2353 «Viro,
724 2304 1257 2355 cujusabsconditaestvia,

223 2376 265 2414 et
278 2373 556 2414 circumdedit
569 2386 668 2414 eum
687 2373 799 2415 Deus
819 2375 1020 2414 tenebris.
1041 2389 1060 2412 »
1079 2374 1131 2415 Et
1145 2375 1260 2427 quod

223 2444 380 2484 frustra
398 2443 541 2484 veniat
558 2445 603 2483 in
621 2445 738 2485 bunc
757 2445 970 2486 mundum
988 2445 1085 2485 talis
1104 2454 1260 2486 avarus

223 2517 265 2555 et
283 2517 432 2565 tenax,
455 2515 657 2566 ostendit,
679 2518 719 2555 et
737 2518 908 2568 propter
929 2515 1181 2557 deletionem
1198 2516 1255 2569 (d)

224 2586 412 2626 nominis
437 2586 482 2626 in
512 2589 675 2637 morte,
707 2590 749 2627 et
781 2590 955 2640 propter
986 2589 1259 2641 inexperien-

224 2655 329 2696 tiam
348 2656 450 2697 boni
470 2655 517 2696 in
535 2656 648 2706 vita,
673 2659 714 2697 et
733 2660 905 2710 propter
924 2658 1258 2711 inexpletioneln

225 2726 421 2767 desiderii
439 2726 484 2766 in
507 2730 703 2780 utroque.
726 2726 903 2780 Propter
923 2728 1174 2769 deletionem
1200 2730 1256 2783 (d)

224 2797 436 2847 nominis,
465 2797 565 2838 dicit
586 2813 594 2838 :
619 2800 680 2841 Ec
704 2798 912 2841 oblivione
940 2799 1149 2842 delebitur
1179 2812 1259 2845 ηο-

225 2878 321 2909 men
343 2866 457 2919 eius,
478 2868 519 2908 id
540 2872 623 2919 est,
655 2880 741 2910 non
767 2871 1055 2922 permanebit,
1087 2883 1164 2912 nec
1190 2884 1257 2913 re-

224 2938 440 2989 manebit,
471 2950 548 2979 nec
579 2951 626 2979 re
644 2970 654 2987 ,
689 2952 767 2980 nec
804 2940 1000 2991 nomine,
1025 2942 1260 2984 secundum

224 3008 339 3062 quod
382 3009 669 3050 comminatur
706 3010 912 3051 Dominus
949 3011 1156 3065 Babyloni
1194 3017 1207 3038 ⁶
1247 3028 1256 3054 z

231 3079 447 3120 «Perdam
473 3078 702 3132 Babylonis
722 3092 881 3121 nomen
908 3084 950 3122 et
973 3082 1197 3135 reliquias,
1219 3088 1260 3125 et

225 3162 430 3204 germen,
459 3153 501 3191 et
530 3151 778 3203 progeniem
795 3183 805 3200 ‚
836 3152 895 3192 ait
922 3152 1140 3194 Dominus.
1164 3169 1183 3192 »
1209 3155 1260 3197 Εῖ

225 3221 379 3262 dicitur
411 3221 456 3261 in
494 3232 675 3273 persona
709 3221 923 3263 malorum
954 3222 968 3244 ⁷
1004 3211 1017 3264 ἶ
1049 3238 1068 3262 c‹
1098 3223 1259 3267 Nomen

268 3305 280 3326 ¹
304 3304 405 3345 Infia,
426 3311 489 3345 vn,
511 3305 560 3336 16.
579 3321 620 3327 —
637 3305 651 3326 ²
669 3304 806 3339 Jerem„
824 3313 921 3346 xxn,
944 3307 995 3338 19.
1015 3324 1057 3331 -
1082 3307 1094 3326 ³
1113 3308 1184 3348 Job,
1204 3316 1259 3350 111,

228 3353 280 3383 ss.
300 3369 341 3375 —-
371 3351 386 3373 ⁸
409 3350 481 3390 Job,
507 3359 543 3389 x,
573 3352 623 3383 18.
645 3367 686 3374 —
703 3352 716 3373 ⁵
733 3351 813 3391 Job,
833 3360 891 3393 111,
915 3354 967 3384 23.
992 3370 1032 3377 —
1053 3354 1066 3376 θ
1085 3356 1166 3395 Isa.,
1187 3363 1258 3397 nv,

227 3399 281 3429 22.
300 3413 341 3422 -—
360 3399 370 3417 ⁷
387 3398 480 3440 Sap„
501 3406 540 3439 11,
560 3399 591 3430 4.
613 3415 653 3422 -
673 3399 683 3417 ⁸
703 3398 805 3440 Infra,
825 3407 874 3440 x1,
895 3401 925 3431 7.
948 3417 983 3423 —
1012 3401 1024 3419 ⁹
1046 3401 1146 3439 lutra,
1174 3410 1207 3443 v,
1226 3404 1256 3435 6.

228 3461 269 3469 —
289 3445 316 3467 ¹⁰
334 3444 455 3485 Eccli.,
475 3453 594 3485 xxxw,
620 3447 668 3478 10.
686 3463 727 3469 —
751 3447 772 3469 '¹
796 3446 908 3485 Arist„
930 3448 1076 3490 Melaph.
1101 3448 1161 3483 lib.
1183 3451 1257 3490 vll,

780 3584 796 3611 ,ε

1322 256 1531 292 'nostrum
1550 253 1808 295 oblivionem
1829 257 1911 297 acci
1917 259 2001 310 piet
2018 272 2093 313 per
2113 264 2305 316 tempus,
2328 268 2370 306 et

1338 333 1464 363 nemo
1497 323 1669 364 habebit
1704 328 1954 369 memoriam
1985 342 2165 383 operum
2201 337 2367 376 nostro-

1339 405 1452 434 rum.
1486 408 1505 431 »
1544 394 1720 448 Propter
1751 397 2102 450 inexperientiam
2136 405 2265 456 boni,
2303 418 2366 448 se-

1339 465 1528 505 cundum
1549 467 1661 518 quod
1694 467 1845 508 dicitur
1867 471 1905 510 ⁸:
1937 486 1955 509 α
1985 472 2111 514 Dulce
2137 475 2307 525 lumen,
2330 480 2370 518 et

1339 535 1582 577 delectabile
1603 541 1666 578 est
1696 539 1830 580 oculis
1858 542 2002 583 videre
2034 545 2179 586 solem.
2202 562 2220 583 »
2249 547 2370 588 Hunc

1338 617 1424 645 non
1445 607 1551 647 vidit
1581 609 1646 648 vir
1676 622 1832 651 avarus
1847 643 1857 662 ,
1880 616 1930 653 ut
1954 614 2108 656 dicitur
2128 620 2141 640 ⁹
2166 631 2174 656 :
2203 632 2222 654 «
2245 617 2369 659 Erra-

1340 675 1481 715 vimus
1510 689 1535 716 a
1568 678 1638 718 via
1669 681 1885 732 veritatis,
1908 686 1950 724 et
1981 685 2042 725 sol
2076 685 2368 739 intelligentiae

1339 757 1424 786 non
1445 749 1506 786 est
1523 750 1642 788 ortus
1662 751 1803 801 nobis,
1827 766 1846 789 ›)
1872 755 1949 794 etc.
1971 753 2022 795 Et
2051 755 2108 796 ita
2138 766 2224 798 ηοη
2252 757 2369 801 vidit

1338 816 1487 866 solem,
1509 817 1589 858 hoc
1619 821 1704 869 est,
1733 832 1819 860 non
1850 822 1998 863 habuit
2027 826 2281 877 cognitionis
2299 827 2367 868 lu-

1338 899 1452 928 men.
1476 889 1623 941 Neque
1645 892 1844 942 coqnovic
1871 892 2127 936 distantiam
2160 896 2281 947 boni,
2307 899 2371 940 vel

1338 958 1463 1009 mali,
1493 960 1594 1012 quia
1624 961 1781 1001 scilicet
1808 974 1896 1003 non
1927 967 1989 1003 est
2021 968 2222 1017 expertus
2246 981 2254 1007 :
2278 968 2371 1008 ideo

1338 1030 1460 1070 dicit:
1484 1031 1674 1073 Etiamsi
1693 1032 1856 1075 duobus
1882 1035 2072 1077 millibus
2093 1037 2223 1078 annis
2243 1038 2368 1080 vicee-

1337 1101 1416 1151 rz't,
1429 1102 1528 1153 quia
1544 1114 1631 1142 non
1644 1103 1805 1144 habens
1822 1106 1865 1156 (e)
1885 1106 2175 1157 cognitionem
2188 1120 2263 1160 per
2278 1109 2370 1150 diu-

1337 1172 1589 1213 turnitatem
1604 1205 1614 1220 ‚
1637 1174 1706 1213 sed
1727 1186 1804 1226 per
1832 1176 2136 1228 experientiam
2154 1210 2164 1228 ,
2194 1182 2241 1218 ut
2268 1179 2368 1220 dici-

1336 1245 1408 1282 tur
1428 1243 1455 1265 ¹⁰
1484 1258 1491 1283 :
1516 1258 1534 1281 α
1555 1243 1634 1292 Qui
1653 1257 1739 1285 non
1759 1248 1822 1285 est
1847 1249 2074 1299 expertus,
2100 1261 2233 1301 pauca
2252 1261 2371 1290 reco-

1337 1314 1531 1364 gnoscit3
1567 1329 1586 1352 ›>
1621 1316 1855 1356 secundum
1892 1318 2004 1370 quod
2043 1319 2141 1360 dicit
2178 1319 2368 1360 Philoso-

1336 1384 1448 1437 phus
1468 1386 1494 1406 ¹¹
1516 1399 1523 1424 :
1556 1400 1574 1423 α
1596 1385 1868 1437 Expijzrientia
1895 1388 1991 1428 fecit
2021 1392 2170 1440 artem,
2193 1390 2368 1443 inexpe-

1337 1455 1488 1495 rientia
1532 1469 1691 1497 casum.
1726 1471 1745 1493 ))
1785 1456 1962 1510 Propter
2000 1459 2371 1513 incompletionem

1337 1525 1558 1576 desiderii;
1582 1527 1723 1567 subdit
1746 1527 1800 1577 (v,
1825 1529 1861 1570 Ol
1881 1541 1890 1569 ε
1913 1530 2060 1572 Nonne
2081 1531 2140 1572 acl
2157 1542 2290 1573 unum
2310 1532 2368 1574 lo-

1337 1607 1433 1637 cum
1445 1600 1676 1649 properant
1690 1599 1836 1639 omma
1850 1599 1871 1639 P
1885 1600 2005 1651 quasi
2025 1600 2135 1641 dicat
2153 1616 2161 1641 :
2182 1613 2235 1642 ex
2251 1605 2371 1654 parte

1338 1669 1524 1720 corporis
1542 1669 1688 1709 cedent
1709 1669 1754 1709 in
1772 1673 1906 1721 terra,
1928 1675 1976 1712 ut
1995 1672 2149 1713 dicitur
2163 1674 2192 1699 ¹²
2215 1688 2255 1714 ια
2270 1674 2371 1715 Om-

1337 1738 1427 1789 nia,
1450 1751 1546 1791 quae
1566 1739 1617 1780 de
1635 1741 1749 1780 terra
1776 1744 1896 1790 sunt,
1926 1742 1971 1782 in
2002 1745 2161 1784 terram
2192 1757 2368 1786 conver-

1336 1813 1500 1851 tuntur.
1529 1826 1548 1848 n
1578 1811 1606 1835 ¹³
1632 1811 1829 1853 «Cuncta
1860 1814 2078 1865 subjacent
2098 1816 2295 1867 vanitati,
2332 1819 2371 1858 et

1336 1882 1482 1922 omnia
1500 1885 1690 1934 pergunt
1710 1882 1763 1923 ad
1782 1883 1924 1924 locum
1944 1897 2097 1926 unum.
2120 1900 2139 1923 >³
2168 1885 2232 1926 Ex
2251 1890 2370 1939 parte

1336 1952 1470 2004 igitur
1502 1954 1690 2006 corporis
1713 1986 1726 2004 ,
1759 1958 1821 1995 est
1851 1955 2098 1997 incineratio
2122 1971 2132 2007 3
2168 1969 2222 1998 ex
2252 1960 2370 2010 parte

1335 2026 1479 2064 autem
1498 2025 1654 2066 animae
1668 2057 1678 2076 ,
1701 2025 1894 2067 desiderii
1914 2027 2185 2079 incompletio
2213 2041 2222 2067 ε
2245 2039 2370 2080 prop-

1334 2097 1450 2135 terea
1477 2095 1576 2136 dicit
1606 2102 1660 2148 (v.
1697 2097 1732 2148 7)
1760 2111 1768 2137 ;
1805 2096 1952 2139 Omnis
1972 2096 2089 2140 labor
2113 2097 2299 2140 hominis
2325 2099 2375 2140 in

1336 2175 1405 2207 ore
1430 2166 1567 2208 illius.
1592 2167 1644 2208 Os
1671 2168 1824 2208 dicitur
1853 2168 2030 2209 inhiatio
2058 2168 2274 2219 desiderii3
2297 2169 2371 2221 qui

1335 2236 1449 2277 enim
1488 2237 1730 2288 desiderat,
1762 2239 1882 2291 quasi
1911 2251 1957 2280 os
1983 2239 2151 2291 aperit:
2180 2239 2369 2279 laborem

1334 2307 1470 2359 igitur
1490 2320 1580 2348 esse
1601 2309 1645 2348 in
1665 2321 1758 2359 ore,
1783 2310 1862 2350 hoc
1892 2313 1953 2350 est
1970 2310 2164 2350 laborare
2184 2310 2236 2350 ad
2257 2310 2366 2350 desi-

1335 2377 1439 2417 derii
1470 2378 1817 2430 completionem,
1841 2381 1889 2419 ut
1907 2380 2060 2420 dicitur
2079 2379 2108 2402 ¹*
2130 2394 2139 2420 :
2175 2394 2195 2417 «
2216 2379 2370 2420 Anima

1334 2446 1566 2487 laborantis
1585 2447 1748 2488 laborat
1774 2448 1853 2488 sibi
1869 2479 1879 2497 ‚
1909 2449 2011 2501 quia
2039 2448 2244 2501 compulit
2269 2461 2368 2489 eum

1335 2529 1381 2558 os
1401 2530 1528 2558 suum
1545 2532 1554 2558 z
1571 2533 1589 2556 n
1607 2518 1750 2558 etlicet
1761 2518 1812 2559 ad
1828 2519 1909 2559 hoc
1927 2519 1973 2572 (f)
1987 2519 2244 2560 desiderium
2259 2531 2369 2560 com-

1334 2588 1537 2641 plendum
1558 2589 1701 2639 faciat,
1721 2601 1807 2629 non
1828 2592 1973 2630 tamen
1992 2590 2228 2643 completur
2249 2589 2367 2630 :idco

1334 2659 1434 2700 dicit
1456 2674 1465 2709 ;
1492 2659 1574 2700 Sed
1607 2661 1755 2702 anima
1780 2659 1924 2711 illius,
1955 2661 2111 2702 scilicet
2136 2661 2277 2702 divitis
2304 2663 2366 2702 te-

1335 2730 1471 2780 nacis,
1493 2740 1580 2772 mm
1612 2730 1858 2783 implebitur
1890 2732 2040 2782 bonis,
2067 2732 2177 2773 sicut
2206 2732 2367 2773 dictum

1335 2803 1398 2841 θεῖ
1418 2801 1445 2823 ¹⁵
1471 2815 1480 2842 :
1506 2805 1707 2842 «Avarus
1733 2814 1821 2843 non
1848 2803 2093 2856 implebitur
2110 2803 2319 2858 pecunia;
2342 2818 2361 2841 n

1334 2872 1446 2912 unde
1478 2872 1630 2914 dicitur
1659 2873 1689 2897 ¹⁶
1719 2887 1727 2913 z
1766 2873 1999 2916 «Dilatavit
2026 2875 2148 2928 quasi
2177 2875 2370 2915 infernus

1335 2944 1522 2984 animam
1538 2957 1676 2996 suam,
1695 2948 1736 2986 et
1753 2946 1842 2998 ipse
1861 2948 1981 3000 quasi
2000 2958 2114 2988 mors
2134 2958 2222 2987 non
2237 2946 2368 2987 adim-

1334 3014 1519 3068 plebitur
1542 3027 1552 3055 ε
1574 3030 1593 3053 1>
1620 3017 1679 3056 ita
1699 3028 1851 3057 verum
1871 3020 1935 3057 θεῖ
1957 3017 2008 3057 de
2031 3016 2195 3067 avaris,
2217 3016 2269 3056 de
2291 3027 2367 3068 pe-

1334 3086 1484 3136 cunia,
1505 3087 1564 3127 ita
1590 3086 1719 3128 etiam
1745 3087 1796 3128 de
1828 3087 2026 3138 scientia,
2049 3090 2098 3128 ut
2126 3086 2279 3128 dicitur
2302 3085 2332 3110 ¹⁷
2358 3098 2368 3126 ε

1335 3207 1364 3230 c.
1390 3206 1413 3238 1,
1436 3207 1506 3230 non
1526 3199 1646 3239 procul
1668 3208 1687 3230 a
1709 3199 1888 3240 principio.
1912 3216 1954 3224 —-
1977 3200 2000 3219 ¹²
2018 3199 2139 3240 Eccli.,
2161 3206 2228 3237 XL,
2253 3201 2304 3231 11.
2327 3214 2367 3223 -

1334 3245 1359 3267 ¹³
1380 3247 1501 3286 Supra,
1522 3253 1581 3285 111,
1604 3248 1653 3277 19.
1673 3263 1715 3268 —
1734 3246 1760 3268 ¹⁸
1778 3247 1888 3287 Prov.,
1906 3255 1982 3286 XVI,
2003 3248 2056 3279 26.
2076 3263 2118 3270 -
2139 3247 2164 3269 ¹⁵
2187 3247 2308 3286 Supra,
2331 3253 2365 3286 v,

1336 3294 1366 3324 9.
1383 3310 1424 3315 -
1447 3293 1470 3311 ¹⁶
1489 3291 1624 3333 Habac„
1647 3300 1686 3333 11,
1710 3294 1740 3324 5.
1761 3309 1801 3316 —
1824 3292 1851 3314 ¹⁷
1873 3294 1900 3324 ΙΙ
1924 3294 2022 3334 Tim„
2043 3301 2096 3334 111,
2117 3295 2148 3325 7.

1377 3357 1420 3397 (τι)
1448 3356 1542 3398 Vulq.
1560 3357 1698 3389 malitia.
1711 3374 1753 3381 —
1773 3356 1818 3398 (b)
1835 3358 1889 3391 Al.
1910 3358 2014 3391 sit.—
2035 3359 2077 3400 (c)
2091 3358 2148 3392 Al.
2165 3358 2317 3390 abortus.
2332 3373 2372 3380 —

1335 3404 1380 3444 (d)
1395 3403 1475 3435 Coet.
1493 3403 1572 3435 edit.
1594 3404 1867 3437 delectationem.
1882 3423 1924 3430 —-
1940 3406 1982 3447 (e)
2003 3406 2080 3448 Ley.
2100 3415 2171 3438 non
2186 3403 2369 3450 habet—132·

1333 3460 1445 3483 m0.-—
1461 3451 1508 3491 (f)
1534 3451 1605 3491 Leq.
1621 3451 1687 3483 hoc
1710 3451 1762 3484 ad.
