2633 3878
93 1091 152 1118 Vim
171 1100 230 1119 mo-

91 1138 159 1164 raus
182 1138 231 1164 oh-

102 1187 220 1206 servan-

102 1221 160 1248 tiae.

973 227 1215 270 PSALMUS
1245 228 1417 271 CXVIII.

255 324 378 371 hatis,
402 326 546 372 quibus
566 324 730 362 efficitur
753 321 945 371 poenitens
965 318 1018 356 ad
1036 317 1284 366 peccandum

256 385 468 431 difficilior,
483 386 535 423 ad
548 383 883 434 perseverandum
908 380 1074 426 facilior,
1096 378 1148 416 ad
1171 389 1287 416 oran-

255 446 352 484 dum
371 448 556 493 habilior,
576 445 827 493 subsequitur
847 444 1031 492 quartus,
1056 451 1137 489 quo
1156 440 1288 477 reddi-

255 512 317 546 tur
337 509 388 546 ad
410 508 658 557 operandum
677 506 832 554 agilior,
857 506 956 542 sicut
975 506 1081 552 patet
1100 513 1170 550 per
1191 512 1286 550 qua-

255 570 456 607 drifariam
482 570 681 618 praesentis
707 578 842 605 versus
869 565 1163 604 continentiam.
1186 564 1286 600 Con—

254 632 348 668 tinet
367 633 472 668 enim
493 631 687 668 actionem
701 631 973 667 vehementem
993 638 1041 664 ex
1062 625 1286 663 vehementi

253 693 458 730 affectione
483 693 696 730 fluentem:
727 701 900 740 quorum
929 689 1103 737 primum
1133 686 1286 724 redolet

254 755 517 791 obedientiam
527 767 538 801 3
560 754 795 799 seeundum,
811 751 1091 796 festinantiam3
1113 748 1282 794 tertium,

251 816 444 863 laetitiam3
469 819 652 864 quartum
662 844 673 862 ,
688 814 1019 852 benevolentiam.

583 922 773 958 Articulus
796 921 948 966 primus.

297 1004 493 1048 Quantum
507 1003 559 1041 ad
575 1004 764 1052 primum,
780 1002 1044 1051 praemittitu1·:
1066 1004 1168 1038 Viam
1185 1012 1285 1038 man·

249 1065 416 1102 datorum
445 1069 598 1102 tuorum.
632 1068 713 1102 Istae
742 1065 816 1101 viae
842 1066 933 1101 sunt
956 1064 1119 1101 moralis
1149 1063 1285 1100 obser-

248 1127 408 1174 vantiae,
433 1127 670 1175 pertinentes
695 1127 748 1164 ad
767 1128 898 1164 actum
917 1125 1172 1172 obedientiae,
1197 1137 1285 1174 quae

247 1189 430 1226 videntur
448 1189 659 1237 tripartitae.
678 1192 773 1227 Nam
793 1189 880 1225 aliae
902 1192 992 1225 sunt
1011 1189 1061 1225 de
1082 1187 1281 1234 cavendis,

247 1251 333 1288 aliae
353 1251 402 1289 de
420 1251 701 1298 custodiendis,
718 1252 804 1288 aliae
823 1251 871 1287 de
892 1250 1132 1287 erudiendis.
1148 1250 1285 1287 Primae

249 1313 433 1350 dicuntur
457 1315 530 1350 viae
548 1314 693 1360 ruinae3
723 1313 925 1358 secundae,
947 1312 1019 1349 viae
1047 1312 1282 1360 disciplinis,

247 1377 384 1422 tertiae,
406 1376 480 1412 viae
500 1375 699 1412 doctrinae.
727 1377 778 1411 De
798 1375 937 1422 primis
955 1375 1029 1411 viis
1048 1375 1103 1411 sic
1123 1375 1221 1421 legis
1243 1378 1250 1398 ¹
1271 1387 1279 1411 :

251 1452 269 1472 «
291 1441 332 1476 ln
352 1438 458 1475 viam
477 1438 600 1474 ruinae
619 1449 701 1474 non
718 1448 798 1482 eaS,
813 1440 849 1474 et
867 1447 949 1474 non
970 1436 1150 1474 offendas
1168 1437 1208 1473 in
1228 1437 1284 1474 la-

245 1501 377 1548 pides,
417 1514 434 1535 »
465 1501 579 1548 quasi
611 1500 740 1537 dieat:
773 1501 873 1536 Cave
904 1502 1011 1536 actus
1041 1499 1283 1547 periculum,

243 1564 405 1610 propter
424 1562 586 1599 affectus
615 1562 901 1598 offendiculum
924 1573 931 1597 :
963 1572 1052 1598 ecce
1074 1562 1137 1597 via
1161 1561 1283 1598 ruinae

244 1624 433 1661 cavenda.
458 1626 510 1660 De
533 1623 716 1661 secundis
735 1624 884 1671 reperis
901 1624 936 1660 ²:
962 1636 980 1658 «
1001 1624 1070 1660 Via
1089 1624 1177 1660 vitae
1198 1635 1284 1660 cus-

243 1686 407 1723 todienti
436 1686 706 1733 disciplinam:
727 1699 744 1721 »
770 1685 883 1733 quasi
909 1685 1040 1722 dicat:
1070 1687 1140 1722 Per
1167 1685 1282 1722 disci-

242 1748 360 1796 plinae
377 1748 613 1793 custodiam,
633 1748 733 1784 sicut
751 1758 823 1795 per
842 1747 962 1794 viam,
983 1747 1212 1795 pervenitur
1229 1748 1281 1784 ad

243 1810 383 1848 vitam:
408 1821 496 1848 ecce
523 1811 588 1847 via
609 1810 824 1857 disciplinae
844 1810 1115 1847 custodienda.
1134 1812 1185 1846 De
1207 1812 1282 1846 ter-

244 1872 304 1908 tiis
323 1872 378 1909 sic
398 1873 573 1909 invenire
593 1873 739 1920 poteris
761 1874 774 1895 ³
793 1883 801 1908 :
829 1884 847 1906 «
866 1872 944 1917 Vir,
966 1872 1035 1919 qui
1055 1872 1242 1908 erraverit
1259 1882 1282 1908 a

243 1934 308 1971 via
340 1934 545 1981 doctrinae,
582 1934 622 1970 in
656 1935 758 1970 coetu
786 1933 990 1980 gigantum
1016 1933 1281 1970 commorabi-

243 1999 316 2033 tur.
332 2011 350 2031 »
369 1998 448 2034 Hoc
470 1996 613 2033 dicitur
631 1999 768 2033 contra
787 1998 974 2042 errantes,
991 1999 1027 2032 et
1046 1996 1087 2032 in
1106 2006 1281 2033 errorem

242 2058 448 2094 mittentes.
475 2058 583 2095 Tales
610 2068 787 2106 namque
817 2060 927 2104 sunt,
955 2057 1053 2094 sicut
1081 2058 1280 2105 gigantes,

242 2120 394 2157 animas
430 2119 612 2157 fidelium
651 2120 849 2168 simplices
877 2120 1105 2168 linguarum
1138 2121 1281 2168 gladiis

244 2181 480 2219 trucidantes
497 2195 505 2219 ι
528 2193 617 2219 ecce
637 2182 717 2219 vita
741 2183 929 2220 doctrinae
949 2183 1181 2220 erudienda.

561 2289 746 2325 Articulus
772 2289 959 2326 secundus.

289 2373 486 2418 Quantum
506 2374 559 2411 ad
578 2375 812 2420 secundum,
839 2375 1097 2412 subnectitur:
1114 2377 1278 2422 Cucurri,

242 2436 353 2484 quod
371 2441 484 2474 sonat
501 2437 760 2474 festinantiam
773 2466 785 2484 ,
807 2449 895 2485 quae
915 2438 1032 2475 etiam
1049 2441 1283 2485 augmentat

243 2499 525 2536 obedientiam.
540 2499 771 2537 Obedieatia
785 2509 930 2547 nempe
946 2500 1077 2536 minus
1092 2503 1280 2545 meretur,

241 2561 273 2597 si
293 2561 409 2597 nimis
437 2564 634 2608 moretur,
666 2568 703 2598 e'.
727 2562 855 2608 majus
878 2562 1061 2598 meritum
1085 2562 1277 2608 continet,

242 2623 273 2659 si
301 2623 466 2660 festinet.
501 2625 566 2661 Hic
600 2625 792 2661 debemus
823 2628 980 2671 notare,
1014 2625 1180 2673 qualiter
1209 2635 1280 2672 per

241 2685 324 2722 vias
355 2685 599 2733 supradictas
636 2689 790 2734 oportet
824 2698 999 2732 currere,
1039 2689 1174 2735 utpote
1208 2698 1279 2735 per

240 2748 347 2785 viam
380 2748 524 2796 ruinae,
557 2759 627 2798 per
664 2750 771 2787 viam
801 2750 1037 2798 disciplince,
1071 2760 1142 2798 per
1172 2749 1278 2787 viam

242 2810 442 2848 doctrinae.
473 2813 592 2849 Porro
618 2823 689 2860 per
719 2813 890 2860 primam
923 2814 1077 2860 oportet
1106 2823 1279 2859 currere,

241 2873 393 2910 malum
419 2874 614 2919 odiendo,
641 2874 745 2912 illius
769 2875 973 2923 exemplo,
1001 2875 1050 2912 de
1080 2885 1161 2923 quo
1186 2874 1281 2921 legi-

243 2938 305 2971 tur
332 2936 344 2957 ²·
364 2947 371 2971 :
399 2949 417 2969 «
441 2936 616 2974 Cucurrit
643 2937 786 2983 David,
819 2940 856 2974 et
881 2937 982 2974 stetit
1005 2947 1123 2985 super
1148 2937 1280 2973 Philis-

245 2996 412 3033 thaeum:
435 3012 452 3031 n
481 3009 552 3046 per
581 3010 701 3046 quem
720 2999 975 3047 intelligimus
1007 2999 1279 3036 adversarium

244 3062 423 3095 nostrum
444 3060 665 3099 diabolum.
688 3066 758 3100 Per
777 3063 997 3100 seeundum
1024 3064 1178 3110 oportet
1197 3073 1281 3098 cur·

245 3130 345 3166 rere,
375 3121 527 3159 bonum
553 3125 834 3169 custodiendo,
867 3125 965 3161 sicut
994 3124 1099 3161 illius
1129 3124 1281 3161 canitur

245 3193 342 3219 voce
360 3184 503 3231 psalmi
523 3185 560 3222 ⁵:
584 3198 601 3219 «
625 3186 713 3223 Sine
740 3187 943 3235 iniquitate
964 3187 1136 3232 cucurri,
1159 3190 1196 3224 et
1215 3186 1279 3223 di-

244 3245 352 3282 rexi:
374 3260 392 3280 »
416 3257 588 3294 quorum
608 3249 781 3296 primum
799 3249 965 3298 pertinet
989 3248 1041 3286 ad
1060 3249 1280 3286 custodiam

245 3307 450 3355 bonitatis,
469 3313 647 3358 respectu
666 3311 850 3358 actionis3
873 3312 1092 3348 secundum
1102 3339 1115 3359 ,
1131 3311 1183 3348 ad
1198 3322 1282 3348 cus-

246 3369 396 3407 todiam
414 3371 551 3419 ipsius),
571 3377 750 3421 respectu
769 3373 1008 3411 intentionis.
1030 3374 1118 3411 Sine
1138 3373 1281 3422 iniqui-

292 3452 298 3470 ¹
316 3452 433 3493 Ecclz'.,
453 3462 563 3495 xxxii,
581 3457 632 3487 25.
647 3473 687 3479 —
707 3458 718 3475 ²
737 3460 845 3497 Prota„
865 3466 900 3498 X,
922 3458 971 3488 Π.
988 3473 1026 3479 ·—-
1047 3456 1058 3474 ³
1073 3456 1184 3496 Prov„
1204 3465 1280 3497 xxt,

251 3499 301 3530 16.
324 3515 366 3522 —
393 3500 406 3522 δ
432 3501 442 3531 1
477 3501 568 3543 Κεφ,
603 3511 694 3544 xvii,
727 3506 778 3537 51.
806 3522 847 3528 —
879 3504 892 3525 ⁵
924 3503 1014 3536 Psal.
1046 3511 1151 3544 mni,
1184 3505 1214 3535 5.
1240 3520 1280 3526 —

2318 238 2389 278 361

1364 321 1440 356 tate
1459 329 1633 367 namque
1654 322 1772 358 currit
1798 325 1835 359 et
1854 323 2005 370 dirigit,
2028 323 2096 372 qui
2117 327 2197 361 tam
2216 325 2393 372 actionis,

1363 391 1485 429 quam
1509 381 1733 419 intentionis
1751 383 2010 421 sinceritatem
2030 385 2211 422 custodit.
2234 389 2303 424 Per
2321 389 2392 423 ter-

1363 443 1458 479 tiam
1483 446 1637 491 oportet
1662 455 1838 489 currere‚
1865 457 2003 482 verum
2029 447 2267 494 erudiendo,
2298 448 2396 486 sicut

1364 505 1428 541 ille
1449 505 1636 551 cucurrit,
1663 506 1732 553 qui
1762 506 1859 544 dixit
1878 509 1916 543 ⁶:
1943 521 1961 541 «
1988 511 2089 545 Inter
2117 520 2216 556 quos
2244 510 2393 555 lucetis,

1363 566 1460 603 sicut
1480 567 1691 604 luminaria
1710 568 1751 604 in
1780 569 1932 605 mundo
1946 597 1956 615 ,
1981 569 2150 606 verbum
2169 571 2256 607 vitre
2275 572 2396 609 conti-

1362 630 1497 664 nentes
1514 642 1523 664 :
1546 629 1639 676 quia
1659 640 1740 666 non
1767 630 1807 666 in
1826 641 1997 668 vacuum
2016 632 2190 678 cucurri,
2206 643 2334 680 neque
2355 635 2394 670 in

1361 701 1532 727 vacuum
1561 691 1759 739 laboravi3
1787 706 1805 727 »
1831 693 1944 740 quasi
1971 693 2103 730 dicat:
2130 694 2228 739 Quia
2256 706 2394 732 verum

1363 752 1475 789 dictis
1494 755 1531 790 et
1548 753 1656 790 factis
1674 754 1817 792 utiliter
1838 755 2004 792 erudivi.

1704 859 1888 895 Articulus
1915 862 2054 896 tertius.

1410 942 1606 985 Quantum
1633 941 1684 978 ad
1712 942 1888 988 tertium,
1911 942 2174 980 subinfertur:
2195 945 2280 980 Cum
2296 944 2392 980 dila-

1363 1006 1466 1039 tasti.
1489 1003 1666 1040 Dilatatio
1688 1007 1744 1040 est
1763 1004 1827 1041 ille
1849 1005 1978 1041 cordis
1997 1006 2142 1050 motus,
2162 1017 2242 1053 quo
2263 1017 2395 1043 move·
2414 1023 2458 1049 011
2471 1023 2550 1050 affl,

1362 1067 1423 1102 tur
1443 1065 1492 1102 ab
1510 1066 1684 1102 interiori
1705 1066 1756 1102 ad
1775 1067 1964 1112 exterius,
1985 1066 2049 1104 vel
2070 1067 2120 1104 ab
2146 1067 2322 1104 inferiori
2343 1069 2394 1105 ad
2413 1065 2495 1100 ‘1³1¹-

1362 1128 1563 1175 superius3
1586 1131 1665 1174 aut,
1688 1130 1731 1164 ut
1751 1128 1876 1174 aliter,
1894 1129 1963 1166 sed
1979 1140 2061 1166 non
2082 1129 2191 1166 aliud
2205 1130 2349 1176 dicam,
2372 1142 2395 1167 a

1362 1193 1494 1227 centro
1536 1191 1589 1227 ad
1627 1190 1993 1228 circumferentiam.
2028 1193 2211 1228 Centrum
2247 1192 2394 1240 quippe

1362 1255 1418 1290 est
1437 1252 1598 1289 interius
1620 1255 1657 1289 et
1676 1252 1837 1289 inferius
1856 1257 2036 1302 respectu
2056 1254 2394 1302 circumferemus,

1362 1317 1398 1351 et
1418 1325 1438 1350 e
1456 1325 1645 1352 converso
1662 1318 1791 1362 potest
1822 1316 1922 1361 dici,
1950 1316 2061 1364 quod
2087 1316 2398 1354 circumferentia

1362 1377 1409 1414 sit
1429 1377 1619 1423 exterior,
1640 1377 1704 1414 vel
1726 1378 1920 1425 superior,
1943 1381 2121 1425 respectu
2148 1379 2280 1415 centri.
2303 1379 2396 1416 Huic

1360 1439 1486 1476 motui
1506 1440 1636 1476 cordis
1656 1439 1812 1476 videtur
1831 1450 2051 1477 consonare
2071 1440 2138 1477 ille
2160 1443 2291 1477 motus
2315 1442 2394 1489 spi-

1360 1502 1476 1547 ritus,
1498 1512 1578 1549 quo
1609 1504 1791 1539 movetur
1817 1505 1925 1539 extra
1944 1512 2004 1547 se,
2025 1502 2088 1538 vel
2112 1513 2233 1550 supra
2253 1514 2314 1549 se,
2339 1503 2397 1538 di-

1360 1563 1454 1600 vina
1481 1563 1605 1609 gratia
1632 1564 1763 1611 ipsum
1789 1564 2044 1609 extendente,
2072 1564 2136 1600 vel
2166 1564 2394 1610 extollente3

1361 1629 1398 1662 et
1426 1625 1569 1662 eodem
1597 1625 1794 1662 vocabulo
1813 1629 1978 1662 vocatur
2007 1627 2191 1662 dilatatio.
2212 1626 2278 1662 Hic
2303 1637 2396 1673 pos-

1361 1699 1496 1724 sumus
1523 1690 1685 1732 notare,
1713 1688 1823 1735 quod
1849 1688 2035 1724 Dominus
2060 1687 2196 1725 dilatat
2220 1688 2395 1724 diversos
2457 1703 2555 1730 nmi-

1361 1750 1654 1787 diversimode:
1693 1750 1805 1787 aliter
1839 1750 1944 1787 enim
1980 1750 2117 1787 dilatat
2147 1750 2394 1798 poenitentes,
2415 1744 2552 1811 ἓξὲξ·-

1360 1812 1472 1849 aliter
1489 1812 1762 1860 proficientes,
1787 1812 1899 1849 aliter
1918 1813 2190 1860 pervenientes
2206 1825 2215 1849 :
2245 1813 2395 1860 primos
2416 1825 2452 1852 de
2468 1796 2555 1852 ‘emas-

1355 1875 1633 1923 justificando,
1663 1875 1919 1913 secundarios
1947 1875 2265 1922 magnificand03
2297 1875 2397 1912 alios
2416 1868 2468 1893 ‘ab

1359 1938 1635 1985 glorificando.
1658 1941 1709 1975 De
1737 1938 1866 1985 primo
1895 1938 2037 1974 dicitur
2055 1937 2095 1974 ⁷:
2123 1953 2140 1972 «
2168 1941 2209 1976 In
2234 1938 2395 1975 tribula-

1359 2001 1465 2038 tione
1487 2000 1659 2037 dilatasti
1684 2000 1806 2037 mihi:
1825 2014 1844 2035 »
1868 2011 1957 2037 ecce
1979 1999 2156 2037 dilatatio
2176 2000 2396 2048 pcenitentis

1358 2063 1430 2111 per
1458 2063 1778 2110 justificationem
1815 2066 1851 2099 et
1889 2062 2134 2099 conscientiae
2167 2062 2396 2098 laetificatio-

1358 2136 1469 2172 nem,
1493 2125 1588 2173 quia
1605 2126 1618 2147 ⁸
1649 2137 1667 2159 «
1686 2124 1911 2172 justificatio
1938 2124 2091 2161 Domini
2119 2128 2225 2161 recta
2241 2152 2250 2168 ,
2270 2124 2395 2161 laetifi-

1360 2198 1452 2224 cans
1481 2188 1614 2224 corda.
1644 2201 1662 2222 »
1688 2189 1738 2224 De
1768 2187 1943 2224 secundo
1973 2188 2011 2222 ⁹:
2039 2200 2057 2220 «
2084 2187 2313 2224 Dilataberis
2343 2186 2395 2223 ad

1358 2250 1573 2296 Orientem,
1594 2253 1630 2286 et
1653 2249 1924 2294 Occidentem,
1952 2252 1989 2285 et
2008 2249 2339 2296 Septentrionem,
2360 2253 2396 2285 et

1358 2312 1578 2358 Meridiem,
1598 2325 1616 2347 »
1638 2312 1714 2348 hoc
1741 2314 1816 2357 est,
1846 2311 1898 2348 ad
1927 2311 2131 2359 copiosam
2156 2311 2394 2358 prudentiae,

1354 2375 1533 2421 justitiae,
1559 2374 1819 2419 fortitudinis,
1846 2376 1883 2410 et
1911 2373 2179 2420 temperantiae
2206 2372 2389 2420 frugem:

1358 2447 1448 2474 ecee
1468 2436 1645 2473 dilatatio
1664 2434 1905 2483 proficientis
1924 2445 1996 2482 per
2017 2435 2392 2482 magnificationem.

1362 2501 1412 2535 De
1432 2498 1544 2535 tertio
1565 2497 1615 2533 ¹0:
1645 2510 1663 2530 «
1683 2497 1864 2533 Dilatavit
1883 2496 2053 2543 gloriam
2082 2497 2233 2544 populo
2254 2507 2326 2533 suo
2338 2510 2348 2543 ;
2372 2511 2389 2530 n

1358 2559 1500 2596 dieitur
1530 2559 1578 2596 de
1605 2558 1706 2596 Juda
1730 2558 1974 2604 Machabaeo,
2001 2561 2039 2595 et
2063 2558 2225 2606 mystice
2249 2558 2393 2595 intelli-

1358 2623 1535 2670 gendum
1561 2621 1610 2658 de
1637 2621 1787 2659 Christo
1807 2632 1815 2657 :
1838 2620 1958 2657 sudas
1979 2620 2085 2657 enim
2106 2622 2334 2667 9101·z'ficans,
2357 2624 2394 2657 et

1357 2685 1599 2724 Machabaeus
1626 2688 1814 2731 protegens
1848 2684 2137 2731 interpretatur,
2170 2695 2241 2731 per
2272 2695 2392 2732 quem
2423 2679 2540 2746 ³¹23&-

1358 2749 1599 2796 glorificator
1619 2750 1655 2784 et
1674 2748 1872 2795 protector
1899 2748 2030 2782 noster
2050 2757 2223 2793 congrue
2243 2746 2391 2793 signiti-
2521 2739 2528 2746 ⁰

1358 2814 1490 2849 catur:
1515 2820 1604 2847 ecce
1624 2809 1798 2846 dilatatio
1821 2808 2084 2856 pervenientis
2102 2819 2172 2856 per
2192 2809 2391 2856 glorifica-

1358 2874 1520 2911 tionem.

2446 2636 2460 2662 J
2469 2638 2542 2664 udas

1682 2920 1873 2956 Articulus
1900 2922 2066 2965 quartus.

1405 3000 1600 3043 Quantum
1615 2997 1667 3034 ad
1685 2999 1890 3044 quartum,
1908 2996 2165 3034 subnotatur:
2183 2999 2248 3035 Gor
2263 3009 2388 3034 meum.

1356 3061 1432 3098 Sed
1441 3088 1454 3107 ,
1475 3071 1608 3109 quaeso
1623 3088 1634 3106 ,
1655 3059 1772 3108 quale
1794 3070 1862 3096 cor
1882 3062 2013 3105 tuum,
2033 3060 2144 3107 quod
2165 3059 2235 3096 fuit
2253 3060 2391 3096 dilata-

1356 3122 1454 3160 tioni
1480 3122 1673 3170 praedictae
1706 3123 1956 3168 congruum?
1987 3122 2183 3170 numquid
2217 3121 2391 3158 durum?

1357 3185 1554 3233 numquid
1574 3185 1789 3221 obscurum
1803 3184 1821 3219 ‘t
1842 3183 2039 3232 numquid
2060 3184 2308 3220 invalidum?
2326 3185 2388 3221 Vi—

1357 3248 1498 3284 demus
1517 3247 1643 3293 enim,
1665 3246 1776 3294 quod
1794 3256 1883 3282 cera
1904 3246 2003 3283 dura
2023 3255 2104 3282 non
2125 3245 2309 3282 dilatatur
2336 3247 2388 3283 ad

1357 3309 1640 3357 sigillandum,
1669 3319 1742 3345 nec
1770 3307 1937 3344 candela
1968 3307 2135 3344 extincta
2162 3307 2214 3344 ad
2242 3307 2388 3344 illumi-

1355 3371 1558 3417 nandum,
1585 3381 1658 3407 nec
1688 3381 1831 3407 manus
1855 3369 2030 3406 invalida
2055 3369 2106 3406 ad
2142 3370 2385 3407 notandum.

1355 3456 1369 3477 ⁶
1401 3454 1543 3496 Philip„
1577 3462 1620 3493 Η,
1658 3455 1767 3485 15-16.
1796 3469 1837 3476 —
1863 3453 1876 3474 ⁷
1910 3452 1998 3484 Psal.
2034 3461 2084 3494 tv,
2117 3455 2147 3486 2.
2179 3471 2220 3477 -
2255 3456 2266 3472 ⁸
2300 3455 2385 3487 Psal.

1355 3510 1454 3541 xviii,
1475 3504 1505 3533 9.
1527 3519 1566 3524 -
1583 3502 1595 3517 ²·
1614 3501 1709 3540 Gen„
1727 3507 1850 3541 xxviii,
1875 3501 1922 3532 14.
1944 3517 1985 3524 -
2007 3501 2034 3522 ¹0
2055 3501 2065 3532 l
2089 3500 2214 3542 Maeli„
2238 3509 2290 3541 111,
2313 3504 2342 3534 3.
