2633 3878
277 264 355 302 458

276 352 316 388 in
335 350 518 387 manibus
541 349 741 395 habitum,
767 351 809 386 ut
845 346 1054 396 perditioni
1091 346 1304 383 traditum?

276 424 322 450 ae
341 413 371 449 si
402 415 577 460 patenter
606 412 780 449 diceret:
802 410 943 447 Fidelis
975 412 1030 446 est
1063 408 1196 454 valde,
1235 408 1303 456 qui

276 485 356 512 non
375 474 504 522 perdit
540 474 579 510 in
608 485 692 522 spe,
721 484 842 521 quam
862 472 990 520 perdit
1012 472 1051 508 in
1083 482 1137 507 re.
1161 472 1211 507 De
1234 474 1304 507 ter-

275 537 328 573 tio
350 538 358 557 ¹
382 548 390 572 :
416 549 433 570 «
454 536 633 573 Animam
650 546 780 572 meam
800 535 839 571 in
858 533 1041 570 manibus
1053 533 1150 568 meis
1166 535 1300 580 porto;

275 599 425 636 etiamsi
447 599 632 636 occiderit
651 610 727 644 me,
748 599 788 635 in
823 599 909 646 ipso
939 597 1106 645 sperabo
1121 610 1130 644 3
1146 610 1164 631 n
1189 597 1302 644 quasi

276 662 402 698 dicat:
427 661 614 698 Patienter
650 662 823 698 animam
859 663 974 708 porto
1007 659 1058 696 ad
1077 659 1277 696 victimam
1289 673 1299 706 ;

275 723 466 771 quoniam
486 724 552 760 etsi
574 724 612 760 in
633 726 799 760 mortem
826 722 1023 767 decidam,
1055 722 1229 759 moriens
1249 723 1302 758 ta-

273 796 363 823 men
382 797 462 823 non
483 786 674 823 diffidant.

609 891 797 926 Articulus
824 892 963 926 tertius.

321 975 445 1011 Vitam
484 973 726 1022 spiritualem
772 972 1069 1010 custodiendam
1119 971 1299 1016 innuens,

274 1036 396 1073 dicit:
419 1037 541 1081 Leqem
569 1040 681 1081 tuam,
712 1035 752 1072 id
782 1037 850 1080 est,
883 1034 1053 1080 legalem
1084 1033 1299 1069 observan-

273 1099 365 1135 tiam
391 1110 398 1133 ε
416 1109 505 1146 quae
521 1101 575 1134 est
590 1097 695 1134 enim
713 1097 792 1133 vita
807 1095 1032 1144 spiritualis,
1068 1095 1142 1132 nisi
1177 1097 1300 1131 custo-

273 1160 338 1197 dia
358 1159 495 1206 legalis
509 1160 527 1194 ἱ)
544 1162 584 1196 Et
604 1162 709 1205 nota,
744 1159 855 1206 quod
888 1158 1027 1204 legalis
1049 1157 1300 1194 observantia

271 1233 350 1258 non
384 1221 554 1258 absurde
594 1221 734 1257 dicitur
771 1220 981 1269 spiritualis
1020 1219 1110 1265 vita,
1149 1219 1299 1256 ratione

271 1284 458 1332 tripartita
482 1296 489 1320 :
513 1283 607 1331 quia
635 1283 824 1331 parvulos
860 1284 1013 1329 vegetat
1024 1296 1033 1328 ;
1075 1281 1168 1329 quia
1204 1281 1299 1318 ado-

270 1347 458 1382 lescentes
503 1348 752 1392 augmentat3
799 1344 894 1392 quia
942 1344 1098 1381 adultos
1136 1343 1296 1391 quietat.

270 1411 366 1445 Nam
392 1407 548 1455 parvuli
580 1407 708 1453 legem
742 1409 898 1454 potant,
934 1406 1203 1443 adolescentes
1240 1405 1298 1441 di-

269 1470 403 1515 latant,
425 1469 549 1506 adulti
568 1469 800 1506 heredItant.
826 1471 875 1505 De
894 1468 1023 1516 primo
1043 1469 1056 1489 ²
1080 1480 1087 1503 :
1115 1482 1130 1500 «
1151 1470 1225 1504 Lex
1243 1478 1299 1504 sa-

270 1532 424 1579 pientis,
455 1531 543 1568 fons
570 1531 658 1568 vitre
681 1543 688 1565 :
709 1545 725 1565 n
759 1541 847 1567 ecce
875 1530 938 1567 lex
969 1532 1147 1578 potantes
1177 1540 1296 1576 vege-

270 1597 366 1630 tans.
387 1595 435 1630 De
449 1593 624 1630 secundo
647 1593 828 1630 scribitur
847 1594 860 1615 ³
883 1605 891 1629 :
919 1592 1099 1638 «Vivam,
1122 1592 1217 1640 quia
1235 1591 1298 1628 lex

269 1660 336 1692 tua
356 1655 558 1693 meditatio
579 1667 669 1692 mea
688 1658 745 1692 est
766 1667 774 1692 ε
798 1670 814 1688 »
840 1666 929 1692 ecce
957 1655 1021 1691 lex
1052 1654 1296 1698 meditantes,

270 1721 305 1754 et
321 1718 551 1755 meditando
563 1718 771 1754 dilatantes
784 1719 1056 1763 augmentans.
1073 1718 1123 1753 De
1134 1716 1245 1753 tertio
1260 1717 1273 1738 ⁴
1287 1729 1295 1752 :

273 1794 290 1813 «
309 1781 451 1827 Legem
467 1780 555 1817 vitae
573 1779 805 1816 hereditavit
824 1790 903 1823 eos,
917 1793 934 1813 ι)
951 1778 1095 1816 seilicet
1118 1780 1298 1826 parentes

269 1843 418 1890 primos
441 1855 450 1879 :
473 1852 561 1880 ecce
581 1842 644 1879 lex
663 1841 924 1878 hereditantes
947 1841 1138 1888 quietans.

587 1948 776 1983 Articulus
803 1950 963 1993 quartus.

315 2030 439 2067 Vitam
474 2030 671 2075 eamdem,
710 2030 892 2067 videlicet
927 2030 1185 2078 spiritualem,
1217 2042 1298 2069 non

267 2092 514 2140 perdendam
536 2094 727 2138 astruens,
759 2092 886 2140 inquit
909 2105 917 2128 :
940 2094 1020 2130 Non
1047 2104 1123 2129 sum
1153 2094 1297 2141 oblitus,

268 2154 379 2202 quasi
401 2154 503 2191 dieat
523 2167 531 2191 :
554 2154 751 2192 Oblivioni
783 2165 865 2191 non
902 2155 1064 2201 tradidi,
1102 2155 1197 2203 quia
1216 2167 1298 2193 non

267 2216 453 2264 perdidi:
477 2217 667 2264 quoniam
700 2217 800 2253 illud
838 2220 895 2254 est
933 2218 1153 2265 perditum,
1187 2219 1298 2265 quod

268 2282 323 2316 est
353 2279 544 2316 oblivioni
587 2278 787 2315 traditum.
829 2281 871 2315 Et
908 2281 1016 2324 nota,
1052 2279 1164 2326 quod
1200 2279 1298 2326 legis

267 2340 371 2377 illius
391 2351 471 2377 non
503 2340 623 2376 debes
653 2340 901 2387 aliquatenus
929 2351 1010 2377 esse
1038 2341 1197 2386 oblitus,
1228 2352 1298 2389 per

268 2414 388 2450 quarn
405 2402 606 2449 judicaris,
635 2402 872 2448 justificaris,
907 2402 1086 2448 salvariS,
1118 2403 1297 2440 median-

269 2464 370 2501 tibus
389 2464 510 2512 ipsius
528 2463 699 2510 judiciis,
729 2464 1090 2511 Justificationibus,
1122 2468 1158 2501 et
1185 2476 1295 2501 man-

267 2526 380 2563 datis.
402 2528 453 2563 De
471 2526 600 2573 primo
620 2526 741 2562 debes
772 2526 901 2563 dicere
923 2538 1014 2563 cum
1037 2527 1231 2575 Propheta
1253 2528 1267 2550 ⁵
1285 2539 1293 2563 :

272 2589 417 2626 «Viam
447 2588 615 2625 veritatis
647 2588 747 2635 elegi
770 2588 947 2635 :judicia
985 2592 1052 2626 tua
1088 2600 1168 2626 non
1208 2601 1295 2626 sum

267 2651 424 2688 oblitus.
446 2665 462 2685 »
509 2653 557 2687 De
592 2651 765 2687 secundo
817 2651 938 2688 debes
984 2651 1152 2698 psallere
1206 2663 1296 2689 cum

269 2713 469 2750 psalmista
485 2714 498 2735 ⁸
519 2725 527 2749 ε
555 2725 572 2746 ι(
591 2713 915 2749 Adolescentulus
934 2724 1021 2750 sum
1035 2725 1122 2760 ego,
1145 2717 1182 2750 et
1202 2725 1296 2751 con-

268 2778 435 2823 temptus
455 2788 463 2811 :
483 2775 779 2821 justificationes
804 2778 887 2812 tuas
898 2786 979 2812 non
995 2787 1082 2812 sum
1097 2776 1257 2813 oblitus.
1274 2790 1293 2811 »

269 2837 317 2872 De
334 2837 447 2873 tertio
472 2846 566 2873 vero
595 2837 717 2874 debes
735 2841 890 2873 cantare
924 2849 1014 2874 eum
1046 2838 1294 2885 psalmogra-

266 2898 346 2945 pho
365 2899 378 2920 7
403 2910 410 2934 :
439 2911 455 2931 a
474 2900 606 2943 Quaere
639 2909 795 2934 servum
830 2903 953 2944 tuum,
989 2900 1164 2946 Domine,
1202 2901 1295 2948 quia

266 2959 454 2996 mandata
477 2962 544 2996 tua
562 2970 643 2996 non
662 2971 750 2996 sum
770 2961 926 2998 oblitus
956 2975 973 2995 »

699 3066 868 3108 Epilogus.

314 3147 373 3184 Ait
391 3157 485 3194 ergo
502 3146 707 3195 Propheta,
728 3150 916 3194 tanquam
935 3157 1104 3194 persona
1126 3149 1165 3184 in
1202 3149 1295 3186 fidei

268 3210 476 3246 certamine
496 3209 714 3254 constituta,
732 3209 853 3245 vitam
867 3219 1020 3257 ponens
1032 3211 1294 3248 transitoriam

266 3281 339 3318 pro
357 3273 501 3308 aeterna
522 3283 530 3307 :
551 3272 688 3307 Anima
722 3282 812 3316 mea,
833 3271 874 3308 id
894 3274 963 3318 est,
1000 3271 1181 3309 animalis
1214 3273 1295 3309 vita

267 3343 347 3370 non
376 3333 634 3370 custodienda
666 3334 867 3381 parcendo
878 3347 889 3381 3
927 3336 971 3370 In
1006 3335 1171 3371 manibus
1208 3337 1295 3372 meis

315 3465 320 3480 ¹
342 3461 413 3501 Job,
435 3470 511 3502 xm,
539 3464 587 3495 ii.
613 3481 645 3485 -
669 3464 679 3481 ²
701 3463 810 3502 Proin,
837 3472 916 3502 xiii,
946 3468 989 3496 tt.
1013 3483 1050 3488 —
1075 3465 1194 3498 31ἰ·αΙ.
1217 3466 1295 3503 hoc,

967 255 1240 298 EXPOSITIO
1269 256 1322 298 IN
1353 257 1703 302 PSALTERIUM.

1376 359 1524 396 semper,
1544 352 1733 399 tanquam
1762 353 1966 400 perdenda
1986 353 2196 400 patiend03
2228 356 2273 390 Et
2296 357 2402 401 legem

1380 415 1492 458 tuam,
1513 413 1553 449 id
1574 416 1642 459 est,
1662 414 1828 460 legalem
1863 415 1998 460 vitam,
2037 426 2117 452 non
2156 416 2401 463 perdendam

1380 473 1603 521 diffitend03
1636 478 1716 514 Non
1748 487 1823 513 sitm
1859 478 2014 523 oblicus,
2056 481 2245 525 tanquam
2274 481 2401 514 custo-

1380 535 1491 572 diens
1511 538 1748 574 confitendo.

1736 685 1953 713 VERSICULUS
1978 687 2055 713 XIV.

1428 792 1506 826 110.
1549 791 1747 827 Posuerunt
1780 794 1980 837 peccatores
2012 793 2176 837 laqueum
2196 792 2299 836 mihi,
2331 793 2403 828 ete.

1378 855 1501 899 Quem
1516 854 1567 891 ad
1581 855 1750 892 modum
1774 856 1954 902 agonizat
1973 856 2103 893 fidelis
2123 856 2255 893 anima
2272 858 2408 893 contra

1376 919 1569 954 tormenta
1579 918 1781 965 tyrannica
1791 929 1863 966 pro
1874 919 1966 955 fidei
1980 918 2126 965 Justitia
2137 919 2404 965 contestanda3

1376 978 1416 1014 in
1437 979 1620 1016 eumdem
1650 981 1816 1017 modum
1857 981 2048 1017 adversus
2077 983 2310 1027 argumenta
2347 992 2407 1018 so-

1376 1040 1538 1087 phistica
1556 1052 1627 1089 pro
1646 1042 1811 1089 perfidia
1832 1042 2084 1079 confutanda.
2109 1042 2209 1079 Talis
2228 1043 2406 1089 agonista

1377 1102 1530 1139 videtur
1550 1103 1588 1139 in
1609 1103 1682 1139 hac
1701 1107 1809 1151 parte
1831 1104 2044 1150 l'salmista,
2085 1103 2183 1140 sicut
2215 1106 2321 1152 patet
2357 1115 2406 1142 ex

1376 1168 1546 1212 quatuor
1565 1166 1751 1202 contentis
1782 1166 1821 1202 in
1860 1169 1994 1203 tenore
2027 1177 2163 1203 versus
2190 1167 2405 1214 praesentis,

1376 1238 1463 1274 quae
1480 1229 1569 1263 sunt
1589 1227 1783 1264 obviantis
1806 1228 1973 1271 fallacia,
2006 1228 2178 1265 veritatis
2215 1239 2406 1277 apparen—

1375 1289 1439 1335 tia,
1460 1289 1635 1326 salsitatis
1652 1290 2046 1337 latentia,judieantis
2066 1292 2217 1339 peritia.
2235 1292 2406 1330 Fallacia

1375 1352 1536 1399 quidem
1562 1353 1829 1399 componitur;
1853 1353 2081 1401 apparentia
2102 1354 2403 1402 superponitur3

1374 1414 1531 1450 latentia
1559 1414 1852 1462 subterponitur
1861 1428 1871 1462 3
1893 1415 1961 1451 sed
1979 1415 2403 1464 peritiainterponitur.

1374 1475 1469 1512 Dicit
1495 1486 1589 1523 ergo
1610 1477 1937 1525 Psalmographus
1960 1489 1968 1514 :
1991 1480 2202 1524 Posuerunt,
2241 1479 2329 1524 etc„
2360 1489 2404 1515 ac

1373 1538 1405 1574 si
1433 1538 1578 1575 diceret
1595 1539 1836 1576 manifestius
1857 1552 1867 1574 ε
1891 1542 2104 1577 posuerunt
2124 1542 2405 1588 componentes

1372 1600 1582 1647 fallaciam,
1633 1602 1917 1649 apparentIam,
1954 1602 2295 1650 superlateutiam3
2335 1604 2404 1640 sed

1372 1673 1453 1700 non
1468 1663 1594 1700 erravi
1630 1666 1790 1711 propter
1823 1664 2030 1710 judicandi
2065 1665 2257 1712 peritiam.

1704 1769 1889 1803 Articulus
1918 1769 2070 1814 primus.

1423 1851 1596 1887 Primum
1626 1850 1746 1897 igitur
1769 1852 1973 1896 annotans,
2014 1850 2091 1887 ait:
2114 1852 2341 1888 Peccatores:
2363 1852 2404 1889 hi

1373 1916 1463 1950 sunt
1480 1912 1674 1949 mendacii
1713 1912 1980 1958 fabricatores,
2002 1923 2071 1949 seu
2104 1912 2268 1950 fallaciae
2299 1924 2406 1951 com·

1371 1975 1578 2022 positoreS,
1630 1985 1731 2022 quos
1768 1974 1925 2011 voc-avit
1975 1974 2136 2011 nomine
2173 1976 2403 2023 peccatoris,

1371 2037 1532 2082 propter
1551 2037 1755 2082 peceatum
1785 2033 1975 2070 simulatae
2003 2034 2189 2077 veritatis,
2221 2034 2404 2072 dissimu-

1371 2097 1459 2133 latae
1478 2096 1667 2142 salsitatis,
1694 2096 1923 2144 praestolatae
1960 2096 2214 2134 infidelitatis.
2236 2097 2344 2135 Tales
2362 2097 2404 2134 in

1372 2159 1508 2204 aperto
1545 2156 1690 2193 lactant
1727 2167 1797 2203 per
1829 2155 2000 2192 veritatis
2040 2156 2309 2203 apparentiam
2320 2169 2331 2204 3
2363 2157 2404 2193 in

1372 2218 1526 2255 occulto
1551 2218 1734 2264 sagittant
1752 2229 1823 2265 per
1852 2217 2027 2255 falsitatis
2059 2217 2260 2263 latentiam
2269 2231 2280 2265 3
2314 2229 2404 2266 per-

1371 2281 1561 2317 ditionem
1602 2282 1807 2327 expectant
1845 2290 1916 2326 per
1961 2279 2054 2316 fidei
2092 2280 2311 2316 victoriam.
2350 2282 2402 2317 De

1370 2343 1498 2390 primo
1517 2341 1531 2362 ⁸
1552 2355 1560 2378 z
1586 2355 1604 2375 «
1624 2342 1707 2378 Filii
1726 2342 1792 2385 mi,
1812 2342 1841 2377 si
1856 2344 1891 2378 te
1910 2341 2138 2378 lactaverint
2159 2345 2398 2389 peccatores,

1370 2415 1419 2442 ne
1434 2404 1657 2452 acquiescas
1678 2404 1754 2450 eis3
1771 2417 1788 2438 »
1813 2415 1858 2440 ac
1878 2404 1908 2439 si
1930 2407 2061 2451 aperte
2085 2403 2206 2440 dicat:
2229 2403 2266 2441 Si
2287 2403 2400 2441 falla-

1371 2467 1438 2503 ciae
1466 2466 1748 2514 compositores
1781 2469 1815 2503 te
1847 2466 2074 2503 lactaverint
2104 2477 2174 2514 per
2208 2477 2400 2514 apparen-

1370 2529 1464 2566 tiam
1484 2529 1668 2573 veritatiS,
1694 2539 1744 2565 ne
1765 2528 1992 2576 acquiescas
2011 2528 2065 2564 eis
2084 2530 2245 2576 propter
2280 2528 2402 2565 laten-

1370 2592 1463 2627 tiam
1481 2591 1671 2628 falsitatis.
1692 2593 1741 2627 De
1767 2590 1942 2627 secundo
1972 2590 2154 2627 scribitur
2170 2591 2183 2612 ⁹
2205 2601 2213 2627 :
2235 2592 2401 2628 «Pecca-

1370 2658 1473 2691 tores
1498 2653 1749 2690 intenderunt
1783 2663 1934 2698 arcum,
1972 2655 2211 2700 paraverunt
2244 2652 2401 2699 sagittas

1369 2727 1459 2753 suas
1474 2716 1516 2752 in
1530 2716 1726 2763 pharetra,
1750 2717 1792 2751 ut
1812 2715 1993 2761 sagittent
2025 2715 2066 2750 in
2086 2715 2256 2751 obscuro
2276 2717 2401 2752 rectos

1370 2778 1501 2815 corde.
1523 2780 1783 2814 »Peccatores
1810 2788 1944 2814 arcum
1972 2776 2190 2822 intendunt,
2214 2776 2310 2812 dum
2326 2775 2399 2813 fal-

1369 2840 1476 2877 laciae
1513 2839 1797 2887 compositores
1831 2838 2088 2886 sophisticum
2124 2840 2399 2885 argumentum

1368 2901 1639 2949 praetendunt3
1662 2902 1822 2948 sagittas
1845 2902 1885 2937 in
1900 2901 2086 2948 pharetra
2115 2901 2267 2948 parant,
2302 2899 2398 2936 dum

1370 2974 1527 3000 causam
1547 2963 1722 3000 falsitatis
1743 2963 1816 2999 sub
1834 2962 2064 3010 apparentia
2083 2961 2254 2999 veritatis
2269 2961 2398 2998 occul-

1369 3028 1451 3062 tant
1463 3038 1474 3072 ;
1496 3026 1566 3062 sed
1584 3028 1711 3062 rectos
1732 3025 1851 3062 corde
1884 3024 2078 3071 sagittant,
2094 3035 2183 3060 cum
2199 3027 2302 3061 recte
2316 3034 2398 3060 cre-

1370 3087 1505 3124 dentes
1542 3087 1582 3124 in
1614 3098 1788 3124 errorem
1823 3086 2080 3134 praecipitant.
2120 3088 2170 3122 De
2207 3085 2395 3122 terti010:

1373 3152 1465 3187 «Me
1504 3152 1812 3198 expectaverunt
1844 3152 2089 3197 peccatores,
2121 3152 2163 3185 ut
2191 3148 2398 3196 perderent

1369 3223 1432 3249 me
1454 3224 1462 3249 :
1485 3226 1504 3247 »
1528 3212 1582 3248 sic
1595 3214 1813 3260 expectant,
1840 3211 1908 3259 qui
1940 3211 2103 3259 perdere
2123 3210 2217 3247 fidei
2238 3209 2397 3246 firmita—

1370 3277 1446 3310 tem
1467 3274 1661 3311 affectant.

1370 3389 1419 3419 Π.
1436 3404 1475 3409 -—
1495 3388 1508 3409 ⁴
1527 3388 1643 3427 Ecclz'.,
1665 3395 1758 3426 Χτιι,
1780 3389 1808 3419 9Δ
1831 3404 1866 3408 ψ-
1894 3388 1904 3405 ⁵
1930 3386 2016 3416 I‘sal.
2039 3386 2117 3424 hoc,
2137 3385 2189 3416 30.
2210 3401 2248 3406 —-
2271 3384 2283 3405 ⁶
2298 3384 2396 3425 ibid„

1374 3436 1441 3465 itt.
1459 3452 1499 3457 —
1519 3435 1795 3476 7tbid.‚t'1'ti.—
1812 3435 1825 3456 ⁸
1847 3435 1955 3471 Prov„
1980 3442 2001 3472 1,
2026 3435 2073 3463 ιθ.
2089 3449 2128 3455 -
2145 3433 2156 3448 ²¹
2177 3431 2266 3462 1150),
2289 3440 2320 3468 x,
2348 3435 2393 3464 Ιιι.

1372 3499 1405 3503 -
1432 3483 1456 3504 ¹⁰
1472 3482 1562 3514 Psul.
1584 3482 1662 3522 hoc,
1683 3483 1733 3514 95.
