2633 3878
668 427 1150 500 EXPOSITIO
1212 426 1306 499 IN
1365 425 1945 498 PSALTERIUM

1223 626 1411 640 —-§

1079 804 1542 854 ARGUMENTUM

1145 919 1215 965 (Eae
1233 918 1319 955 edit.
1340 916 1477 963 Vatia.)

313 1048 522 1093 Sanctum
553 1046 907 1088 Bonaventuram
925 1076 935 1096 ,
964 1044 1120 1101 praeter
1152 1039 1262 1094 alia,
1297 1052 1396 1097 quae
1423 1037 1644 1098 plurima,
1674 1040 1717 1079 et
1748 1035 1983 1091 doctrinae,
2016 1040 2058 1080 et
2087 1035 2260 1095 pietatis
2286 1050 2373 1082 suae

256 1129 537 1170 monumenta
569 1121 694 1166 nobis
718 1121 772 1179 (a)
806 1119 1008 1177 reliquit,
1033 1118 1079 1160 in
1112 1115 1372 1160 Psalterium
1405 1115 1534 1158 etiam
1566 1113 1744 1157 brevem
1779 1112 2095 1172 expositionem
2129 1113 2376 1172 scripsisse,

254 1207 522 1261 compertum
555 1205 631 1244 est.
661 1198 796 1257 Cujus
827 1211 955 1256 porro
982 1193 1262 1254 expositionis
1291 1191 1514 1251 exemplar
1540 1195 1692 1244 vetus,
1722 1205 1856 1233 manu
1888 1195 2143 1246 exaratum,
2168 1197 2379 1250 tanquam

254 1279 512 1339 praeclarum
534 1292 696 1320 munus
716 1275 838 1318 Sixto
858 1273 1020 1325 Quinto
1035 1307 1045 1327 ,
1066 1271 1269 1315 Pontifici
1296 1269 1516 1323 Maximo,
1539 1282 1592 1311 ex
1611 1266 1820 1310 IIetruria
1850 1267 2035 1311 allatum
2051 1302 2061 1321 ,
2091 1268 2138 1310 in
2156 1268 2380 1327 Typogra-

256 1357 355 1415 phia
386 1355 623 1408 Vaticana,
659 1353 712 1396 ab
752 1367 801 1395 eo
832 1351 1056 1404 instituta,
1094 1348 1211 1392 unde
1250 1346 1361 1391 sacri
1397 1345 1604 1400 Codices,
1645 1343 1993 1403 Sanctorumque
2028 1344 2210 1388 Patrum
2248 1359 2382 1404 opera

255 1448 387 1493 quam
416 1430 763 1476 emendatissima
794 1427 1031 1488 prodeant,
1063 1425 1227 1485 placuit
1257 1438 1346 1468 una
1370 1437 1470 1467 cum
1502 1421 1667 1465 caeter‘rs
1696 1420 1817 1464 illius
1853 1421 2236 1466 lucubrationibus
2265 1427 2380 1468 recte

254 1511 493 1568 ordineque
511 1507 733 1567 imprimi,
756 1510 887 1563 atque
908 1503 1008 1547 inde
1029 1502 1169 1547 emitti
1199 1502 1251 1545 ad
1281 1500 1515 1545 Catholicae
1545 1498 1746 1543 Ecclesiae
1774 1512 1921 1541 usum.
1956 1498 2032 1542 Est
2050 1513 2180 1557 porro
2212 1499 2381 1559 exposi-

255 1587 384 1632 tionis
404 1586 537 1644 hujus
552 1585 663 1628 liber
683 1598 784 1627 sane
804 1580 1083 1641 hujusmodi,
1106 1579 1282 1638 qualem
1303 1577 1426 1621 illius
1443 1580 1664 1620 auctorem
1682 1610 1692 1631 ,
1715 1575 1861 1634 ipsum
1882 1580 2081 1619 sanctum
2099 1576 2382 1621 Bonaventu-

255 1680 366 1720 ram,
388 1664 614 1707 Doctorem
635 1667 677 1705 et
696 1659 1000 1719 Seraphicum,
1024 1662 1066 1701 et
1085 1656 1324 1716 sapientem
1342 1690 1353 1710 ,
1377 1655 1674 1713 devotumque
1693 1659 1962 1710 agnoscunt,
1985 1658 2116 1712 atque
2147 1654 2256 1698 adeo
2282 1654 2381 1713 p'ro-

257 1743 438 1787 fitentur
456 1738 703 1797 gravissimi
724 1737 808 1780 viri
828 1771 837 1791 ,
859 1736 937 1795 qui
957 1736 1066 1778 bene
1101 1733 1318 1789 sentiunt,
1341 1732 1550 1790 illiusque
1580 1745 1761 1790 operum
1782 1746 1862 1773 usu
1895 1731 2084 1775 litterate
2112 1732 2240 1790 periti
2260 1737 2377 1776 sunt.

256 1820 352 1865 Jam
373 1833 476 1863 vero
495 1817 684 1861 Joannes
702 1815 865 1869 Gerso,
891 1813 962 1857 cui
985 1812 1174 1856 multum
1196 1825 1366 1869 semper
1400 1809 1616 1852 tributum
1648 1813 1739 1863 est,
1771 1807 1814 1851 id
1843 1808 2162 1852 Bonaventurae
2190 1809 2383 1853 testimo-

258 1898 382 1942 nium
403 1896 499 1950 dat,
522 1899 571 1938 ut
591 1893 710 1937 salva
728 1906 829 1950 pace
850 1890 1039 1934 aliorum
1060 1889 1294 1932 Doctorum
1311 1921 1322 1943 ,
1344 1886 1531 1941 dixerit,
1553 1885 1682 1928 illum
1706 1884 1895 1928 maxime
1917 1884 2123 1928 idoneum
2146 1900 2236 1929 esse
2254 1920 2264 1940 ,
2286 1891 2382 1930 tum

257 1976 309 2020 ad
342 1971 657 2018 illuminandas
687 1983 776 2013 suae
811 1967 1017 2012 doetrinae
1046 1966 1143 2009 luce
1175 1964 1406 2008 hominum
1446 1968 1641 2017 mentes,
1683 1966 1778 2005 tum
1817 1961 2013 2020 pietatis,
2051 1962 2390 2021 devotionisque

257 2052 411 2095 ardore
432 2047 768 2094 inflammandos
797 2045 1008 2089 salutares
1035 2042 1171 2086 animi
1200 2042 1393 2085 affectus.
1423 2039 1615 2092 «Multi,
1653 2038 1799 2097 inquit
1819 2038 2109 2094 Trithemius,
2140 2039 2381 2083 doctrinam

260 2129 487 2187 proferunt
507 2144 516 2180 3
539 2125 815 2169 devotionem
836 2122 1070 2180 praedicant
1090 2119 1243 2173 multi;
1265 2118 1408 2177 pauci,
1435 2116 1661 2160 scribendo
1682 2116 1833 2170 libros,
1858 2115 2103 2159 docuerunt
2122 2121 2379 2175 utramque3

258 2207 568 2249 Bonaventura
589 2206 762 2245 sanctus
783 2205 824 2243 et
843 2199 1004 2242 multos
1034 2195 1277 2255 superavit,
1301 2200 1343 2237 et
1374 2208 1533 2251 paucos
1551 2227 1561 2247 ,
1592 2193 1695 2236 dum
1725 2192 1819 2251 ejus
1852 2192 2049 2235 doctrina
2078 2192 2380 2250 devotionem,

260 2281 432 2326 devotio
465 2279 642 2323 instruit
673 2276 930 2321 doctrinam.
957 2291 979 2316 ))
1009 2273 1075 2316 Ex
1103 2273 1182 2316 hac
1214 2272 1350 2329 igitur
1375 2269 1578 2313 Psalterii
1605 2269 1872 2327 expositione
1905 2283 1997 2311 rem
2029 2275 2261 2329 utramque
2292 2270 2384 2314 ani-

261 2358 474 2403 madverti
501 2357 630 2400 licet:
661 2369 762 2398 nam
794 2368 892 2396 cum
925 2352 1054 2411 plena
1082 2354 1144 2393 est
1175 2349 1472 2393 doctrinarum
1498 2347 1625 2401 loeis,
1659 2346 1821 2404 quihus
1848 2345 2151 2390 haereticorum
2184 2347 2383 2406 impietas

260 2436 383 2480 facile
409 2433 714 2490 redarguitur3
740 2436 831 2473 tum
853 2428 1124 2472 documentis
1151 2426 1368 2480 abundat,
1392 2424 1554 2483 quibus
1585 2422 1784 2466 fidelium
1815 2423 1952 2466 animi
1981 2423 2028 2467 in
2063 2439 2213 2468 omnes
2243 2432 2384 2484 partes

259 2513 502 2556 excitantur
541 2510 594 2553 ad
629 2508 735 2566 legis
773 2507 935 2550 divinae
972 2504 1338 2558 meditationem,
1378 2499 1710 2558 devotionisque
1747 2499 1958 2543 studium.
1999 2500 2054 2544 Et
2092 2516 2223 2558 vero,
2265 2502 2383 2561 quod

261 2590 449 2634 maxime
487 2588 540 2631 ad
577 2592 737 2630 rectam
779 2583 993 2644 psallendi
1031 2581 1244 2625 rationem
1282 2578 1527 2638 plurimum
1569 2576 1813 2635 adjumenti
1847 2576 1997 2633 affert,
2027 2577 2087 2621 ita
2118 2578 2164 2621 in
2197 2579 2383 2622 Psalmis

262 2665 526 2725 exponendis
544 2663 717 2721 singula
736 2663 772 2705 is
790 2666 927 2716 notat,
950 2666 999 2703 ut
1018 2657 1421 2716 interpretationem
1444 2658 1697 2713 perpetuam
1728 2653 1957 2710 adhibeat,
1990 2655 2106 2699 unde
2131 2655 2379 2714 psallentiS,

262 2749 337 2787 aut
355 2742 536 2800 legentis
557 2756 678 2784 mens
697 2739 869 2783 incendi
896 2737 1027 2796 possit
1046 2770 1056 2791 ,
1079 2750 1167 2778 non
1190 2733 1320 2777 modo
1339 2732 1392 2776 ad
1415 2731 1720 2787 cogitationem
1736 2763 1747 2784 ,
1770 2729 1843 2772 sed
1876 2730 2007 2773 etiam
2037 2731 2091 2774 ad
2117 2731 2379 2776 desiderium

261 2820 383 2863 illius
410 2817 631 2862 imitandae
664 2815 839 2859 virtutis
858 2849 868 2869 ,
899 2828 1032 2872 quam
1062 2811 1341 2855 Psalmorum
1376 2807 1662 2866 explicatione
1703 2806 1793 2864 ipse
1825 2805 1962 2849 docet.
1999 2807 2053 2850 Et
2084 2808 2292 2867 quoniam
2325 2809 2380 2853 ad

263 2896 507 2941 officiorum
531 2894 783 2938 divinorum
806 2906 952 2951 preces
971 2888 1176 2933 dicendas
1197 2885 1511 2930 attentissimus
1530 2882 1978 2942 diligentissimusque
1997 2883 2105 2939 fuit,
2127 2884 2171 2928 id
2192 2885 2380 2929 maxime

263 2973 456 3029 studuit,
480 2978 554 3026 ut,
578 2986 677 3014 cum
699 2985 782 3013 usu
802 2969 943 3022 venit,
966 2981 1119 3010 eorum
1151 2965 1262 3008 ritus
1290 2961 1584 3021 mysteriaque
1606 2959 1839 3018 explicaret
1868 2959 2106 3019 aliquando
2135 2961 2240 3020 ipsis
2268 2962 2382 3021 psal-

265 3051 369 3105 mis,
392 3065 445 3093 ex
473 3048 634 3108 quihus
662 3045 899 3106 praesertim
935 3059 1092 3101 magna
1123 3042 1303 3093 illorum
1335 3053 1433 3098 pars
1474 3042 1655 3080 constat.
1691 3036 1765 3079 Est
1795 3036 1876 3080 hoc
1903 3037 2038 3080 sancti
2058 3038 2380 3084 Bonaventurae

267 3127 511 3187 proprium,
535 3131 584 3169 ut
609 3124 752 3168 verbis
785 3121 1020 3166 admodum
1049 3119 1194 3163 brevis
1222 3117 1277 3160 sit
1288 3134 1298 3172 3
1329 3122 1372 3160 at
1396 3129 1544 3158 rerum
1575 3112 1979 3172 sententiarumque
1999 3115 2380 3174 comprehensione

265 3204 528 3248 uberrimus.
552 3203 703 3260 Itaque
721 3235 731 3256 ,
754 3201 832 3243 etsi
852 3198 983 3241 incise
1002 3232 1012 3252 ,
1034 3194 1379 3252 commaticoque
1408 3205 1566 3248 genere
1587 3189 1802 3233 scribendi
1823 3189 1979 3246 utitur,
2003 3196 2213 3251 apparent
2234 3196 2379 3235 tamen

265 3281 352 3324 fere
378 3281 424 3324 in
456 3279 641 3338 singulis
671 3278 814 3322 verbis
843 3275 1025 3333 singulae
1058 3271 1309 3326 sententiae,
1342 3274 1474 3327 atque
1505 3267 1611 3311 adeo
1647 3266 1822 3323 singula
1851 3267 2083 3325 mysteria:
2107 3267 2159 3311 de
2188 3267 2375 3326 quibus,

265 3357 514 3401 scholastico
544 3371 688 3411 more,
716 3354 913 3399 distincte
935 3387 946 3408 ,
982 3348 1284 3402 membratim,
1313 3351 1443 3404 atque
1483 3343 1729 3388 illuminate
1754 3342 1871 3387 dicit.
1910 3343 1958 3386 Id
1990 3344 2213 3403 perspicue
2241 3344 2381 3388 mani-

267 3433 425 3477 festum
461 3438 522 3476 est
552 3434 597 3476 in
630 3433 710 3478 hac
740 3433 832 3492 ipsa
863 3428 1188 3490 explanatione,
1217 3438 1316 3484 quae
1345 3436 1435 3467 non
1471 3419 1600 3466 modo
1633 3419 1908 3466 locutionum
1941 3420 2108 3476 forma,
2143 3420 2217 3465 sed
2247 3420 2379 3466 etiam

310 3545 354 3587 (a)
375 3545 468 3578 Edit.
492 3545 564 3578 Vat.
585 3546 624 3578 is.
