2633 3878
266 290 341 329 5504

265 376 413 412 dictum
432 375 649 417 fervorem,
665 371 774 419 quod
796 371 986 419 triplicem
1006 371 1123 407 debet
1142 370 1287 407 habere

264 436 549 480 conditionem3
581 433 725 470 scilicet
751 433 1036 478 reversionem,
1064 432 1287 469 conversio-

263 509 373 542 nem,
406 501 441 534 et
471 495 682 534 confitendi
715 495 1041 542 conceptionem:
1070 497 1113 530 ut
1138 494 1285 530 malum

262 562 534 607 postponatur,
549 558 700 595 bonum
714 560 977 605 przrponatur,
993 556 1184 593 confessio
1200 565 1287 603 pro—

262 624 444 668 ponatur.
466 620 593 656 Prima
613 619 785 656 conditio
812 618 974 654 traditur
993 619 1002 640 ³
1021 629 1028 653 ι
1057 631 1074 651 «
1092 617 1128 654 Si
1148 618 1186 654 in
1207 620 1286 654 toto

263 683 379 721 corde
421 686 548 720 vestro
575 682 810 720 revertimini
847 681 898 718 ad
943 681 1149 718 Dominum
1171 708 1183 726 ‚
1217 691 1286 717 au-

262 745 355 783 ferte
375 745 470 782 deos
489 745 637 782 alienos
657 744 706 780 de
727 743 860 780 medio
880 742 996 779 vestri
1020 755 1027 777 :
1050 756 1068 776 »
1091 753 1178 779 ecce
1201 753 1286 779 cor—

263 807 324 844 dis
360 807 530 844 reversio
548 835 560 852 ‚
595 806 745 843 malum
779 804 1070 853 postponendo.
1108 804 1287 842 Secunda

263 868 436 906 conditio
458 867 637 904 scribitur
653 866 667 887 ²
688 879 696 903 :
724 881 741 900 α
762 867 856 903 Dicit
876 866 1062 903 Dominus
1086 878 1094 901 :
1117 868 1286 902 Conver-

264 931 386 968 timini
406 931 458 968 ad
477 942 540 968 me
557 931 598 968 in
617 933 698 968 toto
719 931 837 968 corde
852 933 1003 967 vestro:
1021 943 1037 963 ›>
1053 940 1140 966 ecce
1158 928 1288 965 cordis

263 994 466 1031 conversio
487 994 639 1030 bonum
657 992 938 1041 praeponendo.
969 991 1093 1028 Tertia
1113 990 1286 1027 conditio

262 1056 401 1102 legitur
428 1057 441 1077 ³
471 1067 478 1091 :
509 1068 527 1089 «
548 1054 771 1092 Confitelior
799 1054 888 1099 tibi,
926 1052 1106 1096 Domine,
1136 1053 1175 1088 in
1206 1054 1287 1088 toto

257 1117 382 1154 'corde
414 1127 503 1153 meo
527 1128 570 1152 z»
596 1126 683 1152 ecce
712 1115 840 1152 cordis
876 1114 1080 1161 conceptio
1113 1113 1287 1152 confiteri

262 1177 537 1226 proponendo.

592 1276 779 1311 Articulus
807 1277 890 1310 terti
894 1286 944 1311 us.

309 1365 498 1402 Orationis
523 1364 705 1401 instantia
725 1366 945 1410 annotatur,
978 1374 1068 1400 cum
1100 1364 1285 1401 additur:

264 1427 410 1463 Emudz·
423 1437 495 1470 me,
515 1429 661 1462 Domine
672 1438 681 1472 3
699 1426 812 1474 quasi
830 1426 953 1462 dicat:
971 1426 1085 1463 Oravi
1105 1426 1289 1473 frequen-

262 1493 339 1535 ter3
363 1489 471 1525 oravi
491 1488 708 1530 ferventer:
730 1498 872 1535 precor
890 1488 1089 1529 instanter,
1111 1490 1153 1524 ut
1175 1498 1290 1524 exau-

263 1552 348 1588 dias
367 1551 607 1588 indistanter.
625 1553 666 1588 Et
683 1553 778 1588 nota
791 1581 799 1596 ,
815 1550 923 1598 quod
946 1550 1128 1587 orationis
1148 1550 1291 1586 instan-

264 1614 314 1649 tia
335 1613 474 1650 dicitur
493 1614 638 1650 habere
659 1616 733 1650 tres
753 1613 891 1658 socias,
916 1623 1003 1660 quae
1021 1615 1109 1649 suut
1128 1612 1289 1649 humili-

266 1678 341 1720 tas,
377 1675 655 1721 affectuositas,
696 1677 733 1710 et
769 1674 1042 1722 importunitas
1077 1686 1085 1710 :
1122 1685 1289 1721 quarum

264 1738 391 1784 prima
424 1736 541 1772 instat
572 1736 784 1783 ungendo:
819 1736 1014 1780 secunda,
1045 1736 1288 1783 pungend03

262 1799 397 1844 tertia,
436 1798 627 1844 urgendo.
663 1798 790 1834 Prima
817 1798 1065 1845 proponitur,
1099 1797 1169 1834 ubi
1199 1798 1293 1835 dicit

262 1860 450 1896 Salomon
466 1859 630 1896 Domino
641 1861 675 1896 ³:
693 1859 868 1895 «Exaudi
880 1870 1015 1906 preces
1028 1859 1165 1896 famuli
1180 1859 1254 1896 tui:
1271 1873 1287 1893 »

263 1922 302 1958 in
324 1932 404 1969 quo
425 1923 530 1968 patet
554 1920 730 1957 instantis
748 1921 957 1957 humilitas.
991 1921 1171 1957 Secunda
1199 1932 1290 1957 can-

266 1987 365 2020 tatur
411 1995 418 2020 :
439 1997 455 2017 (ι
469 1983 659 2019 velociter
678 1983 821 2019 exaudi
840 1993 926 2028 me,
949 1983 1130 2028 Domine,
1152 1983 1292 2019 defecit

264 2045 421 2093 spiritus
445 2055 556 2081 meus
577 2056 585 2081 ε
608 2058 624 2078 »
655 2045 695 2080 in
718 2055 799 2092 quo
824 2044 947 2092 liquet
972 2045 1146 2081 instantis
1173 2044 1290 2081 affec-

264 2107 437 2144 tuositas.
458 2107 582 2144 Tertia
600 2106 795 2154 profertur
809 2106 822 2127 ‘¹
841 2119 849 2143 :
875 2120 892 2141 (ι
913 2107 1084 2153 Exaudi,
1106 2107 1268 2144 Domine
1279 2121 1290 2154 3

264 2169 420 2216 placare
437 2197 448 2215 ‚
467 2169 628 2206 Domine
643 2181 654 2214 3
677 2169 852 2215 attende,
873 2171 908 2205 et
927 2168 986 2206 fac
1008 2181 1015 2205 :
1034 2183 1050 2202 υ
1071 2169 1111 2205 in
1130 2179 1210 2216 quo
1230 2169 1291 2205 lu-

266 2234 325 2266 eet
345 2231 520 2268 instantis
540 2230 825 2278 importunitas.

595 2335 780 2369 Artc'eulus
800 2337 960 2380 quartus.

313 2416 600 2454 iustificationis
630 2417 751 2463 gratia
783 2417 1008 2461 denotatur,
1045 2429 1134 2455 cum
1163 2420 1295 2466 psalli-

267 2484 353 2517 tur:
382 2481 659 2524 Justificatz'ones
691 2482 770 2515 tuas
796 2482 997 2524 ⁷·cquz'ram;
1026 2481 1137 2528 quasi
1167 2481 1291 2518 dicat:

266 2542 476 2590 Requiram
505 2541 755 2577 affectionum
794 2552 993 2586 mearum,
1023 2545 1210 2590 tanquam
1240 2544 1294 2580 in·

267 2604 364 2641 terni
394 2603 522 2650 gregis
552 2602 806 2648 munditiam,
826 2613 895 2650 per
920 2605 1077 2651 superni
1104 2605 1207 2651 regis
1233 2605 1294 2642 in-

268 2666 481 2710 fluentiam,
503 2664 720 2701 secundum
744 2667 893 2701 aeternae
921 2665 1018 2712 legis
1043 2667 1292 2713 exigentiam.

270 2727 375 2764 [nde
394 2727 633 2772 notandum,
657 2726 766 2773 quod
788 2727 827 2763 in
852 2728 1138 2774 justificationis
1165 2729 1295 2777 requi-

269 2789 407 2825 sitione
429 2788 620 2824 dehemus
640 2788 712 2824 tria
731 2789 945 2836 requirere,
959 2789 1143 2827 videlicet
1159 2791 1297 2837 justiti-

271 2849 433 2886 cationis
458 2849 693 2896 principium
723 2851 912 2895 activum,
933 2851 1154 2898 passivum,
1181 2856 1218 2890 et
1243 2853 1298 2888 in-

272 2911 535 2948 formativum.
559 2911 793 2958 Principium
809 2912 1095 2957 justificationis
1114 2914 1297 2960 activum,

272 2976 328 3009 est
358 2982 551 3019 supernus
581 2974 681 3017 Rex,
716 2973 782 3019 qui
816 2974 1024 3021 justificat,
1064 2976 1299 3024 principium

268 3033 553 3080 Justificationis
567 3034 781 3080 passivum,
794 3038 849 3070 est
867 3035 1040 3072 internus
1053 3047 1161 3083 grex,
1180 3048 1300 3086 quem

269 3096 472 3142 Justifieat3
506 3095 743 3143 principium
768 3096 1055 3141 justificationis
1083 3099 1300 3136 informati-

272 3168 381 3203 vum,
401 3161 457 3194 est
474 3161 618 3194 aeterna
633 3157 712 3202 lex,
727 3157 946 3194 secundum
964 3169 1083 3205 quam
1098 3160 1296 3206 justificat.

273 3219 401 3255 Prima
419 3218 620 3266 requisitio
640 3221 744 3266 patet
764 3220 777 3241 ⁷
797 3232 805 3255 :
825 3232 842 3253 α
865 3220 1039 3266 Domine,
1059 3220 1100 3256 in
1121 3224 1300 3269 angustia

272 3281 532 3329 requisierunt
555 3283 616 3316 te:
645 3294 662 3315 »
685 3280 748 3316 hic
771 3281 982 3328 requiritur
1001 3283 1093 3318 Rex.
1121 3284 1298 3322 Secunda

273 3342 473 3389 requisitio
503 3341 623 3379 claret
642 3342 682 3378 ⁸:
708 3355 725 3376 υ
748 3342 913 3390 Dispersi
933 3346 1022 3380 sunt
1047 3354 1184 3392 greges
1205 3347 1296 3392 mci,

317 3441 328 3461 ¹
351 3440 470 3479 1389Ἷ
493 3447 560 3480 vu,
580 3440 611 3471 3.
631 3457 670 3463 —
690 3440 702 3461 ²
720 3439 815 3478 leel„
841 3448 887 3480 11,
910 3443 959 3472 12.
979 3459 1019 3464 —
1042 3442 1053 3459 ³
1070 3441 1159 3474 Psal.
1182 3451 1242 3484 cx,
1270 3448 1296 3476 1.

274 3503 314 3510 -
332 3486 528 3527 Ι»11)αιίιί.,
551 3494 603 3526 vt,
628 3489 680 3518 21.
706 3503 745 3510 —-
769 3489 779 3505 ⁵
800 3488 886 3519 Psal.
912 3497 1021 3528 exui,
1045 3492 1076 3521 7.
1097 3507 1138 3514 ——
1162 3491 1174 3509 ⁸
1199 3492 1299 3532 Dan„

275 3541 327 3574 ix,
355 3535 402 3565 19.
429 3550 468 3555 —
493 3533 503 3553 ⁷
525 3533 604 3575 Iso,
627 3542 725 3576 xxvi,
751 3536 798 3566 lsi.
814 3553 854 3558 —
874 3535 887 3557 ³
904 3536 1036 3577 Ezech„
1057 3545 1171 3578 xxxiv,
1193 3540 1222 3578 ¹5,
1249 3541 1297 3570 to.

962 280 1231 323 EXt‘ost‘rlO
1263 280 1315 322 ΙΝ
1348 281 1693 323 PSALTERIUM.

1361 373 1397 407 et
1416 381 1496 408 non
1516 374 1597 408 erat
1617 371 1683 419 qui
1706 371 1944 419 requireret3
1963 385 1980 406 »
2006 373 2043 407 et
2059 371 2161 408 infra
2183 383 2223 407 z«
2242 373 2386 420 Requi-

1360 442 1445 469 ram
1465 443 1623 480 gregem
1642 443 1775 469 meum
1801 432 1850 469 de
1878 442 1998 469 manu
2017 442 2178 469 eorum:
2205 445 2222 467 >³
2245 433 2307 469 hic
2326 444 2386 471 re-

1362 493 1528 541 quiritur
1546 505 1652 540 grex.
1673 495 1796 531 Tertia
1817 493 2017 542 requisitio
2036 493 2140 531 lucet
2154 494 2190 530 ⁹:
2218 507 2235 528 α
2255 495 2386 532 Custo-

1362 555 1469 592 diant
1496 556 1790 602 justificationes
1815 556 1920 602 ejus,
1941 557 1978 592 et
1996 555 2126 603 legem
2149 556 2232 602 ejus
2254 556 2384 604 requi-

1360 620 1470 654 rant:
1492 631 1510 652 »
1536 617 1596 653 hic
1619 616 1828 664 requiritur
1847 617 1924 653 lex.

1789 722 1958 764 Epilogus.

1409 805 1461 837 Ex
1479 802 1539 838 his
1557 805 1685 849 potest
1702 804 1900 849 patescere
1919 813 1995 840 vox
2022 803 2221 851 Prophetae
2241 803 2387 841 orantis

1361 867 1513 901 strenue
1535 875 1608 912 pro
1624 864 1712 901 vitae
1730 864 1919 911 puritate:
1944 865 2124 912 Clamavi,
2147 865 2188 902 in
2214 876 2293 913 quo
2312 865 2389 902 fre-

1361 925 1520 973 quentia
1544 926 1626 963 sine
1644 928 1823 974 torpore;
1851 929 1894 964 In
1915 930 1984 964 toto
2003 929 2130 974 corde,
2150 927 2190 964 in
2211 937 2290 976 quo
2309 926 2385 964 fer-

1360 987 1489 1024 ventia
1514 988 1595 1025 sine
1615 992 1768 1036 tepore;
1794 989 1940 1025 Eoeaudz·
1958 1000 2025 1035 me,
2053 991 2218 1036 Domine,
2245 989 2286 1026 in
2305 1000 2385 1037 quo

1359 1049 1540 1086 instantia
1565 1050 1646 1087 sine
1672 1051 1829 1097 timore3
1857 1053 2137 1097 „iustificationes
2164 1055 2244 1088 tuas
2272 1054 2386 1099 reque·-

1360 1122 1454 1156 ram,
1474 1111 1513 1164 in
1533 1122 1614 1159 quo
1636 1112 1759 1159 gratia
1779 1123 1867 1149 cum
1888 1112 2036 1150 favore.

1737 1259 1954 1287 VERSICULUS
1981 1261 2020 1287 ΙΙ.

1413 1364 1492 1398 146.
1515 1362 1676 1398 Clamavz‘
1702 1361 1750 1397 ad
1777 1366 1830 1404 ιω
1860 1363 1997 1398 salvum
2024 1373 2077 1399 me
2109 1366 2183 1407 fac,
2210 1366 2281 1400 etc.
2306 1366 2390 1401 Jam

1363 1423 1487 1459 oravit
1506 1426 1542 1459 et
1568 1433 1680 1459 orare
1707 1423 1840 1460 docuit
1858 1423 2051 1471 Propheta
2074 1435 2148 1472 pro
2170 1424 2258 1462 vitae
2281 1425 2391 1473 puri-

1362 1486 1460 1531 tate3
1488 1484 1551 1520 hic
1577 1487 1663 1521 orat
1687 1487 1724 1521 et
1750 1495 1862 1522 orare
1886 1485 2124 1533 dogmatizat
2147 1497 2221 1534 pro
2244 1486 2316 1524 viae
2334 1498 2394 1524 se-

1364 1547 1536 1584 curitate.
1565 1550 1607 1585 Et
1633 1547 1726 1595 quia
1751 1548 1816 1585 via
1838 1549 2117 1586 mandatorum
2143 1549 2270 1586 existit
2293 1549 2393 1587 inter

1365 1609 1481 1646 devia
1499 1612 1769 1657 peccatorum3
1789 1613 1998 1658 propterea
2025 1611 2119 1659 petit
2144 1611 2390 1659 Psalmogra-

1363 1671 1466 1718 phus
1485 1672 1663 1708 divinum
1679 1673 1864 1710 ducatum
1878 1673 1978 1710 inter
1992 1673 2108 1710 devia
2126 1676 2390 1722 peccatorum,

1363 1736 1523 1781 propter
1548 1744 1729 1771 securum
1756 1737 1930 1771 meatum
1961 1746 2031 1782 per
2049 1735 2156 1773 viam
2185 1736 2393 1774 mandato-

1364 1805 1465 1832 rum.
1496 1796 1597 1840 Quid
1618 1796 1723 1832 enim
1751 1797 1823 1833 sibi
1855 1797 1992 1833 volunt
2023 1799 2130 1834 actus
2156 1799 2327 1835 contenti
2352 1799 2394 1836 in

1365 1868 1478 1894 versu
1492 1858 1686 1905 praesenti,
1703 1859 1849 1895 scilicet
1868 1859 2080 1906 clamandi,
2101 1859 2295 1907 salvandi,
2312 1871 2394 1898 cus-

1365 1918 1555 1963 todiendi,
1575 1920 1814 1966 mandandi,
1831 1921 1905 1956 nisi
1925 1921 2094 1958 conduci
2107 1932 2178 1969 per
2192 1921 2396 1968 ducatum,

1365 1990 1447 2016 non
1466 1980 1600 2016 seduci
1620 1991 1690 2028 per
1709 1984 1932 2029 peccatum,
1954 1982 2097 2019 deduci
2116 1993 2188 2031 per
2207 1985 2394 2031 meatum,

1365 2042 1528 2090 perduci
1549 2053 1619 2090 per
1638 2043 1868 2081 mandatum
1882 2045 1900 2079 ἰ)

1696 2149 1885 2185 Articulus
1913 2151 2066 2195 primus.

1415 2233 1608 2276 Quantum
1629 2232 1681 2269 ad
1700 2233 1886 2280 primum,
1907 2233 2047 2270 dicitur
2069 2246 2077 2270 :
2103 2234 2264 2272 Clamavi
2282 2236 2330 2272 ad
2348 2239 2395 2282 te,

1369 2293 1481 2341 quasi
1502 2293 1781 2330 conducendus
1801 2305 1824 2331 a
1838 2296 1874 2330 te
1891 2307 1899 2331 :
1921 2295 2004 2331 haec
2025 2305 2118 2342 ergo
2139 2295 2321 2334 clamatio
2342 2299 2398 2335 est

1370 2355 1534 2392 ducatus
1558 2355 1781 2403 postulatio.
1806 2356 1870 2393 Hic
1896 2359 2006 2404 potes
2025 2360 2182 2403 notare,
2203 2358 2314 2406 quod
2331 2359 2397 2396 tri-

1368 2417 1519 2465 pliciter
1547 2417 1737 2464 contingit
1756 2418 1946 2464 clamare,
1972 2421 2067 2466 puta
2086 2420 2228 2467 corde,
2254 2431 2341 2468 ore,
2362 2424 2398 2458 et

1370 2490 1502 2526 opere.
1535 2481 1585 2515 De
1610 2479 1740 2527 primo
1763 2480 1790 2502 ¹⁰
1809 2491 1817 2515 :
1843 2493 1860 2514 «
1883 2481 2072 2518 Clamavit
2093 2492 2161 2519 cor
2185 2493 2322 2519 eorum
2345 2483 2398 2520 ad

1371 2542 1578 2578 Dominum
1592 2552 1709 2589 super
1721 2553 1855 2579 muros
1867 2542 1956 2579 filiae
1969 2542 2081 2580 Sion:
2102 2557 2119 2578 »
2145 2554 2234 2581 ecce
2249 2544 2398 2582 clamor

1373 2603 1524 2650 cordis,
1552 2603 1629 2640 hoc
1659 2604 1782 2640 modo
1813 2603 2004 2641 clamatur
2030 2604 2072 2641 in
2095 2606 2313 2654 proposito.
2346 2609 2397 2644 De

1372 2665 1547 2702 secundo
1568 2665 1708 2702 dicitur
1730 2667 1757 2688 ¹¹
1781 2677 1789 2701 :
1815 2666 1910 2702 «Ad
1940 2666 2071 2714 ipsum
2103 2678 2170 2704 ore
2198 2679 2286 2706 meo
2318 2669 2399 2706 cla-

1373 2727 1478 2763 mavi
1500 2738 1508 2763 :
1531 2741 1547 2762 n
1573 2737 1661 2764 ecce
1681 2727 1831 2764 clamor
1851 2728 1942 2764 oris.
1972 2730 2022 2765 De
2050 2728 2161 2766 tertio
2180 2728 2208 2752 ¹²
2228 2742 2237 2767 z
2263 2742 2280 2764 «
2299 2730 2399 2776 Quid

1371 2790 1518 2827 fecisti?
1545 2792 1626 2827 Vox
1651 2790 1853 2837 sanguinis
1871 2790 1998 2828 fratris
2021 2792 2077 2828 tui
2103 2792 2247 2830 clamat
2264 2793 2314 2830 ad
2335 2803 2398 2830 me

1374 2851 1422 2888 de
1445 2855 1570 2888 terra:
1594 2866 1610 2886 »
1635 2862 1722 2888 ecce
1743 2852 1891 2889 clamor
1910 2853 2052 2900 operis.

1688 2956 1875 2992 Articulus
1899 2957 2080 2994 secundus.

1421 3043 1616 3085 Quantum
1637 3040 1688 3077 ad
1708 3040 1926 3078 secundum
1943 3042 2146 3089 subjicitur
2164 3044 2333 3082 :Salvum
2347 3056 2401 3083 me

1373 3104 1445 3148 foc,
1464 3102 1642 3139 sciliceta
1657 3103 1841 3140 vitiorum
1856 3103 1993 3150 deviis,
2013 3105 2064 3142 ab
2084 3105 2399 3144 adversariorum

1375 3163 1538 3210 insidiis,
1558 3175 1608 3201 ne
1627 3165 1792 3202 seducar
1806 3165 1856 3202 ab
1878 3165 1945 3205 eis.
1964 3168 2007 3203 Et
2023 3169 2129 3213 nota,
2144 3168 2254 3215 quod
2270 3168 2399 3206 salvos

1374 3224 1465 3261 facit
1488 3225 1694 3272 Dominus,
1715 3238 1816 3274 quos
1836 3227 2035 3271 conducit,
2062 3239 2086 3266 a
2104 3229 2218 3266 malis
2236 3229 2400 3266 exterio-

1374 3286 1501 3333 ribus,
1522 3287 1786 3334 interioribus,
1807 3291 1843 3325 et
1862 3288 2110 3327 inferioribus
2117 3303 2129 3337 ;
2147 3290 2330 3327 videlicet
2347 3290 2398 3327 ab

1374 3347 1545 3385 hostium
1571 3349 1742 3396 insidiis,
1774 3361 1798 3387 a
1828 3350 1952 3394 vitiis,
1981 3353 2018 3388 et
2051 3362 2075 3388 a
2102 3350 2315 3398 suppliciis.
2348 3353 2398 3389 De

1373 3410 1502 3456 primo
1523 3411 1672 3448 canitur
1684 3411 1712 3435 ¹³
1724 3423 1731 3448 :
1745 3425 1763 3447 ι(
1776 3413 1898 3460 Super
1915 3412 2015 3450 iram
2029 3412 2279 3450 inimicorum
2291 3424 2398 3452 mco-

1376 3511 1411 3515 —
1432 3494 1443 3511 ⁹
1461 3492 1546 3526 psal.
1567 3502 1635 3534 civ,
1654 3496 1705 3527 45.
1722 3513 1763 3518 —
1785 3495 1809 3517 ¹0
1825 3494 1958 3535 Tlaren„
1979 3503 2017 3536 11,
2037 3497 2088 3528 18.
2102 3513 2143 3519 —
2161 3497 2182 3515 ¹¹
2203 3496 2296 3529 Psal.
2319 3505 2396 3540 va,

1380 3541 1426 3571 Π.
1444 3558 1477 3562 -
1502 3541 1525 3562 ¹²
1546 3540 1640 3581 Gen„
1664 3548 1711 3581 w,
1731 3543 1781 3574 10.
1801 3558 1843 3565 —
1865 3541 1892 3564 ¹³
1912 3541 1999 3574 Psal.
2017 3549 2171 3585 cxxxvii,
2191 3545 2222 3575 7.
