2633 3878
1038 214 1278 257 PSALMUS
1308 216 1479 259 CXVIII.

190 313 245 349 sic
265 311 404 350 oculus
423 309 585 347 interior
605 307 802 345 desiderat
823 304 1112 353 speciositatem
1134 314 1223 351 gra-

188 375 350 420 tiosam,
379 384 448 411 seu
472 370 753 420 gratiositatem
777 366 996 416 speciosam
1023 365 1224 414 sapientise

188 435 413 484 spiritualis.
446 433 559 471 Tertii
591 430 775 469 desiderii
811 429 1012 467 denotatio
1048 428 1221 472 relucet,

187 498 257 536 ubi
284 497 454 544 legitur¹
478 507 486 532 :
514 507 532 529 «
554 492 791 530 Desideravit
811 491 934 528 David
954 501 1122 538 aquam3
1143 504 1160 525 υ
1186 492 1224 527 et

186 559 416 607 intelligitur
450 555 691 594 desiderium
729 554 870 591 animoe
907 552 1110 591 rationalis
1141 563 1222 590 res·

186 624 302 671 pectu
319 619 519 669 sapientiae
537 616 765 656 Salvatoris.

615 724 788 767 Epilogus.

229 808 290 846 Ait
305 817 400 855 ergo
420 805 766 854 psalmographus,
788 806 980 851 tanquam
1000 804 1039 840 in
1063 803 1217 842 Christo

177 869 369 920 parvulus
390 869 543 907 orando
558 867 756 916 sapientiae
769 865 992 903 attractivus
1014 877 1021 902 :
1045 865 1091 903 Os
1102 876 1217 903 mcum

177 935 319 980 aperui,
341 935 534 980 quantum
553 930 606 969 ad
625 930 816 968 rationale
833 929 1087 977 desiderium,
1105 930 1213 978 quod

176 998 356 1042 apertum
378 1005 387 1031 ε
410 995 457 1030 Ec
477 997 620 1031 attraoei
639 996 826 1041 spiritum,
850 994 1043 1039 quantum
1068 992 1120 1029 ad
1139 992 1215 1040 spi-

175 1056 315 1093 rituale
353 1056 645 1103 magisterium,
683 1055 794 1103 quod
830 1056 1033 1091 attractum
1069 1067 1077 1090 ;
1121 1054 1214 1098 Quia

175 1118 350 1155 mandata
370 1122 450 1164 lua,
468 1121 661 1166 quantum
695 1117 747 1155 ad
777 1116 1049 1154 caeremoniale
1075 1116 1213 1153 minis-

174 1179 330 1226 terium,
352 1180 462 1228 quod
483 1181 717 1218 mandatum
748 1192 756 1217 :
782 1180 1050 1224 Desidet-cibam,
1082 1189 1212 1228 quan-

173 1245 257 1280 tum
276 1242 329 1280 ad
345 1242 607 1280 intellectuale
634 1242 880 1290 mysterium,
915 1241 1025 1290 quod
1058 1240 1213 1279 deside-

173 1307 317 1342 ratum.

539 1398 759 1427 vssnsmums
778 1398 828 1426 iv.

222 1494 302 1532 132.
318 1494 444 1540 Aspice
463 1494 502 1529 in
522 1503 588 1539 me,
605 1496 638 1529 ec
658 1494 823 1529 miserere
842 1494 925 1538 mei,
948 1495 1018 1529 etc.
1038 1492 1210 1537 Qualiter

169 1554 384 1592 attrahatur
395 1555 529 1591 divina
548 1554 754 1602 sapientia,
767 1556 873 1602 patet
891 1565 961 1602 per
979 1555 1206 1602 prceceden-

168 1616 246 1663 tia3
267 1616 338 1653 sed
359 1616 528 1664 qualiter
549 1616 762 1664 accipiatur
798 1616 847 1653 ab
886 1616 1062 1654 humana
1099 1617 1208 1655 intel·

166 1679 343 1727 ligentia,
371 1679 522 1728 patebit
552 1689 624 1727 per
654 1679 873 1727 praesentia.
914 1681 1010 1716 Nam
1048 1680 1208 1727 procul-

167 1740 309 1788 dubio,
324 1742 425 1778 sicut
443 1741 554 1779 illam
575 1741 731 1779 attrahit
751 1740 890 1788 oratio,
911 1741 966 1778 sic
995 1742 1136 1790 accipit
1151 1742 1204 1779 di-

164 1802 293 1842 lectio.
317 1804 527 1842 Enimvero
549 1807 605 1842 est
626 1804 751 1841 oratio
779 1804 956 1851 infirma,
979 1815 1100 1852 quam
1124 1816 1206 1844 non

163 1865 295 1904 firmat
324 1866 507 1913 dilecti03
537 1869 573 1904 et
610 1866 736 1903 inanis
768 1869 825 1903 est
861 1867 1052 1912 attractio,
1084 1879 1206 1916 quam

164 1939 246 1966 non
264 1929 402 1977 implet
434 1929 638 1977 acceptio:
662 1929 773 1976 quod
809 1931 852 1966 ut
883 1929 1026 1967 clarius
1062 1931 1204 1979 luceat,

163 1991 373 2029 audiamus
394 1991 493 2040 quid
511 1992 602 2029 hinc
622 1991 817 2039 Propheta
837 1995 992 2029 oenseat
1021 2005 1029 2030 :
1059 1995 1204 2041 Aspice,

163 2054 307 2102 inquit,
328 2056 399 2092 etc.
429 2054 504 2092 Sed
537 2054 635 2102 quid
674 2054 749 2091 sibi
782 2054 863 2091 vult
894 2055 976 2092 haec
1012 2058 1203 2095 censura?

162 2117 311 2163 Videte,
335 2128 456 2165 quam
489 2117 670 2164 firmiter,
691 2128 814 2165 quam
842 2117 1009 2155 fidenter
1043 2120 1201 2158 Creato-

160 2189 244 2216 rem
264 2179 480 2228 alloquitur
505 2183 697 2225 creatura,
740 2180 874 2217 dicens
897 2193 905 2217 :
925 2180 1028 2218 Affer
1065 2192 1201 2230 aspec-

159 2243 256 2288 tum,
278 2241 389 2279 aufer
406 2241 616 2287 defectum,
656 2241 790 2290 profer
823 2243 1019 2290 judicium
1050 2248 1201 2283 rectum

159 2303 258 2340 inter
287 2303 456 2351 diligens
490 2306 527 2342 et
565 2304 752 2342 dilectum
784 2317 792 2341 :
828 2305 892 2342 hic
931 2310 1111 2354 aspectus
1143 2312 1201 2347 cst

159 2366 400 2414 sapientialis
418 2366 624 2404 influentia
631 2379 642 2414 3
670 2367 735 2403 hic
756 2367 928 2404 desectus
948 2372 1004 2406 est
1022 2370 1199 2408 intellec-

159 2429 274 2466 tualis
293 2429 511 2476 indigentia
520 2442 531 2476 3
552 2429 629 2466 hoc
651 2429 844 2476 J‘udicium
872 2433 927 2468 est
954 2431 1022 2469 illa
1043 2433 1198 2480 sapien-

159 2490 204 2527 tis
223 2491 413 2528 sententia
431 2493 445 2514 2
466 2504 474 2528 :
497 2491 750 2528 «Amicorum
764 2492 898 2529 omnia
912 2495 1158 2543 communia3
1175 2510 1191 2531 »

156 2552 238 2590 haec
258 2553 463 2602 diligentia
488 2556 577 2590 sunt
615 2554 796 2599 creatrix,
834 2556 871 2591 et
890 2558 1020 2593 creata
1057 2556 1195 2595 intelli—

156 2615 300 2663 gentia.

488 2665 678 2701 Articulus
704 2667 859 2711 primus.

203 2741 332 2778 Primo
367 2742 568 2790 sapientiae
604 2742 698 2790 petit
735 2745 950 2791 aspectum,
979 2745 1020 2782 id
1041 2749 1109 2792 est,
1129 2757 1192 2784 sa-

154 2803 382 2852 pientialem
398 2804 608 2847 influxum,
631 2815 720 2841 cum
755 2805 873 2843 dicit:
897 2808 1027 2854 Aspice
1065 2811 1103 2845 in
1123 2821 1187 2847 me.

153 2867 348 2915 Sapientia
364 2867 527 2915 quidem
559 2867 710 2915 aspicit,
751 2879 840 2905 cum
879 2870 1054 2918 aspicere
1085 2871 1188 2920 facit,

154 2939 244 2966 cum
264 2931 466 2978 aspectum
502 2929 776 2977 imperfectum
803 2932 966 2979 perficit.
1009 2936 1051 2970 Et
1081 2938 1188 2983 nota,

153 2991 265 3039 quod
283 2991 470 3029 Dominus
481 2992 683 3040 tripliciter
697 2994 836 3042 aspicit
847 2995 1021 3033 animam
1037 3008 1045 3032 ε
1063 3008 1188 3044 quan-

154 3056 236 3091 tum
257 3053 310 3091 ad
327 3054 553 3101 agnitivam,
583 3059 775 3103 quantum
810 3057 861 3093 ad
894 3057 1130 3106 affectivam,
1152 3065 1188 3100 et

153 3118 346 3164 quantum
366 3116 417 3154 ad
437 3117 658 3156 effectivam
676 3130 684 3155 ε
706 3119 878 3167 primam
904 3120 1184 3172 illuminando,

151 3179 368 3217 secundam
406 3180 667 3227 consolando,
707 3181 861 3218 tertiam
905 3184 1182 3231 approbando.

151 3242 202 3279 De
219 3242 349 3290 primo
369 3242 407 3278 ³:
433 3254 451 3276 α
481 3243 651 3290 Aspexit,
691 3247 727 3281 et
765 3243 943 3282 dissolvit
980 3249 1126 3295 gentes,
1149 3251 1186 3287 et

151 3304 306 3342 contriti
326 3306 415 3342 sunt
447 3304 568 3341 colles
607 3306 750 3343 saeculi.
772 3320 790 3341 »
814 3307 964 3355 Quippe
997 3310 1184 3349 Dominus

153 3367 293 3406 dicitur
311 3369 462 3415 gentes,
482 3378 551 3406 seu
576 3369 770 3416 gentiliter
799 3370 973 3408 viventes
993 3373 1182 3422 aspicere,

196 3450 250 3481 ¹11
279 3450 370 3492 Req„
396 3459 506 3493 xxm,
528 3453 578 3485 15.
602 3470 639 3476 —
668 3455 682 3475 ²
702 3453 787 3494 Cic.,
813 3453 852 3485 cle
881 3454 987 3496 0ffic.,
1012 3456 1069 3490 lib.
1099 3459 1123 3490 1.
1143 3477 1181 3484 —

152 3496 162 3514 ³
183 3496 316 3536 Habac„
339 3506 394 3540 ιιι,
416 3501 447 3532 6.
466 3516 507 3523 —
530 3500 539 3519 ⁴
562 3501 682 3541 Eccli.‚
706 3509 809 3542 xxxv,
831 3504 882 3534 21.
899 3520 938 3527 —
953 3504 965 3526 Ι*
986 3505 1065 3546 lsa„
1083 3514 1179 3548 Lviu,

2256 225 2333 264 487

1301 305 1528 353 dissolvere,
1551 311 1766 353 conterere,
1787 309 1881 356 quia
1899 309 1989 347 facit
2008 320 2073 347 eas
2098 312 2257 358 peccata
2276 321 2335 349 re-

1299 378 1560 415 cognoscere,
1598 372 1924 415 recognoscentes
1955 372 2196 420 resipiscere,
2234 373 2331 411 resi-

1296 429 1489 477 piscentes
1508 429 1764 477 ingemiscere
1787 443 1795 467 :
1819 442 1907 469 ecce
1941 437 2119 481 aspectus
2137 435 2332 473 illumina-

1298 493 1431 529 torius.
1463 495 1511 529 De
1543 493 1718 530 secundo
1739 495 1752 516 t·
1776 505 1784 529 :
1808 495 1972 532 «Oratio
2010 497 2269 534 humilitantis
2287 509 2329 536 se

1295 554 1422 591 nubes
1452 555 1673 602 penetrabit
1683 568 1694 602 3
1717 558 1754 592 et
1793 556 1921 593 donec
1959 559 2212 606 propinquet,
2247 570 2329 598 non

1295 616 1587 665 consolabitur;
1610 621 1646 655 et
1678 629 1760 655 non
1798 618 1986 666 discedet,
2019 620 2147 658 donec
2186 621 2330 660 Altissi-

1293 690 1382 716 mus
1412 679 1624 728 aspiciat.»
1658 681 1788 718 Oratio
1821 681 2019 730 siquidem
2050 686 2226 730 penetrat
2259 696 2331 734 per

1292 742 1615 790 postulationem,
1633 744 1875 792 propinquat
1893 755 1965 793 per
1983 745 2328 794 praestolationem,

1292 804 1362 842 sed
1383 805 1566 852 aspicitur
1597 816 1670 854 per
1701 806 2012 845 consolationem
2036 820 2045 845 :
2069 819 2157 846 ecce
2196 820 2332 858 aspec·

1291 870 1352 905 tus
1373 867 1672 906 consolatorius.
1708 871 1759 906 Dc
1779 870 1890 907 tertio
1911 872 1949 908 ⁵:
1971 886 1987 905 «
2024 874 2149 918 Quare
2170 874 2329 921 jejuna—

1291 931 1433 973 vimus,
1457 934 1493 968 et
1519 941 1601 969 non
1634 932 1834 980 aspexisti,
1855 946 1872 967 >³
1896 933 1938 970 id
1976 937 2046 980 cst,
2068 936 2328 984 approbasti?

1291 1004 1379 1030 ecce
1401 996 1580 1042 aspectus
1606 994 1925 1042 approbatorius.

1605 1100 1794 1137 Articulus
1819 1101 2008 1138 secundus.

1336 1181 1518 1219 Secundo
1538 1183 1898 1231 panditdefectum,
1920 1184 2064 1223 scilicet
2080 1187 2324 1226 intellectivae

1286 1243 1573 1292 imperfectum,
1596 1256 1686 1282 cum
1707 1245 1841 1293 adjicit
1862 1260 1870 1283 ι
1893 1249 1941 1284 Et
1962 1251 2127 1286 miserere
2146 1252 2228 1286 mei.
2251 1252 2321 1288 Pe-

1286 1308 1405 1345 tendo
1419 1319 1593 1357 namque
1606 1309 1934 1356 miscricordiam,
1951 1311 2090 1358 pandit
2100 1312 2298 1350 miseriam
2312 1327 2320 1351 :

1284 1380 1432 1417 magna
1461 1370 1607 1419 quippe
1646 1370 1804 1408 miseria
1836 1375 1892 1409 est
1924 1374 2124 1421 sapientiae
2143 1375 2324 1413 salutaris

1283 1433 1462 1480 penuria.
1504 1433 1570 1470 Hic
1614 1436 1724 1481 potes
1771 1437 1931 1480 notare,
1971 1436 2082 1484 quod
2116 1437 2323 1476 miseretur

1284 1494 1471 1532 Dominus
1510 1495 1674 1532 diversis
1720 1496 1986 1535 diversimode
1995 1511 2005 1545 3
2051 1499 2197 1536 scilicet
2235 1500 2322 1538 aliis

1282 1557 1511 1604 purgative,
1554 1558 1641 1594 aliis
1675 1558 1954 1607 illuminativa,
1985 1559 2070 1598 aliis
2095 1562 2317 1609 perfective.

1282 1619 1411 1656 PrImo
1430 1620 1554 1657 modo
1575 1620 1781 1658 miseretur
1792 1622 2097 1671 poenitentibus3
2118 1625 2318 1673 secundo,

1281 1681 1578 1729 ignorantibus,
1624 1683 1756 1728 tertio,
1808 1685 2119 1732 expectantibus,
2168 1687 2319 1726 Primus

1280 1743 1424 1781 modus
1463 1747 1634 1791 notatur,
1662 1746 1733 1782 ubi
1764 1746 1907 1794 legitur
1936 1749 1949 1769 ⁶
1983 1760 1992 1785 :
2029 1751 2318 1789 «Peccavimus

1280 1818 1371 1843 cum
1395 1808 1575 1855 patribus
1612 1809 1768 1856 nostris,
1814 1810 1957 1858 inJ'uste
1979 1812 2144 1859 egimuS,
2167 1813 2318 1862 iniqui-

1278 1871 1398 1906 tatem
1438 1870 1602 1907 fecimus
1615 1884 1626 1918 ;
1666 1873 1739 1918 Tu,
1784 1873 1879 1920 quia
1903 1873 1992 1922 pius
2025 1886 2090 1920 eS,
2128 1875 2312 1914 miserere

1278 1932 1420 1979 nostri3
1442 1945 1459 1967 ι)
1493 1944 1579 1970 ecce
1611 1934 1881 1973 misericordia
1909 1937 2184 1984 poenitentium
2221 1950 2313 1987 pur-

1277 1995 1422 2041 gativa.
1457 1995 1658 2033 Secundus
1697 1997 1920 2044 denotatur,
1959 1999 2029 2036 ubi
2065 2000 2309 2039 scribitur⁷:

1282 2070 1299 2091 (ι
1318 2057 1495 2095 Miserere
1524 2059 1660 2105 nostri,
1681 2062 1781 2096 Deus
1802 2060 2001 2108 omnium,
2035 2066 2071 2100 et
2101 2064 2250 2111 respice
2270 2065 2312 2103 in

1276 2130 1364 2166 nOS,
1383 2123 1420 2158 et
1440 2121 1601 2158 ostende
1622 2122 1739 2159 nobis
1758 2122 1890 2160 lucem
1905 2124 2205 2163 miserationum
2225 2130 2310 2165 tua-

1274 2194 1364 2220 rum
1386 2196 1394 2220 :
1417 2197 1435 2219 »
1461 2194 1549 2221 ecce
1576 2184 1847 2222 misericordia
1877 2186 2145 2234 ignorantium
2164 2189 2311 2228 illumi·

1274 2246 1420 2283 nativa.
1439 2247 1585 2284 Tertius
1601 2247 1746 2284 modus
1765 2251 1988 2295 annotatur,
2017 2250 2087 2287 ubi
2104 2251 2246 2289 dicitur
2264 2254 2277 2275 ⁸
2296 2265 2304 2289 :

1277 2321 1295 2343 «
1315 2308 1491 2356 Domine,
1513 2309 1698 2347 miserere
1718 2311 1840 2347 nostri
1864 2323 1871 2348 :
1894 2313 1929 2348 te
1951 2312 2056 2349 enim
2086 2315 2308 2361 expectavi-

1272 2381 1386 2408 mus:
1406 2384 1424 2406 »
1446 2381 1536 2409 ecce
1555 2372 1827 2410 misericordia
1848 2374 2137 2422 expectantium
2158 2376 2307 2424 perfec—

1270 2433 1361 2470 tiva.

1608 2484 1800 2520 Articulus
1827 2487 1968 2521 tertius.

1316 2559 1441 2596 Tertio
1472 2560 1645 2608 postulat
1678 2561 1888 2608 judicium,
1925 2573 2015 2600 cum
2053 2563 2196 2612 allegat
2217 2578 2225 2603 :
2246 2567 2306 2604 Se-

1268 2623 1422 2659 cundum
1437 2623 1632 2668 judicium.
1656 2623 1816 2670 Quaeris,
1839 2626 2039 2672 quorum?
2060 2627 2302 2675 Sapientium

1268 2680 1539 2733 antiquorum,
1558 2696 1677 2733 super
1697 2687 2031 2725 communicantia
2051 2689 2271 2727 amicorum
2290 2703 2298 2729 :

1267 2750 1323 2784 est
1339 2749 1444 2785 enim
1459 2748 1621 2796 publica
1648 2750 1870 2787 Graecorum
1901 2752 2091 2790 sententia
2113 2765 2121 2790 ε
2141 2753 2297 2792 Amico·
2344 2763 2460 2791 Graeco-

1265 2821 1354 2847 rum
1372 2811 1507 2848 omnia
1542 2812 1780 2849 communia.
1809 2813 2034 2851 Secundum
2069 2815 2173 2853 hanc
2210 2826 2297 2855 sen-
2318 2811 2460 2874 ζέἒίὶξω

1264 2872 1425 2911 tentiam
1453 2872 1698 2911 confidenter
1737 2874 1802 2912 Dei
1840 2875 2014 2924 postulat
2050 2878 2296 2925 sapientiam,

1264 2936 1332 2985 qui
1352 2935 1520 2973 fideliter
1537 2936 1571 2973 ei
1600 2939 1805 2974 conservat
1835 2938 2059 2976 amicitiam.
2081 2942 2123 2977 Et
2154 2944 2296 2979 notan-

1263 2999 1360 3037 dum
1397 2999 1500 3036 circa
1538 2999 1688 3036 dictum
1720 2999 1935 3046 judicium,
1974 3002 2085 3048 quod
2121 3013 2203 3040 non
2241 3008 2297 3042 est

1261 3063 1516 3108 timorosum,
1555 3061 1626 3098 sed
1663 3072 1911 3109 amorosum,
1948 3065 2017 3101 sed
2044 3075 2292 3114 saporosum,

1260 3127 1422 3173 propter
1441 3124 1620 3162 amiciti-:e
1647 3125 1942 3173 perfectionem,
1961 3124 2293 3177 complexionem,

1261 3191 1297 3226 et
1315 3187 1581 3225 refectionem.
1616 3189 1668 3225 De
1690 3187 1819 3235 primo
1835 3190 1848 3211 ⁹
1870 3201 1878 3225 :
1902 3202 1920 3224 «
1942 3192 1982 3227 In
2011 3191 2087 3228 hoc
2120 3191 2292 3240 perfecta

1261 3253 1317 3289 est
1337 3250 1503 3288 charitas
1523 3250 1590 3287 Dei
1606 3250 1829 3297 nobiscum,
1859 3255 1901 3289 ut
1920 3252 2108 3290 fiduciam
2144 3254 2291 3292 habea-

1257 3323 1346 3350 mus
1362 3313 1402 3350 in
1423 3312 1486 3350 die
1503 3312 1663 3360 judicii3
1688 3312 1783 3360 quia
1801 3313 1899 3351 sicut
1912 3314 1977 3351 illc
1997 3317 2068 3360 est,
2088 3319 2206 3354 etnos
2225 3327 2290 3354 su-

1258 3386 1347 3412 mus
1367 3375 1405 3411 in
1425 3375 1501 3412 hoc
1533 3374 1684 3412 mundo
1706 3386 1715 3411 :
1737 3375 1853 3412 timor
1887 3386 1968 3413 non
2000 3379 2056 3414 est
2092 3377 2134 3415 in
2165 3378 2290 3417 chari-

1256 3462 1286 3492 3.
1307 3478 1348 3484 —
1375 3464 1386 3477 ⁴·
1404 3458 1533 3499 duclitlae,
1559 3465 1626 3499 vll,
1655 3460 1709 3497 19,
1733 3460 1785 3490 20.
1806 3475 1846 3482 —
1867 3460 1876 3478 ⁷
1899 3459 2019 3499 Eccli„
2044 3468 2171 3504 XXXVI,
2195 3465 2224 3497 l.
2247 3481 2288 3488 —-

1256 3508 1267 3525 ⁸
1289 3508 1368 3550 ssa„
1392 3506 1821 3548 xxx111‚*2.—²·l.l0an.,
1846 3515 1889 3548 iv,
1916 3508 2035 3550 Π,18,
