2633 3878
167 2210 295 2236 Pruden-

158 2252 197 2276 tia
222 2259 294 2285 qua-

159 2295 222 2318 tuor
249 2299 297 2317 ri-

160 2332 287 2358 tionibus

161 2373 292 2399 amabilis

215 2838 289 2862 Futu
298 2849 305 2854 ·

172 2885 236 2903 rum
258 2877 308 2911 ju-

185 2917 294 2944 dicium

193 2960 293 2986 timen-

189 3005 269 3031 dum.
288 2998 305 3002 '¹

296 254 370 292 326

293 340 334 375 in
349 336 693 384 justificationibus
713 338 875 384 nostris,
895 350 913 372 n
937 338 1081 375 scilicet
1099 346 1318 385 prresump-

295 401 341 435 tis
354 409 423 446 per
436 399 721 445 arrogantiam,
741 400 1054 447 «prosternimus
1072 410 1208 447 preces
1229 401 1318 435 ante

294 460 434 496 faciem
453 463 573 496 tuam.
596 474 614 494 »
634 461 756 498 Tertia
776 464 952 508 notatur,
974 462 1043 498 ubi
1071 461 1163 497 dicit
1187 461 1320 497 Domi-

295 522 426 558 minus
455 532 521 557 ore
552 523 781 570 prophetico
809 524 860 560 ad
887 523 1151 568 Hierusalem,
1173 522 1214 558 id
1242 524 1321 567 est,

297 583 348 619 ad
374 583 548 619 animam
575 584 807 621 rationalem
825 613 836 630 ,
866 585 1109 632 professione
1140 584 1322 631 spiritua-

296 645 394 688 lem,
417 644 485 680 sed
506 647 801 682 couversatione
821 646 1043 682 carnalem¹
1068 658 1076 682 :
1104 659 1121 680 «
1142 648 1235 682 Ecce
1257 657 1325 682 ex-

298 707 456 743 tendam
476 718 640 744 manuin
669 719 800 745 meam
828 719 945 755 super
964 710 999 744 te
1014 737 1025 754 ,
1044 721 1061 742 »
1085 719 1154 755 per
1177 707 1327 755 suppli-

300 769 451 805 ciorum
483 769 755 806 intensionem.
783 770 964 818 Sequitur
997 783 1006 806 ε
1043 773 1123 806 «Et
1151 770 1326 806 auferam

296 830 614 875 justificationem
643 834 749 867 tuam
763 859 773 875 ,
795 845 812 866 z>
833 842 904 879 per
920 832 1150 869 meritorum
1169 830 1328 867 mortifi-

302 892 505 928 nationem.

578 996 737 1037 Epilogus
760 998 867 1038 quinti
890 998 1057 1030 versiculi.

352 1077 445 1114 Dicit
479 1087 572 1124 ergo
610 1080 801 1127 Propheta
840 1081 880 1116 in
916 1091 1086 1127 persona
1123 1082 1333 1128 cujuslibet

304 1139 430 1175 fidelis
457 1139 647 1186 justitiam
682 1141 842 1177 sitientis
873 1154 881 1177 :
926 1144 1069 1178 Ctz'num
1099 1143 1332 1189 dirigantur,

304 1204 497 1249 quantum
517 1202 569 1237 ad
598 1203 849 1239 affectionum
880 1204 1221 1250 rectificationmn,
1244 1216 1332 1252 quae

303 1262 469 1310 pertinet
487 1262 539 1299 ad
558 1264 714 1300 virtutis
734 1264 975 1312 ingressum,
997 1268 1066 1302 vc'ae
1093 1277 1197 1311 meae,
1218 1266 1260 1302 id
1280 1269 1336 1303 est

305 1324 549 1369 affectiones,
582 1328 772 1372 quantum
798 1327 850 1363 ad
870 1328 1123 1364 affectionum
1148 1328 1335 1376 multipli-

306 1385 498 1422 cationem
512 1413 524 1431 ,
549 1398 636 1433 quse
661 1389 795 1425 attinet
815 1389 867 1426 ad
882 1389 1033 1426 virtutis
1050 1401 1302 1438 progressum
1324 1403 1333 1427 :

306 1447 353 1482 ad
374 1449 640 1494 custodiendas,
663 1453 856 1496 quantum
876 1452 928 1488 ad
951 1452 1204 1488 affectionum
1224 1452 1336 1488 forti-

306 1509 554 1554 ficationem,
583 1522 670 1558 quae
687 1513 850 1550 refertur
870 1514 921 1550 ad
940 1515 1062 1562 ipsius
1083 1525 1337 1561 congressum

309 1576 443 1609 contra
457 1573 647 1620 triplicem
661 1576 915 1613 tentationem
924 1589 934 1623 3
945 1578 1221 1623 justificationes
1243 1581 1336 1621 tuas,

309 1636 501 1680 quantum
523 1635 575 1671 ad
593 1637 767 1682 ipsarum
789 1638 1042 1675 affectionum
1067 1639 1338 1676 sanctificatio-

308 1706 400 1732 nem
421 1707 429 1732 :
453 1706 540 1743 quae
563 1701 809 1745 retorquetur
834 1700 886 1735 ad
916 1700 1003 1737 vitre
1032 1701 1337 1748 perfectionem,

310 1757 373 1792 vel
395 1757 533 1794 animae
552 1760 858 1806 separationem.

674 1900 899 1936 N’Enstcurus
925 1911 975 1936 vi.

365 2008 458 2044 Tunc
479 2019 568 2054 uon,
589 2013 659 2046 etc.
694 2012 935 2050 Manifestum
960 2017 1015 2051 est
1046 2026 1094 2052 ex
1121 2017 1341 2063 praedictis,

316 2069 425 2115 quod
458 2070 523 2107 via
555 2072 808 2111 beatitudinis
846 2079 903 2112 est
939 2077 1169 2114 affectabilis
1206 2089 1341 2115 amore

312 2131 466 2177 justitiae
481 2146 492 2179 3
514 2133 577 2169 hic
597 2136 866 2174 manifestatur
879 2165 892 2184 ,
915 2140 1026 2186 quod
1047 2140 1094 2177 sit
1114 2140 1345 2178 affectabilis

316 2204 451 2230 amore
470 2196 700 2242 prudentiae.
729 2200 821 2243 Quae
841 2201 1052 2248 prudentia
1078 2205 1133 2239 cst
1163 2203 1345 2239 amabilis

316 2259 476 2303 propter
507 2261 676 2305 quatuor
703 2262 894 2309 rationes,
916 2274 1004 2310 quae
1022 2266 1207 2301 notantur
1225 2265 1265 2301 in
1286 2265 1346 2302 his

317 2317 449 2353 verbis
467 2331 475 2354 ε
495 2321 631 2366 utpote
645 2321 739 2368 quia
758 2322 969 2370 luminosa,
988 2325 1028 2361 in
1043 2328 1236 2373 quantum
1256 2329 1347 2363 tem-

319 2391 462 2427 porum
490 2382 694 2420 discretiva
704 2397 715 2431 3
737 2384 956 2433 fructuosa,
977 2387 1018 2424 in
1039 2390 1232 2435 quantum
1249 2388 1349 2425 futu-

319 2453 454 2479 rorum
485 2445 706 2493 p1²ovisivz23
729 2448 904 2486 studiosa
920 2477 932 2495 ,
958 2449 1000 2485 in
1027 2452 1220 2497 quantum
1246 2461 1348 2498 prae-

320 2506 522 2543 teritorum
553 2509 799 2548 recordativa
822 2526 833 2557 5
865 2522 1058 2559 operosa,
1086 2513 1127 2550 in
1157 2516 1349 2560 quantum

320 2570 571 2616 praesentium
591 2572 826 2611 ordinative..

653 2678 841 2715 Articulus
863 2682 1018 2726 primus.

374 2761 569 2804 Quantum
598 2764 650 2801 ad
668 2765 841 2812 primum
869 2768 961 2805 dicit
982 2780 990 2804 :
1014 2770 1125 2811 Tunc,
1149 2768 1294 2804 seilicet
1312 2767 1353 2802 in

326 2819 456 2858 futuro
483 2824 631 2869 judicio
665 2839 674 2862 :
706 2837 793 2864 ecce
821 2831 1045 2876 temporum
1081 2829 1278 2866 discretio.
1311 2830 1355 2864 Et

329 2884 569 2931 notandum,
591 2889 701 2934 quod
720 2889 894 2926 futurum
917 2891 1110 2937 judicium
1141 2893 1197 2927 cst
1216 2891 1355 2926 timen-

332 2945 429 2982 dum
450 2953 608 2996 propter
634 2953 726 2999 tria,
748 2955 911 3000 scilieet,
932 2957 1093 3001 propter
1117 2953 1261 3000 judicis
1282 2955 1356 2989 ter-

331 3019 488 3055 rorem,
505 3013 644 3058 judicii
676 3016 867 3063 rigorem,
899 3017 1185 3065 suppliciorum
1216 3016 1357 3052 horro-

331 3086 428 3113 rem.
450 3077 500 3114 De
521 3079 650 3125 primo
669 3077 683 3097 ‘²
700 3091 708 3115 :
732 3095 749 3113 «
768 3082 871 3116 Tunc
891 3081 1076 3128 incipient
1100 3081 1229 3118 dicere
1247 3091 1359 3117 mon-

332 3141 435 3178 tibus
458 3142 617 3179 :Cadite
649 3153 766 3190 super
794 3153 866 3179 nos
881 3170 892 3189 ,
924 3145 961 3179 et
990 3143 1181 3180 collibus:
1204 3143 1355 3191 Operite

332 3214 405 3241 nos
427 3216 436 3240 2
457 3218 474 3239 »
495 3215 583 3241 ecce
598 3205 743 3252 J'udieis
767 3206 904 3241 terror.
929 3206 981 3241 Dc
1013 3205 1187 3242 secundo
1217 3206 1358 3252 legitur

332 3266 373 3302 in
401 3268 555 3303 Psalmis
581 3269 595 3291 ³
624 3279 633 3304 :
658 3280 676 3302 α
694 3270 798 3304 Tunc
829 3268 1013 3315 loquetur
1043 3267 1096 3304 ad
1126 3278 1193 3304 eos
1231 3268 1272 3304 in
1301 3269 1359 3305 ira

334 3338 425 3375 sua,
445 3342 464 3364 »
489 3329 599 3376 quod
615 3330 781 3377 pertinet
808 3330 861 3366 ad
889 3329 1134 3367 conscientiae
1161 3330 1359 3367 examina-

334 3389 495 3427 tionem.
516 3392 697 3439 Sequitur
717 3404 726 3429 ε
754 3405 772 3426 «
791 3394 834 3430 Et
851 3392 893 3429 in
909 3392 1041 3430 surore
1058 3403 1129 3429 suo
1150 3393 1359 3430 conturba-

379 3474 388 3495 ¹
408 3474 540 3515 Ezech„
559 3483 641 3517 XXV,
663 3477 694 3509 7.
715 3493 755 3500 -
774 3477 785 3496 ²
804 3477 894 3515 Luc„
913 3484 1018 3516 xxiii,
1041 3478 1093 3509 30.
1117 3494 1151 3499 -
1172 3477 1186 3498 ³
1206 3476 1297 3508 Psal.
1319 3485 1358 3516 11,

339 3521 422 3551 5.·-
441 3521 455 3542 ⁴
473 3521 583 3561 Prov„
604 3531 635 3563 1,
654 3524 706 3555 23.
726 3540 767 3548 —
786 3524 990 3564 ⁶1bid.‚27.
1011 3541 1050 3548 —
1070 3525 1081 3544 ⁶
1101 3524 1186 3564 Osa,
1207 3532 1246 3564 x,
1271 3525 1301 3556 6.
1319 3541 1359 3547 -

986 247 1256 290 EXPOSITIO
1287 247 1339 290 IN
1373 247 1723 291 PSALTERIUM.

1394 337 1452 374 bit
1475 349 1566 384 eos;
1595 352 1613 372 »
1645 340 1838 386 quantum
1869 339 1920 375 ad
1952 343 2147 378 sententiae
2192 343 2418 381 ulminatio-

1395 410 1487 436 nem
1517 412 1526 436 :
1561 410 1646 437 ecce
1675 400 1814 447 J'udicii
1844 401 1965 448 rigor.
2000 403 2051 438 De
2082 403 2191 439 tert10
2207 404 2250 440 ¹⁹:
2276 417 2294 439 «
2314 408 2419 442 Tunc

1396 458 1636 495 invocabunt
1655 470 1739 504 me,
1758 462 1794 496 et
1811 470 1893 496 non
1918 460 2154 507 exaudiam3
2179 474 2197 496 >³
2222 465 2327 508 tunc,
2350 463 2419 500 sci-

1397 521 1486 557 licet
1512 522 1525 542 ⁵
1560 534 1578 555 «
1603 522 1764 569 quando
1790 532 1907 569 super
1934 533 2002 559 eos
2034 523 2183 560 venerit
2218 524 2420 570 repentina

1400 583 1622 628 calamitas,
1650 595 1669 616 n
1704 586 1790 629 etc.;
1829 583 2008 620 videatur
2045 584 2101 620 ibi
2134 586 2257 621 textus
2287 596 2295 622 z
2333 595 2421 622 ecce

1401 645 1684 692 suppliciorum
1704 646 1857 683 horror.

1718 750 1905 786 Articulus
1929 752 2111 787 secundus.

1450 835 1646 877 Quantum
1666 834 1718 870 ad
1742 833 1978 880 secundum,
1999 833 2051 870 ait
2073 846 2081 871 :
2103 835 2184 872 Non
2204 833 2429 878 confundar,

1403 905 1477 942 pro
1505 899 1664 942 peccato
1680 896 1824 933 scilicet
1848 908 1856 932 :
1875 907 1962 933 ecce
1982 895 2203 934 futurorum
2231 896 2430 944 provisio,

1406 958 1551 995 scilicet
1580 959 1819 996 confusionis
1837 958 1974 995 suturae
1993 958 2258 1006 praeservatio.
2287 959 2330 995 Et
2356 969 2432 995 no-

1405 1020 1593 1065 tandum,
1622 1021 1732 1069 quod
1753 1021 1929 1058 confusio
1954 1020 2119 1057 debetur
2137 1022 2298 1068 peccato
2318 1030 2432 1057 men-

1406 1082 1552 1129 taliter,
1570 1083 1771 1129 vocaliter,
1789 1086 1855 1120 aut
1873 1082 2107 1120 manualiter
2124 1084 2346 1130 perpetrato
2363 1109 2375 1128 ‚
2395 1083 2433 1117 et

1407 1144 1553 1182 idcirco
1584 1146 1771 1182 confundi
1803 1148 2000 1182 merentur
2027 1144 2213 1181 malevoli
2241 1154 2315 1192 pro
2339 1153 2434 1190 pec-

1410 1209 1495 1245 cato
1525 1208 1684 1244 mentali
1700 1221 1711 1254 3
1740 1208 1955 1254 maledici,
1988 1218 2061 1255 pro
2091 1207 2251 1254 peccato
2278 1204 2432 1252 vocali;

1408 1270 1602 1317 malefici,
1620 1281 1693 1318 pro
1713 1272 1874 1318 peccato
1897 1270 2085 1306 manuali.
2108 1271 2159 1305 De
2179 1268 2316 1316 primis
2336 1268 2434 1304 dici-

1409 1335 1472 1368 tur
1491 1334 1504 1354 ⁶
1527 1345 1535 1369 :
1562 1346 1579 1368 c<
1600 1333 1867 1370 Confundetur
1885 1333 2002 1370 Israel
2021 1332 2061 1368 in
2079 1331 2279 1368 voluntate
2304 1341 2396 1377 sua3
2413 1343 2432 1366 »

1410 1395 1452 1430 id
1472 1398 1545 1441 est,
1565 1395 1607 1432 in
1627 1397 1715 1432 actu
1734 1395 1944 1431 intrinseco
1964 1393 2176 1430 voluntatis
2198 1405 2207 1430 t
2230 1404 2318 1430 ecce
2335 1404 2429 1430 eon-

1410 1459 1512 1494 fusio
1540 1459 1687 1506 peccati
1714 1457 1907 1495 mentalis.
1937 1459 1988 1493 De
2021 1455 2231 1493 secundis⁷
2255 1467 2264 1491 :
2289 1468 2308 1489 «
2336 1458 2437 1493 Con-

1410 1520 1650 1565 sundentur,
1675 1534 1693 1555 >³
1717 1520 1862 1557 scilicet
1892 1518 2054 1555 interius
2075 1545 2088 1563 ,
2106 1517 2148 1554 id
2187 1519 2268 1564 est,
2302 1527 2441 1554 coram

1412 1585 1490 1619 Deo
1519 1594 1611 1629 suo,
1635 1595 1653 1616 «
1680 1585 1716 1619 et
1747 1582 1977 1619 erubescent
2006 1593 2025 1614 »
2058 1580 2227 1617 exterius
2245 1608 2257 1626 ,
2288 1579 2440 1625 idest,

1413 1656 1548 1682 coram
1574 1645 1823 1690 hominibus,
1848 1657 1866 1677 α
1895 1653 2033 1680 omnes
2064 1642 2132 1690 qui
2162 1644 2341 1690 pugnant
2370 1642 2440 1679 ad-

1413 1719 1571 1745 versum
1590 1709 1647 1753 te,
1668 1720 1686 1742 »
1710 1707 1855 1744 scilicet
1884 1705 2115 1742 reluctando
2141 1704 2328 1741 doctrinae
2347 1706 2439 1741 tuae.

1415 1772 1464 1806 De
1486 1769 1605 1806 tertiis
1618 1771 1631 1791 ⁸
1648 1782 1656 1806 :
1678 1784 1694 1802 «
1715 1768 2019 1806 confundemini
2038 1778 2061 1805 a
2079 1766 2270 1804 fructibus
2290 1766 2442 1812 vestris,

1414 1834 1575 1880 propter
1594 1832 1694 1869 iram
1713 1831 1856 1868 furoris
1871 1830 2038 1867 Domini.
2055 1842 2074 1865 »
2094 1832 2155 1867 Ira
2180 1829 2320 1874 levior,
2334 1828 2444 1864 furor

1416 1897 1472 1931 est
1493 1895 1663 1941 gravior.
1683 1894 1863 1931 Similiter
1879 1893 2058 1940 J‘udicare
2079 1892 2218 1938 levius,
2243 1890 2444 1928 vindicare

1416 1956 1588 2003 gravius.
1601 1958 1810 2003 Propterea
1819 1955 2016 2002 signanter
2029 1955 2083 1991 ait
2095 1954 2287 2001 Propheta
2299 1965 2308 1990 ι
2324 1954 2446 1990 «Con-

1415 2017 1895 2055 fundeminiafructribus
1922 2016 2059 2053 vestris
2080 2027 2089 2052 :
2115 2030 2133 2051 ›>
2152 2026 2241 2053 ecce
2268 2014 2445 2053 confusio

1416 2080 1566 2128 peccati
1586 2079 1804 2126 manualis3
1825 2080 2016 2126 «propter
2035 2078 2135 2115 iram
2151 2077 2294 2114 furoris
2318 2076 2448 2114 Domi·

1418 2142 1510 2188 ni,»
1529 2142 1571 2178 id
1603 2144 1679 2188 est,
1710 2143 1870 2189 propter
1898 2140 2094 2187 judicium
2119 2139 2278 2176 ultionis
2301 2137 2448 2185 judicis

1419 2203 1635 2241 metuendi.
1666 2203 1774 2240 Unde
1806 2203 1978 2250 primum
2007 2201 2162 2249 respicit
2186 2200 2364 2249 culpam,
2391 2210 2449 2237 se-

1421 2266 1596 2303 cundum
1617 2265 1753 2313 aspicit
1770 2275 1942 2312 poenam.
2350 2258 2356 2262 ’

1752 2370 1940 2406 Anicetus
1970 2370 2108 2405 tertius.

1470 2457 1666 2500 Quantum
1686 2456 1738 2492 ad
1758 2455 1932 2500 tertium,
1949 2453 2106 2490 subdit:
2122 2454 2208 2490 Cum
2223 2459 2450 2499 perspeoeero,

1422 2518 1607 2555 videlicet
1637 2518 1775 2555 merita
1802 2516 2050 2554 recordando
2084 2527 2094 2552 z
2123 2524 2212 2551 ecce
2239 2512 2453 2561 praeterito-

1424 2591 1512 2617 rum
1531 2581 1765 2617 recordatio.
1786 2581 1872 2616 Haec
1899 2578 2038 2615 merita
2066 2576 2281 2614 consistunt
2297 2574 2338 2611 in
2355 2573 2453 2620 legis

1427 2642 1695 2688 observantia,
1717 2653 1838 2690 quam
1858 2640 2003 2678 diversi
2031 2638 2273 2687 perspiciunt
2298 2636 2455 2673 diversa

2502 2592 2589 2627 Legis

2493 2634 2576 2661 obser
2582 2648 2593 2654 -

2497 2675 2596 2703 vantia

1425 2704 1677 2752 perspicacia.
1699 2704 1772 2740 Alii
1788 2713 1960 2750 namque
1979 2700 2218 2749 perspiciunt
2237 2697 2454 2742 obliviose,
2484 2716 2603 2744 diversi-

1427 2771 1469 2804 ut
1498 2767 1641 2813 tepidi3
1663 2766 1728 2802 alii
1757 2765 2019 2809 infructuose,
2043 2765 2086 2799 ut
2113 2760 2271 2809 cupidi,
2293 2759 2360 2796 alii
2389 2769 2456 2795 su-

1427 2828 1644 2876 perstitiose
1665 2854 1674 2870 ,
1705 2827 1811 2864 velut
1840 2825 1986 2862 callidi.
2017 2826 2068 2860 De
2101 2822 2238 2870 primis
2257 2823 2270 2844 ⁹

1428 2889 1690 2938 perspexerit,
1709 2902 1727 2924 »
1756 2889 1939 2925 videlicet
1970 2886 2165 2933 legendo,
2193 2898 2213 2920 α
2231 2885 2272 2921 in
2291 2884 2378 2930 lege
2407 2881 2454 2929 (a)

1429 2953 1608 3001 perfectae
1624 2952 1826 2997 libertatis,
1838 2965 1856 2985 n
1871 2951 1913 2987 id
1927 2950 2045 2995 est,in
2061 2950 2148 2996 lege
2158 2948 2304 2987 amoris
2318 2950 2355 2986 et
2369 2947 2458 2984 dul-

1431 3015 1604 3060 cedinis,
1622 3016 1740 3062 prout
1759 3016 1814 3050 est
1832 3013 1896 3050 lex
1923 3012 2150 3059 evangelica
2163 3040 2176 3058 ,
2194 3021 2277 3048 non
2303 3010 2344 3048 in
2369 3010 2457 3057 lege

1431 3077 1601 3123 timoris,
1621 3088 1709 3124 quae
1728 3079 1784 3113 est
1801 3075 1866 3112 lex
1895 3075 2089 3119 mosaica,
2112 3087 2131 3108 «
2147 3076 2185 3111 et
2201 3072 2460 3121 permanserit

1431 3143 1472 3178 in
1494 3152 1540 3178 ea
1558 3154 1576 3176 n
1601 3138 1882 3186 intelligendo,
1907 3151 1925 3172 κ
1944 3147 2025 3174 non
2056 3136 2213 3174 auditor
2241 3134 2458 3172 obliviosus

1430 3203 1554 3241 factus
1584 3216 1601 3238 »
1637 3200 1875 3247 negligendo
1892 3212 1903 3246 ;
1948 3212 1965 3233 «
1997 3199 2067 3235 sed
2096 3198 2219 3235 factor
2250 3195 2404 3243 operis,
2435 3207 2453 3229 »

1432 3266 1577 3303 scilicet
1596 3263 1778 3310 eligendo
1801 3264 1837 3299 et
1856 3261 2089 3309 exequendo
2102 3288 2115 3306 ,
2139 3271 2158 3293 «
2176 3258 2241 3295 hic
2259 3258 2398 3295 beatus
2417 3256 2457 3292 in

1431 3329 1534 3366 facto
1555 3338 1627 3365 suo
1648 3327 1737 3372 erit,
1758 3339 1777 3361 »
1798 3324 1981 3361 videlicet
2008 3324 2178 3359 fructum
2202 3319 2358 3367 Justitiee
2378 3317 2457 3354 col-

1431 3391 1605 3438 ligendo.
1640 3391 1691 3426 De
1718 3386 1899 3425 secundis
1919 3386 1948 3408 1⁰
1970 3396 1979 3421 :
2006 3386 2126 3421 «Non
2145 3380 2362 3420 obdurabis
2390 3390 2459 3418 cor

1429 3477 1442 3498 ⁷
1465 3477 1544 3513 Im„
1563 3480 1643 3513 xm,
1665 3475 1715 3504 11.
1734 3489 1774 3496 -
1798 3473 1809 3486 ‘³
1827 3472 1961 3508 Jerem„
1983 3475 2052 3508 xu,
2078 3468 2127 3499 13.
2150 3483 2188 3490 -
2211 3466 2222 3483 ⁹
2244 3464 2330 3505 Iac„
2353 3473 2383 3505 1,
2404 3466 2455 3496 25.

1433 3541 1473 3548 --
1494 3524 1517 3544 ¹⁰
1537 3523 1647 3559 Dent„
1669 3527 1727 3559 XV,
1746 3521 1777 3551 7.
1798 3535 1838 3542 —
1856 3518 1901 3558 (a)
1929 3515 2023 3556 Vulq.
2046 3515 2167 3555 legem.

2503 2758 2589 2785 mode

2301 2833 2310 2858 2
2337 2834 2355 2856 «
2383 2819 2457 2865 Qua
2475 2798 2615 2868 Ξεῑῗρῑώ·
