2633 3878
262 291 340 330 410

262 374 527 415 testimonium
546 371 796 420 tripartitum,
810 368 955 406 scilieet
969 366 1128 404 inferius
1141 393 1154 411 ,
1171 375 1285 413 supe-

261 439 354 482 riuS,
375 438 411 473 et
431 435 619 480 exterius;
637 433 712 470 hoc
733 435 801 478 est,
821 432 997 478 respectu
1014 428 1088 473 sui,
1109 429 1286 475 respectu

262 499 346 542 Dei,
372 502 408 536 et
435 499 611 544 respectu
639 493 823 543 proximi.
853 492 979 529 Prima
999 489 1172 527 conditio
1192 489 1287 536 legi-

263 565 322 598 tur
337 562 347 583 ¹
364 573 372 597 ;
392 574 408 594 (ι
429 560 465 597 Si
479 559 630 596 bonum
653 560 708 594 est
728 557 765 593 in
783 555 905 593 oculis
921 553 1066 596 vestris,
1084 551 1215 588 afferte
1237 552 1282 599 (a)

260 622 481 660 mercedem
501 609 631 658 ineam
650 632 658 656 :
682 633 698 653 n
728 629 816 656 ecce
837 614 1140 663 beneplacitum,
1165 624 1285 661 quan-

260 690 340 723 tum
363 684 413 722 ad
433 683 594 721 interius
613 680 891 719 testimonium.
914 676 1092 715 Secunda
1112 675 1286 713 conditio

260 747 440 785 scribitur
465 747 478 768 ’³
508 757 516 781 ε
548 757 566 777 ει
593 744 695 781 Fecit
726 745 798 779 Asa
827 739 937 788 quod
968 739 1121 776 bonum
1151 741 1187 775 et
1206 737 1289 785 pla-

261 809 379 846 citum
404 810 485 844 erat
514 807 554 843 in
582 807 792 852 conspectu
822 802 886 839 Dei
910 814 918 838 :
941 815 959 837 n
984 811 1072 838 cece
1102 797 1289 849 benepla-

260 872 379 909 citum
400 897 411 915 ,
449 871 640 916 quantum
685 865 737 903 ad
784 864 963 912 superius
1006 860 1285 900 testimonium.

259 932 382 970 Tertia
411 930 585 968 conditio
614 928 778 966 traditur
806 927 857 964 ab
885 924 1070 973 Apostolo
1090 924 1104 946 ³
1127 936 1134 960 :
1161 937 1178 957 ιι
1199 925 1289 959 Pro-

260 994 438 1032 videmus
451 993 558 1030 bona
577 1001 658 1029 non
678 990 807 1028 solum
825 999 958 1026 coram
976 989 1067 1031 Deo,
1086 985 1156 1022 sed
1171 984 1287 1021 etiam

260 1067 394 1094 coram
412 1054 639 1093 hominihus
659 1065 667 1089 ε
688 1066 706 1086 »
731 1062 819 1088 ecce
837 1048 1143 1098 beneplacitum,
1165 1057 1287 1095 quan-

260 1123 343 1156 tum
363 1118 414 1155 ad
433 1117 603 1155 exterius
626 1114 907 1152 testimonium.

572 1220 759 1256 Articulus
786 1217 973 1254 secundus.

307 1304 365 1342 Ad
395 1302 709 1339 humiliationem
733 1300 922 1349 pertinet,
957 1297 1067 1345 quod
1096 1296 1289 1344 praedietis

263 1368 544 1413 consequenter
580 1363 747 1400 eohaeret
786 1374 794 1398 ε
837 1362 929 1405 Quia
968 1360 1171 1396 humiliasti
1208 1369 1286 1404 me,

263 1429 407 1466 scilicet
433 1427 669 1464 conscientia
705 1424 939 1470 castigante,
973 1431 1054 1459 non
1087 1419 1290 1467 concupis—

263 1491 386 1528 centia
425 1489 657 1536 instigante3
694 1487 833 1524 dolore
872 1484 1166 1528 inflammante,
1208 1492 1290 1519 non

264 1552 518 1590 delectatione
543 1551 716 1587 inflante.
748 1551 791 1586 Et
828 1550 920 1585 nota
960 1545 1070 1594 quod
1103 1545 1290 1581 Dominus

263 1615 372 1654 aliter
386 1613 566 1651 humiliat
586 1612 853 1660 incipientem,
876 1609 985 1646 aliter
1004 1607 1288 1656 proficientem,

263 1679 374 1716 aliter
403 1678 614 1726 perfectum
639 1688 647 1711 :
679 1674 851 1723 primum
868 1701 877 1717 ,
910 1671 962 1708 ad
990 1669 1288 1718 poenitendum3

263 1740 494 1784 secundum,
516 1738 568 1775 ad
587 1736 842 1785 patiendum3
865 1734 1040 1778 tertium,
1062 1732 1114 1768 ad
1134 1741 1291 1779 compa-

263 1804 452 1842 tiendum.
493 1804 543 1839 De
574 1801 702 1849 primo
735 1808 945 1847 possumus
977 1796 1154 1844 accipere
1191 1795 1292 1832 illud

263 1867 471 1905 Psalmistae
488 1866 500 1887 '⁴
523 1878 530 1901 :
557 1878 575 1899 «
595 1862 791 1911 Cognovi,
811 1861 995 1906 Domine,
1018 1859 1112 1907 quia
1131 1858 1293 1906 aequitas

258 1929 408 1976 ,iudicia
429 1931 511 1974 tua,
541 1929 577 1963 et
595 1926 635 1962 in
662 1925 819 1962 veritate
838 1927 905 1960 tua
933 1922 1145 1960 humiliasti
1164 1933 1248 1967 me,
1270 1935 1287 1956 υ

262 1991 407 2028 scilicet
436 1988 705 2026 humiliatione
737 1985 985 2034 poenitentiae.
1028 1986 1077 2020 De
1117 1983 1291 2020 secundo

262 2056 362 2090 recte
383 2052 473 2089 satis
493 2051 714 2099 exponitur,
737 2048 847 2097 quod
866 2046 1126 2095 proponitur⁵
1150 2057 1158 2081 :
1182 2058 1199 2078 (ι
1218 2048 1293 2082 Cur

263 2114 408 2152 vocatis
439 2125 502 2151 me
534 2113 695 2158 Noemi,
722 2112 764 2148 id
797 2113 870 2155 est,
902 2109 1136 2157 pulchram,
1169 2118 1292 2156 quam

263 2177 449 2213 Dominus
488 2174 730 2217 humiliavit,
770 2186 788 2207 »
831 2171 977 2207 scilieet
1019 2169 1293 2207 humiliatione

262 2238 486 2285 patientiae?
508 2239 557 2273 De
577 2235 688 2272 tertio
710 2237 887 2282 patenter
914 2231 1165 2278 intelligitur,
1183 2231 1293 2278 quod

263 2300 404 2347 legitur
423 2300 436 2321 ὓ
467 2311 475 2335 :
515 2313 532 2332 α
563 2298 709 2342 Timeo,
743 2306 792 2332 ne
829 2295 972 2332 iterum
1000 2304 1089 2330 cum
1127 2303 1293 2338 venero,

263 2361 442 2398 humiliet
471 2370 533 2396 me
561 2361 658 2395 Deus
687 2357 795 2405 apud
826 2368 917 2402 vos,
940 2370 958 2390 »
992 2355 1139 2392 scilicet
1168 2355 1294 2392 humi-

262 2423 420 2460 liatione
463 2420 774 2468 compatientiae5
814 2418 919 2456 unde
954 2418 1130 2466 sequitur
1170 2429 1178 2453 :
1215 2419 1296 2454 «Et

264 2485 423 2531 lugeam
441 2482 585 2520 multos
603 2493 650 2519 ex
670 2482 736 2527 iis,
760 2481 828 2529 qui
850 2484 936 2518 ante
956 2481 1239 2528 peccaverunt,
1259 2482 1295 2516 et

264 2557 345 2584 non
365 2548 528 2594 egerunt
551 2544 834 2593 poenitentiam.
853 2558 868 2576 »

594 2650 782 2686 Articulus
811 2651 949 2685 tertius.

312 2735 370 2774 Ad
392 2734 720 2772 illuminationem
743 2732 919 2778 refertur,
940 2732 1050 2780 quod
1075 2732 1182 2768 illico
1206 2732 1295 2768 sub-

267 2797 448 2833 infertur:
482 2798 525 2832 l‘t
553 2797 712 2840 discam,
733 2794 877 2831 scilicet
908 2794 1032 2840 gratia
1062 2793 1291 2835 illustrante,

267 2868 347 2894 non
372 2857 520 2894 malitia
545 2859 773 2893 excaecante.
803 2856 868 2892 Hic
895 2866 1104 2903 possumus
1133 2857 1293 2900 notare,

268 2919 377 2967 quod
402 2917 602 2965 tripliciter
633 2918 819 2964 contingit
839 2917 1009 2962 discere,
1030 2916 1211 2953 videlicet
1231 2927 1294 2952 ex-

267 2982 499 3030 perimento,
518 2980 713 3027 exemplo,
735 2980 872 3016 intimo
900 2979 1137 3016 documento
1160 2991 1167 3015 :
1192 2989 1291 3026 quo-

268 3054 356 3080 rum
375 3043 547 3090 primum
564 3041 757 3089 praecipue
771 3041 889 3078 habet
903 3041 1035 3078 locum
1050 3041 1088 3077 in
1103 3040 1294 3088 physicis3

269 3104 508 3149 seeundum,
541 3103 582 3139 in
607 3102 762 3148 ethicis;
794 3102 968 3147 tertium,
990 3103 1029 3138 in
1057 3102 1212 3138 divinis.
1244 3104 1295 3138 De

269 3166 397 3214 primo
425 3166 438 3187 ⁷
465 3177 473 3201 :
512 3178 528 3198 «
555 3164 829 3212 Experimento
860 3163 1003 3208 didici,
1035 3164 1143 3211 quod
1179 3164 1296 3200 hene*

270 3229 410 3268 dixerit
428 3229 525 3266 mihi
546 3231 643 3265 Deus
663 3231 823 3276 propter
837 3231 885 3273 te,
904 3242 920 3262 »
941 3228 1085 3264 seilicet
1105 3230 1297 3275 quantum

271 3293 323 3329 ad
348 3291 713 3339 multiplicationem
744 3289 975 3327 animalium
995 3301 1002 3326 :
1035 3300 1124 3326 ecce
1144 3290 1296 3336 experi-

271 3356 447 3391 mentum
474 3353 694 3401 physicum.
723 3354 774 3389 De
793 3351 967 3389 secundo
987 3353 1000 3373 ⁵⁵
1023 3364 1031 3388 :
1058 3364 1076 3386 «
1106 3351 1294 3398 Exemplo

317 3450 453 3491 ¹Zach.,
475 3458 522 3490 XI,
546 3451 595 3481 12.
609 3466 652 3473 —
669 3450 682 3471 ²
699 3450 724 3481 ll
748 3448 911 3490 Paralip„
929 3456 1000 3489 xlv,
1021 3451 1052 3481 2.
1067 3465 1107 3472 —
1126 3449 1138 3467 ³
1160 3449 1184 3479 ΙΙ
1207 3448 1298 3488 Cor„

274 3506 358 3535 vni,
387 3500 437 3529 ¹1.
464 3514 504 3520 —
533 3497 546 3519 ⁸
575 3496 667 3529 Psal.
697 3497 780 3537 hoc,
812 3498 863 3529 73.
892 3514 927 3519 —
955 3497 969 3518 ⁵
989 3495 1088 3536 Rulli,
1116 3504 1147 3537 1,
1172 3497 1224 3528 21.
1257 3512 1296 3519 -

276 3547 287 3565 ⁵
306 3546 332 3579 ll
358 3545 448 3585 Cor„
471 3550 509 3584 11,
531 3544 583 3575 21.
602 3560 643 3567 —
660 3544 674 3565 ⁷
695 3543 789 3585 Gen„
808 3551 892 3585 xxx,
913 3545 964 3576 27.
985 3561 1027 3568 -
1043 3544 1054 3563 ⁸
1069 3544 1182 3584 Prov.‚
1202 3550 1297 3582 xxiv,

957 275 1227 319 EXPOSlTlO
1259 276 1309 318 IN
1339 275 1688 320 PSALTERlUM.

1362 366 1482 404 didici
1503 367 1750 416 disciplinam
1773 383 1782 405 :
1804 383 1821 403 »
1846 380 1935 406 ecce
1955 370 2181 417 exemplum
2201 370 2382 408 ethicum.

1361 430 1411 466 De
1433 429 1542 466 tertio
1562 431 1599 466 ⁰:
1626 444 1644 465 «
1663 432 1802 468 Notum
1823 431 1938 468 vobis
1956 432 2071 475 facio,
2092 431 2240 476 fratres,
2260 434 2384 468 Evan-

1361 491 1521 537 gelium,
1539 492 1648 539 quod
1663 493 1972 540 evangelizatum
1991 496 2047 530 est
2061 504 2083 531 a
2100 504 2178 539 me,
2196 493 2385 541 quianon

1362 556 1417 589 cst
1445 553 1662 590 secundum
1687 555 1889 592 hominem
1910 568 1918 591 :
1941 566 2069 603 neque
2104 555 2209 592 enim
2233 566 2305 602 ego
2335 556 2385 592 ab

1361 614 1521 652 homine
1550 616 1679 662 accepi
1719 616 1834 661 illud,
1872 628 1998 665 neque
2039 617 2173 662 didici,
2210 617 2279 653 sed
2316 627 2387 665 per

1361 677 1640 714 revelationem
1658 679 1745 714 Jesu
1764 678 1898 715 Christi
1921 691 1928 715 :
1952 693 1968 713 >³
2002 690 2090 717 ecce
2111 679 2292 716 intimum
2315 678 2387 716 do-

1363 741 1602 775 eumenium.

1688 838 1874 873 Articulus
1900 843 2060 884 quartus.

1410 925 1467 961 Ad
1484 924 1802 971 jtistificationem
1822 927 1969 973 spectat
1988 926 2098 974 quod
2114 929 2229 964 restat
2250 938 2258 963 :
2279 928 2390 963 Justz'-

1361 988 1544 1032 [tentiones
1579 991 1678 1034 tuas,
1710 999 1791 1025 non
1821 988 2161 1035 praevaricationes
2192 999 2312 1026 meaS.
2348 990 2391 1024 Et

1362 1052 1469 1095 nota,
1487 1049 1900 1096 quodjustificationcs
1919 1050 2010 1087 istas
2031 1050 2222 1087 debemus
2242 1049 2390 1087 discere

1364 1110 1503 1159 triplici
1532 1111 1708 1148 ratione:
1739 1112 1832 1159 quia
1861 1112 2034 1158 dirigunt
2060 1112 2101 1149 in
2126 1111 2294 1149 consiliis
2310 1140 2322 1158 ,
2350 1111 2391 1148 in

1359 1173 1530 1220 judiciis,
1551 1173 1592 1209 in
1612 1174 1802 1210 exercitiis
1823 1187 1831 1210 :
1855 1185 2025 1222 quorum
2044 1174 2217 1223 primum
2247 1175 2393 1222 spectat

1363 1236 1414 1272 ad
1436 1235 1761 1273 deliberationem
1774 1250 1784 1283 ;
1806 1237 2039 1282 secundum,
2060 1237 2112 1274 ad
2132 1236 2387 1280 electionem3

1364 1297 1543 1344 tertium,
1583 1298 1636 1335 ad
1673 1299 1959 1336 executionem.
1998 1302 2047 1336 De
2085 1299 2214 1346 primo
2259 1297 2393 1336 scribit

1366 1359 1697 1408 Psalmographus
1714 1362 1741 1387 ¹0
1763 1373 1797 1397 :<‹
1818 1360 2032 1397 Consilium
2054 1371 2187 1397 meum
2204 1359 2392 1407 justifica-

1364 1422 1488 1458 tiones
1508 1425 1580 1458 tuae
1592 1435 1603 1468 3
1625 1437 1642 1457 »
1667 1433 1756 1460 ecce
1776 1422 1986 1460 consilium
2006 1421 2313 1459 deliberationis
2341 1423 2393 1458 De

1364 1484 1539 1521 secundo
1566 1484 1742 1522 similiter
1774 1485 1827 1521 ait
1855 1484 2187 1532 psalmographus
2208 1483 2233 1505 ¹¹
2266 1495 2274 1520 :
2301 1483 2394 1520 «Ad

1366 1547 1634 1584 confitendum
1666 1547 1735 1584 tibi
1775 1558 1893 1595 super
1924 1546 2074 1594 judicIa
2108 1545 2394 1593 justificationis

1365 1613 1440 1646 tuae
1465 1622 1472 1646 t
1495 1623 1512 1644 »
1539 1620 1626 1647 ecce
1643 1609 1839 1656 judicium
1859 1609 2069 1646 electionis.
2093 1610 2143 1644 De
2163 1607 2274 1644 tertio
2295 1618 2393 1655 quo-

1365 1682 1442 1719 que
1475 1671 1680 1719 psallimus
1702 1673 1729 1694 ¹²
1752 1683 1761 1707 ε
1788 1685 1804 1705 «
1834 1671 2053 1707 Exercebor
2082 1670 2123 1706 in
2150 1668 2392 1717 justificatio·

1365 1734 1482 1771 nibus
1502 1733 1577 1771 tuis
1599 1746 1607 1769 :
1630 1746 1647 1767 »
1671 1743 1759 1770 ecce
1779 1732 2005 1770 exercitium
2025 1731 2278 1769 executionis.

1796 1840 1964 1881 Epilogus.

1414 1926 1455 1959 Et
1474 1923 1551 1959 hoc
1572 1924 1645 1966 est,
1667 1921 1777 1969 quod
1796 1921 1975 1968 psallitur
1993 1930 2062 1967 per
2083 1919 2316 1967 prophetam
2335 1919 2394 1956 in-

1366 1985 1569 2022 timantem
1591 1984 1740 2032 peccati
1769 1982 2055 2031 displicentiam
2079 1994 2087 2018 :
2109 1983 2245 2018 Bonum
2269 1981 2359 2017 mihi
2382 1994 2393 2017 .·

1368 2060 1456 2086 ecce
1476 2047 1768 2095 heneplacitum
1788 2049 1923 2083 contra
1938 2045 2235 2092 maleplacitum
2251 2054 2397 2081 remor-

1367 2112 1487 2148 sionis
1496 2125 1506 2157 3
1530 2113 1617 2156 quia
1634 2110 1840 2146 humiliasti
1857 2120 1935 2144 me:
1957 2118 2046 2144 ecee
2067 2106 2286 2143 humiliatIO
2307 2117 2397 2143 con-

1367 2177 1426 2211 tra
1452 2172 1696 2210 inflationem
1727 2170 1997 2208 delectationis
2007 2182 2018 2215 3
2047 2172 2087 2205 ut
2111 2170 2246 2205 discam
2268 2180 2280 2205 .·
2307 2179 2395 2205 ecce

1366 2235 1601 2273 illuminatio
1635 2237 1769 2270 contra
1801 2231 2102 2269 excaecationem
2137 2229 2371 2267 assensionis
2383 2243 2394 2276 ‚²

1361 2298 1636 2344 justificationes
1657 2301 1738 2332 tuas
1760 2308 1770 2330 :
1799 2305 1886 2331 ecce
1902 2293 2125 2340 justificatio
2147 2295 2282 2329 contra
2301 2302 2395 2340 prae-

1367 2359 1648 2396 varicationem
1669 2356 1918 2405 operationis.

1722 2503 1944 2532 VERSICULUS
1970 2503 2047 2530 vlu.

1416 2614 1474 2647 72.
1487 2612 1621 2647 Bonum
1631 2609 1722 2645 mihi
1732 2610 1788 2645 lex
1799 2610 1870 2645 oris
1882 2608 1948 2653 tui,
1960 2609 2031 2644 etc.
2041 2604 2317 2642 Praecesserunt
2327 2602 2397 2640 tria

1370 2670 1676 2709 conversationis
1702 2669 1868 2715 indicia,
1887 2667 2071 2705 videlicet
2092 2665 2314 2703 tentationis
2337 2675 2397 2701 re-

1369 2733 1560 2776 sistentia,
1591 2731 1791 2769 tentatoris
1820 2729 2006 2775 victoria,
2038 2730 2291 2776 peccatorum
2321 2725 2398 2763 dis-

1368 2796 1569 2845 plicentia,
1588 2794 1751 2832 totidem
1769 2793 1947 2830 versibus
1965 2792 2194 2840 praenotata.
2221 2788 2398 2826 Succedit

1369 2862 1576 2908 quartum,
1607 2857 1752 2894 seilicet
1778 2856 2056 2893 mandatorum
2088 2851 2397 2900 complacentia,

1369 2932 1490 2968 quam
1505 2920 1687 2956 subnotat
1700 2918 1925 2966 quadrifida
1940 2927 2075 2954 versus
2089 2914 2289 2963 praesentis
2306 2924 2396 2950 con-

1369 2983 1543 3019 tinentia.
1574 2983 1760 3018 causatur
1789 2982 1918 3017 autem
1945 2977 2165 3027 praehabita
2195 2975 2398 3013 mandato-

1369 3055 1459 3081 rum
1493 3042 1779 3091 complacentia
1813 3052 1860 3078 cx
1898 3038 2186 3088 quadripartita
2220 3038 2398 3086 ipsorum

1370 3106 1659 3143 circumstantia
1682 3117 1690 3141 :
1711 3107 1825 3153 puta,
1847 3103 1940 3152 quia
1965 3102 2201 3146 correctiva,
2225 3100 2320 3148 quia
2341 3099 2398 3136 di-

1368 3169 1533 3214 rectiva,
1558 3168 1652 3216 quia
1676 3166 1864 3212 crectiva,
1897 3165 1991 3214 quia
2020 3163 2231 3212 perfectiva
2261 3174 2270 3199 :
2303 3171 2397 3198 nam

1369 3230 1617 3266 mundanum
1639 3229 1822 3266 affectum
1841 3227 2061 3274 corrigunt,
2082 3226 2283 3273 aspectum
2302 3221 2395 3259 diri-

1369 3295 1486 3338 gunt,
1506 3292 1685 3328 auditum
1704 3291 1879 3338 erigunt,
1901 3291 1939 3327 et
1958 3288 2008 3326 ad
2027 3286 2167 3325 mundi
2193 3285 2394 3330 contemp-

1370 3358 1451 3390 tum
1471 3353 1694 3398 accingunt.

1370 3442 1422 3471 32.
1449 3456 1488 3462 —
1515 3440 1529 3461 ⁹
1554 3439 1645 3480 Gal„
1666 3447 1688 3479 1,
1712 3440 1762 3470 12.
1786 3454 1824 3461 —
1852 3438 1877 3460 ¹⁰
1898 3435 1988 3468 Psal.
2008 3435 2091 3472 hoc,
2113 3433 2165 3464 24.
2187 3446 2226 3456 —
2247 3430 2274 3453 ¹¹
2297 3430 2394 3468 ibid„

1370 3488 1421 3518 62.
1442 3504 1482 3509 -
1503 3486 1642 3525 ¹²1hid.,
1661 3488 1716 3518 23.

1412 3542 1455 3582 (a)
1477 3542 1555 3574 Caet.
1581 3541 1664 3572 edit.
1685 3539 1824 3573 auferte.
