<?xml version="1.0" encoding="UTF-8"?>
<!DOCTYPE html PUBLIC "-//W3C//DTD XHTML 1.0 Transitional//EN"
    "http://www.w3.org/TR/xhtml1/DTD/xhtml1-transitional.dtd">
<html xmlns="http://www.w3.org/1999/xhtml" xml:lang="en" lang="en">
 <head>
  <title>
</title>
<meta http-equiv="Content-Type" content="text/html;charset=utf-8" />
  <meta name='ocr-system' content='tesseract 3.04.00' />
  <meta name='ocr-capabilities' content='ocr_page ocr_carea ocr_par ocr_line ocrx_word'/>
</head>
<body>
  <div class='ocr_page' id='page_1' title='image "./operaomniasixtiv09bonauoft_0077.png"; bbox 0 0 2633 3878; ppageno 0'>
   <div class='ocr_carea' id='block_1_1' title="bbox 109 973 250 1082">
    <p class='ocr_par' dir='ltr' id='par_1_1' title="bbox 109 973 250 1082">
     <span class='ocr_line' id='line_1_1' title="bbox 137 973 250 998; baseline 0 0"><span class='ocrx_word' id='word_1_1' title='bbox 137 973 250 998; x_wconf 83' lang='lat' dir='ltr'>Sermo-</span> 
     </span>
     <span class='ocr_line' id='line_1_2' title="bbox 110 1013 248 1040; baseline 0 0"><span class='ocrx_word' id='word_1_2' title='bbox 110 1013 248 1040; x_wconf 75' lang='lat' dir='ltr'>cinalium</span> 
     </span>
     <span class='ocr_line' id='line_1_3' title="bbox 109 1053 222 1082; baseline -0.009 0"><span class='ocrx_word' id='word_1_3' title='bbox 109 1053 222 1082; x_wconf 84' lang='lat' dir='ltr'>divisio.</span> 
     </span>
    </p>
   </div>
   <div class='ocr_carea' id='block_1_2' title="bbox 107 1471 242 1540">
    <p class='ocr_par' dir='ltr' id='par_1_2' title="bbox 107 1471 242 1540">
     <span class='ocr_line' id='line_1_4' title="bbox 111 1471 242 1498; baseline 0.008 -1"><span class='ocrx_word' id='word_1_4' title='bbox 111 1471 242 1498; x_wconf 75' lang='lat' dir='ltr'>Rationis</span> 
     </span>
     <span class='ocr_line' id='line_1_5' title="bbox 107 1520 226 1540; baseline 0.008 -1"><span class='ocrx_word' id='word_1_5' title='bbox 107 1520 226 1540; x_wconf 77' lang='lat' dir='ltr'>munus.</span> 
     </span>
    </p>
   </div>
   <div class='ocr_carea' id='block_1_3' title="bbox 965 223 1728 276">
    <p class='ocr_par' dir='ltr' id='par_1_3' title="bbox 965 223 1728 276">
     <span class='ocr_line' id='line_1_6' title="bbox 965 223 1728 276; baseline 0 -10"><span class='ocrx_word' id='word_1_6' title='bbox 965 225 1016 266; x_wconf 92' lang='lat' dir='ltr'>IN</span> <span class='ocrx_word' id='word_1_7' title='bbox 1047 223 1429 276; x_wconf 84' lang='lat' dir='ltr'><strong>HEXAEMERON.</strong></span> <span class='ocrx_word' id='word_1_8' title='bbox 1458 225 1630 266; x_wconf 73' lang='lat' dir='ltr'>SERMo</span> <span class='ocrx_word' id='word_1_9' title='bbox 1662 225 1728 266; x_wconf 88' lang='lat' dir='ltr'>lV.</span> 
     </span>
    </p>
   </div>
   <div class='ocr_carea' id='block_1_4' title="bbox 262 311 1308 3585">
    <p class='ocr_par' dir='ltr' id='par_1_4' title="bbox 268 311 1308 936">
     <span class='ocr_line' id='line_1_7' title="bbox 273 311 1306 366; baseline -0.005 -10"><span class='ocrx_word' id='word_1_10' title='bbox 273 313 324 356; x_wconf 76' lang='lat' dir='ltr'>de</span> <span class='ocrx_word' id='word_1_11' title='bbox 347 315 642 366; x_wconf 77' lang='lat' dir='ltr'>Generatione,</span> <span class='ocrx_word' id='word_1_12' title='bbox 663 318 702 357; x_wconf 81' lang='lat' dir='ltr'>ec</span> <span class='ocrx_word' id='word_1_13' title='bbox 721 313 1021 366; x_wconf 78' lang='lat' dir='ltr'>corruptione.-</span> <span class='ocrx_word' id='word_1_14' title='bbox 1047 313 1089 352; x_wconf 89' lang='lat' dir='ltr'>et</span> <span class='ocrx_word' id='word_1_15' title='bbox 1106 311 1157 352; x_wconf 89' lang='lat' dir='ltr'>de</span> <span class='ocrx_word' id='word_1_16' title='bbox 1178 322 1306 362; x_wconf 84' lang='lat' dir='ltr'>vege-</span> 
     </span>
     <span class='ocr_line' id='line_1_8' title="bbox 273 382 1308 437; baseline -0.004 -11"><span class='ocrx_word' id='word_1_17' title='bbox 273 386 489 437; x_wconf 87' lang='lat' dir='ltr'>tabilibus,</span> <span class='ocrx_word' id='word_1_18' title='bbox 515 386 560 426; x_wconf 90' lang='lat' dir='ltr'>in</span> <span class='ocrx_word' id='word_1_19' title='bbox 581 386 688 426; x_wconf 89' lang='lat' dir='ltr'>libro</span> <span class='ocrx_word' id='word_1_20' title='bbox 714 384 766 426; x_wconf 83' lang='lat' dir='ltr'>de</span> <span class='ocrx_word' id='word_1_21' title='bbox 791 384 982 433; x_wconf 73' lang='lat' dir='ltr'>Plancis,</span> <span class='ocrx_word' id='word_1_22' title='bbox 1004 383 1079 424; x_wconf 89' lang='lat' dir='ltr'>ubi</span> <span class='ocrx_word' id='word_1_23' title='bbox 1108 385 1207 423; x_wconf 90' lang='lat' dir='ltr'>sunt</span> <span class='ocrx_word' id='word_1_24' title='bbox 1225 382 1308 422; x_wconf 88' lang='lat' dir='ltr'>mi-</span> 
     </span>
     <span class='ocr_line' id='line_1_9' title="bbox 274 453 1306 505; baseline -0.004 -8"><span class='ocrx_word' id='word_1_25' title='bbox 274 457 425 497; x_wconf 88' lang='lat' dir='ltr'>rabiles</span> <span class='ocrx_word' id='word_1_26' title='bbox 445 455 821 505; x_wconf 86' lang='lat' dir='ltr'>considerationes;</span> <span class='ocrx_word' id='word_1_27' title='bbox 844 457 919 495; x_wconf 87' lang='lat' dir='ltr'>aut</span> <span class='ocrx_word' id='word_1_28' title='bbox 945 455 995 495; x_wconf 91' lang='lat' dir='ltr'>de</span> <span class='ocrx_word' id='word_1_29' title='bbox 1016 453 1306 502; x_wconf 81' lang='lat' dir='ltr'>sensibilibus,</span> 
     </span>
     <span class='ocr_line' id='line_1_10' title="bbox 274 526 1308 579; baseline -0.004 -11"><span class='ocrx_word' id='word_1_30' title='bbox 274 531 322 569; x_wconf 91' lang='lat' dir='ltr'>ut</span> <span class='ocrx_word' id='word_1_31' title='bbox 340 528 383 568; x_wconf 90' lang='lat' dir='ltr'>in</span> <span class='ocrx_word' id='word_1_32' title='bbox 402 527 508 568; x_wconf 91' lang='lat' dir='ltr'>libro</span> <span class='ocrx_word' id='word_1_33' title='bbox 529 526 580 569; x_wconf 83' lang='lat' dir='ltr'>de</span> <span class='ocrx_word' id='word_1_34' title='bbox 601 526 895 577; x_wconf 72' lang='lat' dir='ltr'>Animalibus,</span> <span class='ocrx_word' id='word_1_35' title='bbox 920 537 1048 579; x_wconf 86' lang='lat' dir='ltr'>quem</span> <span class='ocrx_word' id='word_1_36' title='bbox 1064 527 1202 566; x_wconf 88' lang='lat' dir='ltr'>totum</span> <span class='ocrx_word' id='word_1_37' title='bbox 1221 536 1308 564; x_wconf 89' lang='lat' dir='ltr'>non</span> 
     </span>
     <span class='ocr_line' id='line_1_11' title="bbox 273 595 1307 642; baseline -0.004 -2"><span class='ocrx_word' id='word_1_38' title='bbox 273 599 506 640; x_wconf 87' lang='lat' dir='ltr'>habemus:</span> <span class='ocrx_word' id='word_1_39' title='bbox 538 601 611 639; x_wconf 89' lang='lat' dir='ltr'>aut</span> <span class='ocrx_word' id='word_1_40' title='bbox 644 599 695 639; x_wconf 88' lang='lat' dir='ltr'>de</span> <span class='ocrx_word' id='word_1_41' title='bbox 719 598 1012 642; x_wconf 80' lang='lat' dir='ltr'>rationalibus,</span> <span class='ocrx_word' id='word_1_42' title='bbox 1036 599 1086 637; x_wconf 92' lang='lat' dir='ltr'>ut</span> <span class='ocrx_word' id='word_1_43' title='bbox 1120 596 1164 636; x_wconf 92' lang='lat' dir='ltr'>in</span> <span class='ocrx_word' id='word_1_44' title='bbox 1199 595 1307 636; x_wconf 86' lang='lat' dir='ltr'>libro</span> 
     </span>
     <span class='ocr_line' id='line_1_12' title="bbox 272 667 1307 722; baseline -0.002 -11"><span class='ocrx_word' id='word_1_45' title='bbox 272 670 324 711; x_wconf 84' lang='lat' dir='ltr'>de</span> <span class='ocrx_word' id='word_1_46' title='bbox 343 670 502 711; x_wconf 76' lang='lat' dir='ltr'>Anima</span> <span class='ocrx_word' id='word_1_47' title='bbox 521 681 618 710; x_wconf 85' lang='lat' dir='ltr'>cum</span> <span class='ocrx_word' id='word_1_48' title='bbox 641 669 730 710; x_wconf 84' lang='lat' dir='ltr'>suis</span> <span class='ocrx_word' id='word_1_49' title='bbox 749 667 1066 722; x_wconf 80' lang='lat' dir='ltr'>appendicibus,</span> <span class='ocrx_word' id='word_1_50' title='bbox 1084 667 1238 708; x_wconf 86' lang='lat' dir='ltr'>scilicet</span> <span class='ocrx_word' id='word_1_51' title='bbox 1257 667 1307 709; x_wconf 78' lang='lat' dir='ltr'>de</span> 
     </span>
     <span class='ocr_line' id='line_1_13' title="bbox 273 739 1303 791; baseline -0.003 -9"><span class='ocrx_word' id='word_1_52' title='bbox 273 742 403 783; x_wconf 71' lang='lat' dir='ltr'>Senszc</span> <span class='ocrx_word' id='word_1_53' title='bbox 431 745 467 783; x_wconf 75' lang='lat' dir='ltr'>el</span> <span class='ocrx_word' id='word_1_54' title='bbox 487 741 690 791; x_wconf 76' lang='lat' dir='ltr'>SensatO,</span> <span class='ocrx_word' id='word_1_55' title='bbox 721 745 759 783; x_wconf 81' lang='lat' dir='ltr'>ec</span> <span class='ocrx_word' id='word_1_56' title='bbox 784 740 836 782; x_wconf 79' lang='lat' dir='ltr'>cle</span> <span class='ocrx_word' id='word_1_57' title='bbox 861 740 1080 790; x_wconf 72' lang='lat' dir='ltr'>Memoria,</span> <span class='ocrx_word' id='word_1_58' title='bbox 1106 743 1143 780; x_wconf 73' lang='lat' dir='ltr'>et</span> <span class='ocrx_word' id='word_1_59' title='bbox 1167 739 1303 780; x_wconf 76' lang='lat' dir='ltr'>Remi-</span> 
     </span>
     <span class='ocr_line' id='line_1_14' title="bbox 268 810 1302 865; baseline -0.002 -11"><span class='ocrx_word' id='word_1_60' title='bbox 268 814 501 861; x_wconf 76' lang='lat' dir='ltr'>niscentt’a,</span> <span class='ocrx_word' id='word_1_61' title='bbox 526 812 577 855; x_wconf 77' lang='lat' dir='ltr'>(Ie</span> <span class='ocrx_word' id='word_1_62' title='bbox 599 812 774 865; x_wconf 67' lang='lat' dir='ltr'>Spiritu</span> <span class='ocrx_word' id='word_1_63' title='bbox 797 815 837 855; x_wconf 79' lang='lat' dir='ltr'>ec</span> <span class='ocrx_word' id='word_1_64' title='bbox 859 812 1039 860; x_wconf 72' lang='lat' dir='ltr'>Anima,</span> <span class='ocrx_word' id='word_1_65' title='bbox 1064 810 1113 852; x_wconf 83' lang='lat' dir='ltr'>de</span> <span class='ocrx_word' id='word_1_66' title='bbox 1136 810 1302 858; x_wconf 75' lang='lat' dir='ltr'>Somno,</span> 
     </span>
     <span class='ocr_line' id='line_1_15' title="bbox 269 883 944 936; baseline -0.003 -10"><span class='ocrx_word' id='word_1_67' title='bbox 269 887 307 926; x_wconf 76' lang='lat' dir='ltr'>et</span> <span class='ocrx_word' id='word_1_68' title='bbox 333 883 511 936; x_wconf 61' lang='lat' dir='ltr'>Viam-ta,</span> <span class='ocrx_word' id='word_1_69' title='bbox 533 883 584 926; x_wconf 82' lang='lat' dir='ltr'>de</span> <span class='ocrx_word' id='word_1_70' title='bbox 605 884 738 926; x_wconf 76' lang='lat' dir='ltr'>Morte</span> <span class='ocrx_word' id='word_1_71' title='bbox 759 887 799 926; x_wconf 81' lang='lat' dir='ltr'>et</span> <span class='ocrx_word' id='word_1_72' title='bbox 826 883 944 925; x_wconf 77' lang='lat' dir='ltr'>Vita.</span> 
     </span>
    </p>

    <p class='ocr_par' dir='ltr' id='par_1_5' title="bbox 262 954 1306 3585">
     <span class='ocr_line' id='line_1_16' title="bbox 321 954 1306 997; baseline -0.003 0"><span class='ocrx_word' id='word_1_73' title='bbox 321 955 540 997; x_wconf 84' lang='lat' dir='ltr'>Secundus</span> <span class='ocrx_word' id='word_1_74' title='bbox 555 955 699 995; x_wconf 87' lang='lat' dir='ltr'>radius</span> <span class='ocrx_word' id='word_1_75' title='bbox 714 954 900 995; x_wconf 87' lang='lat' dir='ltr'>veritatis</span> <span class='ocrx_word' id='word_1_76' title='bbox 917 954 1116 994; x_wconf 86' lang='lat' dir='ltr'>informat</span> <span class='ocrx_word' id='word_1_77' title='bbox 1135 954 1188 994; x_wconf 90' lang='lat' dir='ltr'>ad</span> <span class='ocrx_word' id='word_1_78' title='bbox 1209 966 1306 995; x_wconf 91' lang='lat' dir='ltr'>con-</span> 
     </span>
     <span class='ocr_line' id='line_1_17' title="bbox 267 1025 1305 1077; baseline -0.004 -9"><span class='ocrx_word' id='word_1_79' title='bbox 267 1026 873 1076; x_wconf 87' lang='lat' dir='ltr'>siderationemlocutionum,</span> <span class='ocrx_word' id='word_1_80' title='bbox 898 1028 938 1066; x_wconf 87' lang='lat' dir='ltr'>et</span> <span class='ocrx_word' id='word_1_81' title='bbox 964 1025 1305 1077; x_wconf 85' lang='lat' dir='ltr'>argumentatio-</span> 
     </span>
     <span class='ocr_line' id='line_1_18' title="bbox 267 1097 1305 1152; baseline -0.002 -13"><span class='ocrx_word' id='word_1_82' title='bbox 267 1110 386 1150; x_wconf 85' lang='lat' dir='ltr'>num,</span> <span class='ocrx_word' id='word_1_83' title='bbox 409 1098 736 1152; x_wconf 75' lang='lat' dir='ltr'>persuasionum</span> <span class='ocrx_word' id='word_1_84' title='bbox 755 1097 1089 1148; x_wconf 80' lang='lat' dir='ltr'>rationabilium,</span> <span class='ocrx_word' id='word_1_85' title='bbox 1107 1100 1154 1138; x_wconf 93' lang='lat' dir='ltr'>ut</span> <span class='ocrx_word' id='word_1_86' title='bbox 1175 1097 1305 1138; x_wconf 88' lang='lat' dir='ltr'>homo</span> 
     </span>
     <span class='ocr_line' id='line_1_19' title="bbox 266 1169 1302 1223; baseline -0.002 -11"><span class='ocrx_word' id='word_1_87' title='bbox 266 1169 420 1211; x_wconf 88' lang='lat' dir='ltr'>habeat</span> <span class='ocrx_word' id='word_1_88' title='bbox 447 1169 656 1223; x_wconf 89' lang='lat' dir='ltr'>triplicem</span> <span class='ocrx_word' id='word_1_89' title='bbox 683 1171 820 1210; x_wconf 89' lang='lat' dir='ltr'>artem</span> <span class='ocrx_word' id='word_1_90' title='bbox 840 1180 916 1221; x_wconf 86' lang='lat' dir='ltr'>per</span> <span class='ocrx_word' id='word_1_91' title='bbox 941 1180 1065 1219; x_wconf 88' lang='lat' dir='ltr'>eum,</span> <span class='ocrx_word' id='word_1_92' title='bbox 1099 1169 1152 1210; x_wconf 89' lang='lat' dir='ltr'>ad</span> <span class='ocrx_word' id='word_1_93' title='bbox 1186 1169 1302 1210; x_wconf 89' lang='lat' dir='ltr'>locu-</span> 
     </span>
     <span class='ocr_line' id='line_1_20' title="bbox 267 1240 1302 1293; baseline -0.003 -10"><span class='ocrx_word' id='word_1_94' title='bbox 267 1242 404 1283; x_wconf 81' lang='lat' dir='ltr'>tiones</span> <span class='ocrx_word' id='word_1_95' title='bbox 421 1253 615 1293; x_wconf 86' lang='lat' dir='ltr'>congrue</span> <span class='ocrx_word' id='word_1_96' title='bbox 633 1240 866 1281; x_wconf 87' lang='lat' dir='ltr'>indicantes</span> <span class='ocrx_word' id='word_1_97' title='bbox 886 1240 1040 1280; x_wconf 84' lang='lat' dir='ltr'>mentis</span> <span class='ocrx_word' id='word_1_98' title='bbox 1055 1242 1302 1293; x_wconf 85' lang='lat' dir='ltr'>conceptus:</span> 
     </span>
     <span class='ocr_line' id='line_1_21' title="bbox 266 1312 1304 1366; baseline -0.001 -13"><span class='ocrx_word' id='word_1_99' title='bbox 266 1313 318 1354; x_wconf 91' lang='lat' dir='ltr'>ad</span> <span class='ocrx_word' id='word_1_100' title='bbox 331 1313 740 1366; x_wconf 74' lang='lat' dir='ltr'>argumentationes,</span> <span class='ocrx_word' id='word_1_101' title='bbox 759 1312 975 1353; x_wconf 87' lang='lat' dir='ltr'>trahentes</span> <span class='ocrx_word' id='word_1_102' title='bbox 987 1324 1134 1353; x_wconf 81' lang='lat' dir='ltr'>omncs</span> <span class='ocrx_word' id='word_1_103' title='bbox 1150 1312 1304 1352; x_wconf 89' lang='lat' dir='ltr'>mentis</span> 
     </span>
     <span class='ocr_line' id='line_1_22' title="bbox 266 1383 1304 1437; baseline -0.002 -12"><span class='ocrx_word' id='word_1_104' title='bbox 266 1397 482 1435; x_wconf 82' lang='lat' dir='ltr'>assensus3</span> <span class='ocrx_word' id='word_1_105' title='bbox 499 1385 549 1425; x_wconf 88' lang='lat' dir='ltr'>ad</span> <span class='ocrx_word' id='word_1_106' title='bbox 564 1385 874 1437; x_wconf 84' lang='lat' dir='ltr'>persuasiones,</span> <span class='ocrx_word' id='word_1_107' title='bbox 889 1383 1139 1424; x_wconf 74' lang='lat' dir='ltr'>inclinantes</span> <span class='ocrx_word' id='word_1_108' title='bbox 1156 1395 1304 1424; x_wconf 87' lang='lat' dir='ltr'>omnes</span> 
     </span>
     <span class='ocr_line' id='line_1_23' title="bbox 267 1455 1304 1507; baseline -0.001 -10"><span class='ocrx_word' id='word_1_109' title='bbox 267 1457 422 1497; x_wconf 89' lang='lat' dir='ltr'>mentis</span> <span class='ocrx_word' id='word_1_110' title='bbox 452 1457 643 1497; x_wconf 68' lang='lat' dir='ltr'>affectus</span> <span class='ocrx_word' id='word_1_111' title='bbox 680 1455 800 1496; x_wconf 83' lang='lat' dir='ltr'>Ratio</span> <span class='ocrx_word' id='word_1_112' title='bbox 834 1455 950 1495; x_wconf 90' lang='lat' dir='ltr'>enim</span> <span class='ocrx_word' id='word_1_113' title='bbox 983 1455 1140 1507; x_wconf 82' lang='lat' dir='ltr'>cogitat</span> <span class='ocrx_word' id='word_1_114' title='bbox 1167 1455 1304 1496; x_wconf 85' lang='lat' dir='ltr'>facere</span> 
     </span>
     <span class='ocr_line' id='line_1_24' title="bbox 266 1527 1304 1581; baseline 0.001 -14"><span class='ocrx_word' id='word_1_115' title='bbox 266 1527 472 1581; x_wconf 87' lang='lat' dir='ltr'>quidquid</span> <span class='ocrx_word' id='word_1_116' title='bbox 497 1528 542 1567; x_wconf 92' lang='lat' dir='ltr'>in</span> <span class='ocrx_word' id='word_1_117' title='bbox 570 1539 614 1567; x_wconf 91' lang='lat' dir='ltr'>se</span> <span class='ocrx_word' id='word_1_118' title='bbox 642 1529 725 1578; x_wconf 88' lang='lat' dir='ltr'>est,</span> <span class='ocrx_word' id='word_1_119' title='bbox 748 1527 791 1567; x_wconf 90' lang='lat' dir='ltr'>in</span> <span class='ocrx_word' id='word_1_120' title='bbox 812 1527 920 1568; x_wconf 89' lang='lat' dir='ltr'>alio:</span> <span class='ocrx_word' id='word_1_121' title='bbox 949 1530 989 1567; x_wconf 83' lang='lat' dir='ltr'>et,</span> <span class='ocrx_word' id='word_1_122' title='bbox 1009 1527 1215 1580; x_wconf 89' lang='lat' dir='ltr'>quidquid</span> <span class='ocrx_word' id='word_1_123' title='bbox 1241 1530 1304 1568; x_wconf 89' lang='lat' dir='ltr'>est</span> 
     </span>
     <span class='ocr_line' id='line_1_25' title="bbox 265 1598 1304 1648; baseline 0.001 -9"><span class='ocrx_word' id='word_1_124' title='bbox 265 1599 310 1639; x_wconf 90' lang='lat' dir='ltr'>in</span> <span class='ocrx_word' id='word_1_125' title='bbox 330 1599 433 1648; x_wconf 90' lang='lat' dir='ltr'>alio,</span> <span class='ocrx_word' id='word_1_126' title='bbox 454 1599 589 1639; x_wconf 83' lang='lat' dir='ltr'>facere</span> <span class='ocrx_word' id='word_1_127' title='bbox 608 1598 654 1638; x_wconf 90' lang='lat' dir='ltr'>in</span> <span class='ocrx_word' id='word_1_128' title='bbox 677 1610 720 1639; x_wconf 90' lang='lat' dir='ltr'>se</span> <span class='ocrx_word' id='word_1_129' title='bbox 738 1612 746 1639; x_wconf 74' lang='grc' dir='ltr'>ε</span> <span class='ocrx_word' id='word_1_130' title='bbox 779 1598 860 1639; x_wconf 83' lang='grc' dir='ltr'>1]οθ</span> <span class='ocrx_word' id='word_1_131' title='bbox 881 1601 1025 1639; x_wconf 90' lang='lat' dir='ltr'>autem</span> <span class='ocrx_word' id='word_1_132' title='bbox 1046 1610 1132 1639; x_wconf 90' lang='lat' dir='ltr'>non</span> <span class='ocrx_word' id='word_1_133' title='bbox 1154 1600 1202 1640; x_wconf 81' lang='lat' dir='ltr'>fit</span> <span class='ocrx_word' id='word_1_134' title='bbox 1220 1600 1304 1640; x_wconf 91' lang='lat' dir='ltr'>nisi</span> 
     </span>
     <span class='ocr_line' id='line_1_26' title="bbox 265 1669 1300 1723; baseline 0 -12"><span class='ocrx_word' id='word_1_135' title='bbox 265 1682 341 1723; x_wconf 89' lang='lat' dir='ltr'>per</span> <span class='ocrx_word' id='word_1_136' title='bbox 360 1682 618 1711; x_wconf 89' lang='lat' dir='ltr'>sermonem.</span> <span class='ocrx_word' id='word_1_137' title='bbox 642 1669 852 1723; x_wconf 85' lang='lat' dir='ltr'>Quidquid</span> <span class='ocrx_word' id='word_1_138' title='bbox 869 1681 973 1722; x_wconf 85' lang='lat' dir='ltr'>ergo</span> <span class='ocrx_word' id='word_1_139' title='bbox 993 1672 1055 1710; x_wconf 87' lang='lat' dir='ltr'>est</span> <span class='ocrx_word' id='word_1_140' title='bbox 1076 1670 1120 1710; x_wconf 89' lang='lat' dir='ltr'>in</span> <span class='ocrx_word' id='word_1_141' title='bbox 1140 1670 1300 1721; x_wconf 89' lang='lat' dir='ltr'>anima,</span> 
     </span>
     <span class='ocr_line' id='line_1_27' title="bbox 263 1742 1303 1796; baseline -0.001 -13"><span class='ocrx_word' id='word_1_142' title='bbox 263 1745 340 1783; x_wconf 84' lang='lat' dir='ltr'>aut</span> <span class='ocrx_word' id='word_1_143' title='bbox 358 1745 421 1783; x_wconf 85' lang='lat' dir='ltr'>est</span> <span class='ocrx_word' id='word_1_144' title='bbox 447 1754 521 1796; x_wconf 88' lang='lat' dir='ltr'>per</span> <span class='ocrx_word' id='word_1_145' title='bbox 541 1742 716 1783; x_wconf 87' lang='lat' dir='ltr'>modum</span> <span class='ocrx_word' id='word_1_146' title='bbox 747 1745 997 1795; x_wconf 87' lang='lat' dir='ltr'>conceptus,</span> <span class='ocrx_word' id='word_1_147' title='bbox 1021 1744 1094 1782; x_wconf 84' lang='lat' dir='ltr'>aut</span> <span class='ocrx_word' id='word_1_148' title='bbox 1114 1754 1190 1794; x_wconf 89' lang='lat' dir='ltr'>per</span> <span class='ocrx_word' id='word_1_149' title='bbox 1209 1754 1303 1783; x_wconf 88' lang='lat' dir='ltr'>mo-</span> 
     </span>
     <span class='ocr_line' id='line_1_28' title="bbox 264 1813 1303 1867; baseline 0.001 -12"><span class='ocrx_word' id='word_1_150' title='bbox 264 1813 369 1855; x_wconf 88' lang='lat' dir='ltr'>dum</span> <span class='ocrx_word' id='word_1_151' title='bbox 390 1826 610 1865; x_wconf 80' lang='lat' dir='ltr'>assensus,</span> <span class='ocrx_word' id='word_1_152' title='bbox 631 1816 705 1854; x_wconf 90' lang='lat' dir='ltr'>aut</span> <span class='ocrx_word' id='word_1_153' title='bbox 732 1825 807 1867; x_wconf 89' lang='lat' dir='ltr'>per</span> <span class='ocrx_word' id='word_1_154' title='bbox 826 1814 1005 1855; x_wconf 88' lang='lat' dir='ltr'>modum</span> <span class='ocrx_word' id='word_1_155' title='bbox 1027 1815 1215 1856; x_wconf 82' lang='lat' dir='ltr'>affectus.</span> <span class='ocrx_word' id='word_1_156' title='bbox 1237 1815 1303 1856; x_wconf 90' lang='lat' dir='ltr'>Ad</span> 
     </span>
     <span class='ocr_line' id='line_1_29' title="bbox 264 1886 1303 1939; baseline 0.003 -14"><span class='ocrx_word' id='word_1_157' title='bbox 264 1886 536 1927; x_wconf 90' lang='lat' dir='ltr'>indicandum</span> <span class='ocrx_word' id='word_1_158' title='bbox 557 1888 806 1939; x_wconf 81' lang='lat' dir='ltr'>conceptum</span> <span class='ocrx_word' id='word_1_159' title='bbox 831 1889 894 1927; x_wconf 86' lang='grc' dir='ltr'>θεῖ</span> <span class='ocrx_word' id='word_1_160' title='bbox 917 1886 1225 1927; x_wconf 86' lang='lat' dir='ltr'>Grammatica:</span> <span class='ocrx_word' id='word_1_161' title='bbox 1250 1888 1303 1928; x_wconf 87' lang='lat' dir='ltr'>ad</span> 
     </span>
     <span class='ocr_line' id='line_1_30' title="bbox 262 1957 1299 2010; baseline 0.001 -12"><span class='ocrx_word' id='word_1_162' title='bbox 262 1957 536 1999; x_wconf 88' lang='lat' dir='ltr'>indicandum</span> <span class='ocrx_word' id='word_1_163' title='bbox 557 1969 781 1998; x_wconf 86' lang='lat' dir='ltr'>assensum</span> <span class='ocrx_word' id='word_1_164' title='bbox 805 1960 867 1998; x_wconf 91' lang='grc' dir='ltr'>θεῖ</span> <span class='ocrx_word' id='word_1_165' title='bbox 901 1957 1052 2010; x_wconf 81' lang='lat' dir='ltr'>Logica</span> <span class='ocrx_word' id='word_1_166' title='bbox 1076 1971 1085 1999; x_wconf 92' lang='lat'><strong>:</strong></span> <span class='ocrx_word' id='word_1_167' title='bbox 1109 1959 1162 1999; x_wconf 89' lang='lat' dir='ltr'>ad</span> <span class='ocrx_word' id='word_1_168' title='bbox 1189 1959 1299 2000; x_wconf 89' lang='lat' dir='ltr'>indi-</span> 
     </span>
     <span class='ocr_line' id='line_1_31' title="bbox 263 2029 1301 2072; baseline 0.003 -3"><span class='ocrx_word' id='word_1_169' title='bbox 263 2029 447 2070; x_wconf 89' lang='lat' dir='ltr'>candum</span> <span class='ocrx_word' id='word_1_170' title='bbox 476 2030 674 2070; x_wconf 82' lang='lat' dir='ltr'>affectum</span> <span class='ocrx_word' id='word_1_171' title='bbox 699 2032 763 2070; x_wconf 89' lang='lat' dir='ltr'>est</span> <span class='ocrx_word' id='word_1_172' title='bbox 791 2029 1030 2070; x_wconf 87' lang='lat' dir='ltr'>Rhetorica.</span> <span class='ocrx_word' id='word_1_173' title='bbox 1057 2030 1301 2072; x_wconf 85' lang='lat' dir='ltr'>Secundum</span> 
     </span>
     <span class='ocr_line' id='line_1_32' title="bbox 262 2100 1301 2155; baseline 0.002 -14"><span class='ocrx_word' id='word_1_174' title='bbox 262 2100 620 2153; x_wconf 86' lang='lat' dir='ltr'>Grammaticum,</span> <span class='ocrx_word' id='word_1_175' title='bbox 643 2102 782 2142; x_wconf 91' lang='lat' dir='ltr'>omnis</span> <span class='ocrx_word' id='word_1_176' title='bbox 806 2114 904 2155; x_wconf 83' lang='lat' dir='ltr'>pars</span> <span class='ocrx_word' id='word_1_177' title='bbox 930 2102 1134 2143; x_wconf 88' lang='lat' dir='ltr'>orationis</span> <span class='ocrx_word' id='word_1_178' title='bbox 1159 2103 1301 2155; x_wconf 82' lang='lat' dir='ltr'>signi-</span> 
     </span>
     <span class='ocr_line' id='line_1_33' title="bbox 263 2172 1300 2228; baseline 0.002 -15"><span class='ocrx_word' id='word_1_179' title='bbox 263 2172 359 2213; x_wconf 86' lang='lat' dir='ltr'>ficat</span> <span class='ocrx_word' id='word_1_180' title='bbox 384 2173 539 2214; x_wconf 90' lang='lat' dir='ltr'>mentis</span> <span class='ocrx_word' id='word_1_181' title='bbox 555 2177 804 2227; x_wconf 89' lang='lat' dir='ltr'>conceptum</span> <span class='ocrx_word' id='word_1_182' title='bbox 823 2188 831 2214; x_wconf 80' lang='lat' dir='ltr'><strong><em>z</em></strong></span> <span class='ocrx_word' id='word_1_183' title='bbox 855 2174 984 2215; x_wconf 88' lang='lat' dir='ltr'>habet</span> <span class='ocrx_word' id='word_1_184' title='bbox 1004 2174 1119 2216; x_wconf 91' lang='lat' dir='ltr'>enim</span> <span class='ocrx_word' id='word_1_185' title='bbox 1135 2178 1300 2228; x_wconf 86' lang='lat' dir='ltr'>partem</span> 
     </span>
     <span class='ocr_line' id='line_1_34' title="bbox 263 2244 1302 2299; baseline 0.003 -15"><span class='ocrx_word' id='word_1_186' title='bbox 263 2244 578 2297; x_wconf 85' lang='lat' dir='ltr'>significantem</span> <span class='ocrx_word' id='word_1_187' title='bbox 598 2246 892 2296; x_wconf 79' lang='lat' dir='ltr'>substantiam,</span> <span class='ocrx_word' id='word_1_188' title='bbox 911 2248 953 2287; x_wconf 91' lang='lat' dir='ltr'>et</span> <span class='ocrx_word' id='word_1_189' title='bbox 972 2246 1234 2299; x_wconf 86' lang='lat' dir='ltr'>qualitatem,</span> <span class='ocrx_word' id='word_1_190' title='bbox 1261 2249 1302 2288; x_wconf 90' lang='lat' dir='ltr'>et</span> 
     </span>
     <span class='ocr_line' id='line_1_35' title="bbox 263 2316 1300 2370; baseline 0.003 -14"><span class='ocrx_word' id='word_1_191' title='bbox 263 2316 322 2357; x_wconf 92' lang='lat' dir='ltr'>sic</span> <span class='ocrx_word' id='word_1_192' title='bbox 341 2318 403 2357; x_wconf 89' lang='grc' dir='ltr'>θεῖ</span> <span class='ocrx_word' id='word_1_193' title='bbox 429 2328 610 2358; x_wconf 85' lang='lat' dir='ltr'>nomen:</span> <span class='ocrx_word' id='word_1_194' title='bbox 641 2317 769 2358; x_wconf 88' lang='lat' dir='ltr'>habet</span> <span class='ocrx_word' id='word_1_195' title='bbox 798 2320 962 2370; x_wconf 88' lang='lat' dir='ltr'>partem</span> <span class='ocrx_word' id='word_1_196' title='bbox 983 2318 1300 2370; x_wconf 80' lang='lat' dir='ltr'>significantem</span> 
     </span>
     <span class='ocr_line' id='line_1_36' title="bbox 267 2388 1301 2443; baseline 0.003 -15"><span class='ocrx_word' id='word_1_197' title='bbox 267 2388 462 2439; x_wconf 89' lang='lat' dir='ltr'>modum,</span> <span class='ocrx_word' id='word_1_198' title='bbox 485 2391 527 2430; x_wconf 87' lang='lat' dir='ltr'>et</span> <span class='ocrx_word' id='word_1_199' title='bbox 548 2388 607 2430; x_wconf 89' lang='lat' dir='ltr'>sic</span> <span class='ocrx_word' id='word_1_200' title='bbox 625 2391 692 2430; x_wconf 85' lang='lat' dir='ltr'>est</span> <span class='ocrx_word' id='word_1_201' title='bbox 709 2389 906 2439; x_wconf 87' lang='lat' dir='ltr'>verbum,</span> <span class='ocrx_word' id='word_1_202' title='bbox 925 2390 1041 2443; x_wconf 87' lang='lat' dir='ltr'>quod</span> <span class='ocrx_word' id='word_1_203' title='bbox 1060 2390 1159 2431; x_wconf 87' lang='lat' dir='ltr'>dicit</span> <span class='ocrx_word' id='word_1_204' title='bbox 1180 2391 1301 2431; x_wconf 87' lang='lat' dir='ltr'>incli-</span> 
     </span>
     <span class='ocr_line' id='line_1_37' title="bbox 266 2460 1299 2514; baseline 0.004 -15"><span class='ocrx_word' id='word_1_205' title='bbox 266 2460 478 2511; x_wconf 79' lang='lat' dir='ltr'>nationes,</span> <span class='ocrx_word' id='word_1_206' title='bbox 503 2463 552 2501; x_wconf 85' lang='lat' dir='ltr'>ut</span> <span class='ocrx_word' id='word_1_207' title='bbox 577 2460 851 2512; x_wconf 83' lang='lat' dir='ltr'>indicativus,</span> <span class='ocrx_word' id='word_1_208' title='bbox 881 2462 954 2514; x_wconf 90' lang='lat' dir='ltr'>qui</span> <span class='ocrx_word' id='word_1_209' title='bbox 976 2461 1104 2502; x_wconf 88' lang='lat' dir='ltr'>habet</span> <span class='ocrx_word' id='word_1_210' title='bbox 1124 2462 1299 2504; x_wconf 86' lang='lat' dir='ltr'>modum</span> 
     </span>
     <span class='ocr_line' id='line_1_38' title="bbox 267 2530 1301 2585; baseline 0.006 -16"><span class='ocrx_word' id='word_1_211' title='bbox 267 2530 548 2582; x_wconf 85' lang='lat' dir='ltr'>significandi,</span> <span class='ocrx_word' id='word_1_212' title='bbox 572 2535 621 2572; x_wconf 89' lang='lat' dir='ltr'>ut</span> <span class='ocrx_word' id='word_1_213' title='bbox 640 2532 684 2572; x_wconf 89' lang='lat' dir='ltr'>in</span> <span class='ocrx_word' id='word_1_214' title='bbox 705 2533 897 2573; x_wconf 79' lang='lat' dir='ltr'>rationali</span> <span class='ocrx_word' id='word_1_215' title='bbox 912 2548 921 2583; x_wconf 90' lang='lat'>;</span> <span class='ocrx_word' id='word_1_216' title='bbox 939 2533 1234 2585; x_wconf 80' lang='lat' dir='ltr'>imperativus,</span> <span class='ocrx_word' id='word_1_217' title='bbox 1253 2538 1301 2576; x_wconf 86' lang='lat' dir='ltr'>ut</span> 
     </span>
     <span class='ocr_line' id='line_1_39' title="bbox 267 2601 1296 2658; baseline 0.005 -17"><span class='ocrx_word' id='word_1_218' title='bbox 267 2601 310 2642; x_wconf 90' lang='lat' dir='ltr'>in</span> <span class='ocrx_word' id='word_1_219' title='bbox 330 2602 551 2644; x_wconf 83' lang='lat' dir='ltr'>irascibili:</span> <span class='ocrx_word' id='word_1_220' title='bbox 573 2604 803 2656; x_wconf 85' lang='lat' dir='ltr'>optativus,</span> <span class='ocrx_word' id='word_1_221' title='bbox 825 2608 873 2644; x_wconf 86' lang='lat' dir='ltr'>ut</span> <span class='ocrx_word' id='word_1_222' title='bbox 894 2604 938 2644; x_wconf 91' lang='lat' dir='ltr'>in</span> <span class='ocrx_word' id='word_1_223' title='bbox 960 2605 1296 2658; x_wconf 86' lang='lat' dir='ltr'>concupiscibili:</span> 
     </span>
     <span class='ocr_line' id='line_1_40' title="bbox 267 2673 1296 2728; baseline 0.004 -15"><span class='ocrx_word' id='word_1_224' title='bbox 267 2673 576 2726; x_wconf 88' lang='lat' dir='ltr'>subjunctivus,</span> <span class='ocrx_word' id='word_1_225' title='bbox 593 2677 757 2728; x_wconf 89' lang='lat' dir='ltr'>partem</span> <span class='ocrx_word' id='word_1_226' title='bbox 771 2679 1020 2728; x_wconf 88' lang='lat' dir='ltr'>utramque:</span> <span class='ocrx_word' id='word_1_227' title='bbox 1043 2676 1296 2727; x_wconf 84' lang='lat' dir='ltr'>infinitivus,</span> 
     </span>
     <span class='ocr_line' id='line_1_41' title="bbox 267 2744 1299 2798; baseline 0.004 -14"><span class='ocrx_word' id='word_1_228' title='bbox 267 2744 389 2798; x_wconf 87' lang='lat' dir='ltr'>quasi</span> <span class='ocrx_word' id='word_1_229' title='bbox 402 2745 642 2786; x_wconf 88' lang='lat' dir='ltr'>materialis.</span> <span class='ocrx_word' id='word_1_230' title='bbox 660 2745 773 2786; x_wconf 88' lang='lat' dir='ltr'>Etad</span> <span class='ocrx_word' id='word_1_231' title='bbox 787 2746 863 2786; x_wconf 89' lang='lat' dir='ltr'>has</span> <span class='ocrx_word' id='word_1_232' title='bbox 877 2746 1136 2787; x_wconf 79' lang='lat' dir='ltr'>differentias</span> <span class='ocrx_word' id='word_1_233' title='bbox 1150 2759 1299 2789; x_wconf 88' lang='lat' dir='ltr'>omnes</span> 
     </span>
     <span class='ocr_line' id='line_1_42' title="bbox 266 2815 1298 2868; baseline 0.004 -12"><span class='ocrx_word' id='word_1_234' title='bbox 266 2815 556 2868; x_wconf 85' lang='lat' dir='ltr'>reducuntur,</span> <span class='ocrx_word' id='word_1_235' title='bbox 589 2817 823 2858; x_wconf 90' lang='lat' dir='ltr'>secundum</span> <span class='ocrx_word' id='word_1_236' title='bbox 857 2816 1135 2859; x_wconf 88' lang='lat' dir='ltr'>Priscianum.</span> <span class='ocrx_word' id='word_1_237' title='bbox 1169 2818 1298 2860; x_wconf 82' lang='lat' dir='ltr'>Simi-</span> 
     </span>
     <span class='ocr_line' id='line_1_43' title="bbox 266 2886 1298 2942; baseline 0.004 -15"><span class='ocrx_word' id='word_1_238' title='bbox 266 2886 362 2928; x_wconf 88' lang='lat' dir='ltr'>liter</span> <span class='ocrx_word' id='word_1_239' title='bbox 381 2886 665 2930; x_wconf 79' lang='lat' dir='ltr'>determinant</span> <span class='ocrx_word' id='word_1_240' title='bbox 689 2888 741 2930; x_wconf 91' lang='lat' dir='ltr'>de</span> <span class='ocrx_word' id='word_1_241' title='bbox 765 2889 925 2938; x_wconf 87' lang='lat' dir='ltr'>littera,</span> <span class='ocrx_word' id='word_1_242' title='bbox 955 2889 1006 2930; x_wconf 88' lang='lat' dir='ltr'>de</span> <span class='ocrx_word' id='word_1_243' title='bbox 1037 2889 1219 2942; x_wconf 84' lang='lat' dir='ltr'>syllaba,</span> <span class='ocrx_word' id='word_1_244' title='bbox 1247 2889 1298 2932; x_wconf 88' lang='lat' dir='ltr'>de</span> 
     </span>
     <span class='ocr_line' id='line_1_44' title="bbox 267 2957 1299 3010; baseline 0.005 -12"><span class='ocrx_word' id='word_1_245' title='bbox 267 2957 470 3009; x_wconf 85' lang='lat' dir='ltr'>dictione,</span> <span class='ocrx_word' id='word_1_246' title='bbox 492 2958 542 3000; x_wconf 88' lang='lat' dir='ltr'>de</span> <span class='ocrx_word' id='word_1_247' title='bbox 570 2959 775 3000; x_wconf 87' lang='lat' dir='ltr'>oratione.</span> <span class='ocrx_word' id='word_1_248' title='bbox 800 2959 906 3010; x_wconf 83' lang='lat' dir='ltr'>Quia</span> <span class='ocrx_word' id='word_1_249' title='bbox 931 2960 1048 3001; x_wconf 90' lang='lat' dir='ltr'>enim</span> <span class='ocrx_word' id='word_1_250' title='bbox 1071 2961 1178 3002; x_wconf 89' lang='lat' dir='ltr'>varii</span> <span class='ocrx_word' id='word_1_251' title='bbox 1199 2963 1299 3003; x_wconf 84' lang='lat' dir='ltr'>sunt</span> 
     </span>
     <span class='ocr_line' id='line_1_45' title="bbox 267 3028 1299 3082; baseline 0.005 -13"><span class='ocrx_word' id='word_1_252' title='bbox 267 3028 381 3070; x_wconf 86' lang='lat' dir='ltr'>modi</span> <span class='ocrx_word' id='word_1_253' title='bbox 401 3029 689 3082; x_wconf 82' lang='lat' dir='ltr'>significandi,</span> <span class='ocrx_word' id='word_1_254' title='bbox 720 3033 761 3072; x_wconf 91' lang='lat' dir='ltr'>et</span> <span class='ocrx_word' id='word_1_255' title='bbox 786 3031 1040 3072; x_wconf 85' lang='lat' dir='ltr'>terminandi</span> <span class='ocrx_word' id='word_1_256' title='bbox 1064 3033 1299 3074; x_wconf 87' lang='lat' dir='ltr'>secundum</span> 
     </span>
     <span class='ocr_line' id='line_1_46' title="bbox 266 3099 1299 3154; baseline 0.005 -13"><span class='ocrx_word' id='word_1_257' title='bbox 266 3099 454 3142; x_wconf 91' lang='lat' dir='ltr'>diversas</span> <span class='ocrx_word' id='word_1_258' title='bbox 473 3101 662 3154; x_wconf 85' lang='lat' dir='ltr'>linguas,</span> <span class='ocrx_word' id='word_1_259' title='bbox 684 3106 734 3144; x_wconf 89' lang='lat' dir='ltr'>ut</span> <span class='ocrx_word' id='word_1_260' title='bbox 752 3103 1030 3144; x_wconf 88' lang='lat' dir='ltr'>terminatum</span> <span class='ocrx_word' id='word_1_261' title='bbox 1051 3104 1096 3144; x_wconf 92' lang='lat' dir='ltr'>in</span> <span class='ocrx_word' id='word_1_262' title='bbox 1117 3115 1159 3154; x_wconf 84' lang='lat' dir='ltr'>a,</span> <span class='ocrx_word' id='word_1_263' title='bbox 1181 3105 1299 3146; x_wconf 90' lang='lat' dir='ltr'>femi-</span> 
     </span>
     <span class='ocr_line' id='line_1_47' title="bbox 263 3172 1296 3227; baseline 0.004 -14"><span class='ocrx_word' id='word_1_264' title='bbox 263 3172 352 3214; x_wconf 89' lang='lat' dir='ltr'>nini</span> <span class='ocrx_word' id='word_1_265' title='bbox 375 3173 565 3225; x_wconf 87' lang='lat' dir='ltr'>generis,</span> <span class='ocrx_word' id='word_1_266' title='bbox 587 3176 636 3215; x_wconf 87' lang='lat' dir='ltr'>ut</span> <span class='ocrx_word' id='word_1_267' title='bbox 655 3174 700 3215; x_wconf 91' lang='lat' dir='ltr'>in</span> <span class='ocrx_word' id='word_1_268' title='bbox 729 3174 944 3227; x_wconf 87' lang='lat' dir='ltr'>pluribus;</span> <span class='ocrx_word' id='word_1_269' title='bbox 967 3175 1009 3215; x_wconf 89' lang='lat' dir='ltr'>in</span> <span class='ocrx_word' id='word_1_270' title='bbox 1033 3185 1104 3227; x_wconf 81' lang='lat' dir='ltr'>us,</span> <span class='ocrx_word' id='word_1_271' title='bbox 1128 3188 1296 3217; x_wconf 86' lang='lat' dir='ltr'>mascu-</span> 
     </span>
     <span class='ocr_line' id='line_1_48' title="bbox 263 3243 1297 3296; baseline 0.005 -12"><span class='ocrx_word' id='word_1_272' title='bbox 263 3243 338 3284; x_wconf 91' lang='lat' dir='ltr'>lini</span> <span class='ocrx_word' id='word_1_273' title='bbox 361 3245 556 3296; x_wconf 86' lang='lat' dir='ltr'>generis,</span> <span class='ocrx_word' id='word_1_274' title='bbox 578 3248 620 3286; x_wconf 86' lang='lat' dir='ltr'>et</span> <span class='ocrx_word' id='word_1_275' title='bbox 638 3245 697 3286; x_wconf 91' lang='lat' dir='ltr'>sic</span> <span class='ocrx_word' id='word_1_276' title='bbox 716 3245 768 3287; x_wconf 88' lang='lat' dir='ltr'>de</span> <span class='ocrx_word' id='word_1_277' title='bbox 789 3246 894 3287; x_wconf 81' lang='lat' dir='ltr'>aliis.</span> <span class='ocrx_word' id='word_1_278' title='bbox 920 3246 978 3287; x_wconf 83' lang='lat' dir='ltr'>De</span> <span class='ocrx_word' id='word_1_279' title='bbox 996 3247 1135 3288; x_wconf 88' lang='lat' dir='ltr'>littera</span> <span class='ocrx_word' id='word_1_280' title='bbox 1156 3248 1297 3289; x_wconf 85' lang='lat' dir='ltr'>deter-</span> 
     </span>
     <span class='ocr_line' id='line_1_49' title="bbox 262 3315 1298 3370; baseline 0.005 -15"><span class='ocrx_word' id='word_1_281' title='bbox 262 3315 422 3367; x_wconf 85' lang='lat' dir='ltr'>minat,</span> <span class='ocrx_word' id='word_1_282' title='bbox 455 3316 528 3357; x_wconf 89' lang='lat' dir='ltr'>sed</span> <span class='ocrx_word' id='word_1_283' title='bbox 552 3316 605 3357; x_wconf 88' lang='lat' dir='ltr'>ad</span> <span class='ocrx_word' id='word_1_284' title='bbox 632 3317 743 3358; x_wconf 89' lang='lat' dir='ltr'>hanc</span> <span class='ocrx_word' id='word_1_285' title='bbox 768 3329 856 3358; x_wconf 89' lang='lat' dir='ltr'>non</span> <span class='ocrx_word' id='word_1_286' title='bbox 880 3320 1019 3370; x_wconf 86' lang='lat' dir='ltr'>potest</span> <span class='ocrx_word' id='word_1_287' title='bbox 1046 3318 1298 3360; x_wconf 88' lang='lat' dir='ltr'>descendere</span> 
     </span>
     <span class='ocr_line' id='line_1_50' title="bbox 263 3385 1298 3441; baseline 0.004 -15"><span class='ocrx_word' id='word_1_288' title='bbox 263 3385 348 3427; x_wconf 80' lang='lat' dir='ltr'>nisi</span> <span class='ocrx_word' id='word_1_289' title='bbox 368 3399 442 3440; x_wconf 88' lang='lat' dir='ltr'>per</span> <span class='ocrx_word' id='word_1_290' title='bbox 455 3387 677 3441; x_wconf 87' lang='lat' dir='ltr'>syllabam.</span> <span class='ocrx_word' id='word_1_291' title='bbox 699 3387 855 3429; x_wconf 86' lang='lat' dir='ltr'>Ultimo</span> <span class='ocrx_word' id='word_1_292' title='bbox 874 3388 1111 3430; x_wconf 86' lang='lat' dir='ltr'>considerat</span> <span class='ocrx_word' id='word_1_293' title='bbox 1131 3389 1182 3430; x_wconf 86' lang='lat' dir='ltr'>de</span> <span class='ocrx_word' id='word_1_294' title='bbox 1200 3401 1298 3430; x_wconf 90' lang='lat' dir='ltr'>con-</span> 
     </span>
     <span class='ocr_line' id='line_1_51' title="bbox 263 3457 1299 3512; baseline 0.004 -14"><span class='ocrx_word' id='word_1_295' title='bbox 263 3457 445 3499; x_wconf 83' lang='lat' dir='ltr'>nexione</span> <span class='ocrx_word' id='word_1_296' title='bbox 474 3458 733 3510; x_wconf 82' lang='lat' dir='ltr'>dictionum,</span> <span class='ocrx_word' id='word_1_297' title='bbox 767 3460 839 3501; x_wconf 86' lang='lat' dir='ltr'>sed</span> <span class='ocrx_word' id='word_1_298' title='bbox 870 3463 1015 3512; x_wconf 84' lang='lat' dir='ltr'>postea</span> <span class='ocrx_word' id='word_1_299' title='bbox 1045 3461 1299 3502; x_wconf 78' lang='lat' dir='ltr'>determinat</span> 
     </span>
     <span class='ocr_line' id='line_1_52' title="bbox 264 3527 1298 3585; baseline 0.004 -15"><span class='ocrx_word' id='word_1_300' title='bbox 264 3527 316 3570; x_wconf 90' lang='lat' dir='ltr'>de</span> <span class='ocrx_word' id='word_1_301' title='bbox 339 3529 537 3583; x_wconf 85' lang='lat' dir='ltr'>prosodia</span> <span class='ocrx_word' id='word_1_302' title='bbox 564 3530 773 3582; x_wconf 88' lang='lat' dir='ltr'>similiter,</span> <span class='ocrx_word' id='word_1_303' title='bbox 804 3533 845 3572; x_wconf 90' lang='lat' dir='ltr'>et</span> <span class='ocrx_word' id='word_1_304' title='bbox 870 3531 1190 3585; x_wconf 86' lang='lat' dir='ltr'>diasynthetica.</span> <span class='ocrx_word' id='word_1_305' title='bbox 1215 3532 1298 3574; x_wconf 82' lang='lat' dir='ltr'>Ex-</span> 
     </span>
    </p>
   </div>
   <div class='ocr_carea' id='block_1_5' title="bbox 1371 235 2421 3584">
    <p class='ocr_par' dir='ltr' id='par_1_6' title="bbox 1371 235 2421 3004">
     <span class='ocr_line' id='line_1_53' title="bbox 2368 235 2418 272; baseline 0.02 -1"><span class='ocrx_word' id='word_1_306' title='bbox 2368 235 2418 272; x_wconf 70' lang='lat'>53</span> 
     </span>
     <span class='ocr_line' id='line_1_54' title="bbox 1385 312 2420 367; baseline 0.006 -15"><span class='ocrx_word' id='word_1_307' title='bbox 1385 312 1532 364; x_wconf 87' lang='lat' dir='ltr'>primit</span> <span class='ocrx_word' id='word_1_308' title='bbox 1550 314 1695 353; x_wconf 88' lang='lat' dir='ltr'>autem</span> <span class='ocrx_word' id='word_1_309' title='bbox 1722 313 1866 353; x_wconf 86' lang='lat' dir='ltr'>omnia</span> <span class='ocrx_word' id='word_1_310' title='bbox 1885 325 1960 365; x_wconf 88' lang='lat' dir='ltr'>per</span> <span class='ocrx_word' id='word_1_311' title='bbox 1986 317 2078 355; x_wconf 89' lang='lat' dir='ltr'>octo</span> <span class='ocrx_word' id='word_1_312' title='bbox 2104 319 2245 367; x_wconf 89' lang='lat' dir='ltr'>partes</span> <span class='ocrx_word' id='word_1_313' title='bbox 2264 317 2420 358; x_wconf 88' lang='lat' dir='ltr'>oratio-</span> 
     </span>
     <span class='ocr_line' id='line_1_55' title="bbox 1385 383 2420 442; baseline 0.008 -20"><span class='ocrx_word' id='word_1_314' title='bbox 1385 383 1466 423; x_wconf 89' lang='lat' dir='ltr'>nis.</span> <span class='ocrx_word' id='word_1_315' title='bbox 1490 383 1553 423; x_wconf 88' lang='lat' dir='ltr'>Ad</span> <span class='ocrx_word' id='word_1_316' title='bbox 1580 384 1764 423; x_wconf 84' lang='lat' dir='ltr'>litteram</span> <span class='ocrx_word' id='word_1_317' title='bbox 1785 387 1927 425; x_wconf 89' lang='lat' dir='ltr'>autem</span> <span class='ocrx_word' id='word_1_318' title='bbox 1953 386 2165 427; x_wconf 77' lang='lat' dir='ltr'>descendit</span> <span class='ocrx_word' id='word_1_319' title='bbox 2194 399 2270 440; x_wconf 89' lang='lat' dir='ltr'>per</span> <span class='ocrx_word' id='word_1_320' title='bbox 2299 389 2420 442; x_wconf 83' lang='lat' dir='ltr'>sylla-</span> 
     </span>
     <span class='ocr_line' id='line_1_56' title="bbox 1384 454 2421 512; baseline 0.008 -18"><span class='ocrx_word' id='word_1_321' title='bbox 1384 454 1497 504; x_wconf 91' lang='lat' dir='ltr'>bam,</span> <span class='ocrx_word' id='word_1_322' title='bbox 1532 457 1571 495; x_wconf 89' lang='lat' dir='ltr'>et</span> <span class='ocrx_word' id='word_1_323' title='bbox 1595 457 1737 506; x_wconf 85' lang='lat' dir='ltr'>postea</span> <span class='ocrx_word' id='word_1_324' title='bbox 1769 455 1818 495; x_wconf 87' lang='lat' dir='ltr'>de</span> <span class='ocrx_word' id='word_1_325' title='bbox 1844 457 2062 508; x_wconf 83' lang='lat' dir='ltr'>prosodia,</span> <span class='ocrx_word' id='word_1_326' title='bbox 2096 463 2136 499; x_wconf 86' lang='lat' dir='ltr'>et</span> <span class='ocrx_word' id='word_1_327' title='bbox 2161 460 2355 512; x_wconf 88' lang='lat' dir='ltr'>metrica,</span> <span class='ocrx_word' id='word_1_328' title='bbox 2380 462 2421 502; x_wconf 89' lang='lat' dir='ltr'>et</span> 
     </span>
     <span class='ocr_line' id='line_1_57' title="bbox 1384 525 2416 580; baseline 0.006 -14"><span class='ocrx_word' id='word_1_329' title='bbox 1384 525 1632 578; x_wconf 80' lang='lat' dir='ltr'>hujusmodi</span> <span class='ocrx_word' id='word_1_330' title='bbox 1660 526 1904 566; x_wconf 81' lang='lat' dir='ltr'>referuntur</span> <span class='ocrx_word' id='word_1_331' title='bbox 1937 528 1989 567; x_wconf 85' lang='lat' dir='ltr'>ad</span> <span class='ocrx_word' id='word_1_332' title='bbox 2027 529 2228 580; x_wconf 86' lang='lat' dir='ltr'>primum.</span> <span class='ocrx_word' id='word_1_333' title='bbox 2271 531 2416 572; x_wconf 84' lang='lat' dir='ltr'>Consi-</span> 
     </span>
     <span class='ocr_line' id='line_1_58' title="bbox 1384 597 2420 653; baseline 0.007 -16"><span class='ocrx_word' id='word_1_334' title='bbox 1384 597 1502 637; x_wconf 88' lang='lat' dir='ltr'>derat</span> <span class='ocrx_word' id='word_1_335' title='bbox 1530 597 1723 638; x_wconf 85' lang='lat' dir='ltr'>similiter</span> <span class='ocrx_word' id='word_1_336' title='bbox 1758 597 1927 648; x_wconf 86' lang='lat' dir='ltr'>modos,</span> <span class='ocrx_word' id='word_1_337' title='bbox 1958 601 2005 638; x_wconf 90' lang='lat' dir='ltr'>ut</span> <span class='ocrx_word' id='word_1_338' title='bbox 2034 600 2283 653; x_wconf 83' lang='lat' dir='ltr'>accidentia,</span> <span class='ocrx_word' id='word_1_339' title='bbox 2306 603 2420 643; x_wconf 89' lang='lat' dir='ltr'>utin</span> 
     </span>
     <span class='ocr_line' id='line_1_59' title="bbox 1383 670 2416 722; baseline 0.005 -11"><span class='ocrx_word' id='word_1_340' title='bbox 1383 670 1541 722; x_wconf 85' lang='lat' dir='ltr'>quibus</span> <span class='ocrx_word' id='word_1_341' title='bbox 1563 670 1849 711; x_wconf 84' lang='lat' dir='ltr'>accidentibus</span> <span class='ocrx_word' id='word_1_342' title='bbox 1874 671 2165 712; x_wconf 85' lang='lat' dir='ltr'>nominativus</span> <span class='ocrx_word' id='word_1_343' title='bbox 2194 677 2416 716; x_wconf 85' lang='lat' dir='ltr'>construa—</span> 
     </span>
     <span class='ocr_line' id='line_1_60' title="bbox 1383 742 2420 795; baseline 0.005 -14"><span class='ocrx_word' id='word_1_344' title='bbox 1383 745 1453 782; x_wconf 89' lang='lat' dir='ltr'>tur</span> <span class='ocrx_word' id='word_1_345' title='bbox 1484 754 1582 782; x_wconf 88' lang='lat' dir='ltr'>cum</span> <span class='ocrx_word' id='word_1_346' title='bbox 1610 742 1741 782; x_wconf 88' lang='lat' dir='ltr'>verbo</span> <span class='ocrx_word' id='word_1_347' title='bbox 1772 742 2001 794; x_wconf 87' lang='lat' dir='ltr'>singularis</span> <span class='ocrx_word' id='word_1_348' title='bbox 2036 744 2227 795; x_wconf 85' lang='lat' dir='ltr'>numeri,</span> <span class='ocrx_word' id='word_1_349' title='bbox 2257 748 2303 785; x_wconf 90' lang='lat' dir='ltr'>ut</span> <span class='ocrx_word' id='word_1_350' title='bbox 2333 758 2420 787; x_wconf 89' lang='lat' dir='ltr'>non</span> 
     </span>
     <span class='ocr_line' id='line_1_61' title="bbox 1382 812 2420 867; baseline 0.005 -14"><span class='ocrx_word' id='word_1_351' title='bbox 1382 813 1574 854; x_wconf 87' lang='lat' dir='ltr'>dicatur:</span> <span class='ocrx_word' id='word_1_352' title='bbox 1613 828 1631 851; x_wconf 73' lang='grc' dir='ltr'>(ι</span> <span class='ocrx_word' id='word_1_353' title='bbox 1662 812 1797 853; x_wconf 88' lang='lat' dir='ltr'>Homo</span> <span class='ocrx_word' id='word_1_354' title='bbox 1831 816 2025 863; x_wconf 82' lang='lat' dir='ltr'>currunt,</span> <span class='ocrx_word' id='word_1_355' title='bbox 2063 828 2081 851; x_wconf 70' lang='lat' dir='ltr'>n</span> <span class='ocrx_word' id='word_1_356' title='bbox 2117 814 2216 867; x_wconf 87' lang='lat' dir='ltr'>quia</span> <span class='ocrx_word' id='word_1_357' title='bbox 2253 815 2305 855; x_wconf 87' lang='lat' dir='ltr'>ab</span> <span class='ocrx_word' id='word_1_358' title='bbox 2333 829 2420 859; x_wconf 84' lang='lat' dir='ltr'>una</span> 
     </span>
     <span class='ocr_line' id='line_1_62' title="bbox 1383 884 2415 935; baseline 0.005 -12"><span class='ocrx_word' id='word_1_359' title='bbox 1383 884 1617 924; x_wconf 86' lang='lat' dir='ltr'>substantia</span> <span class='ocrx_word' id='word_1_360' title='bbox 1643 896 1729 924; x_wconf 87' lang='lat' dir='ltr'>uon</span> <span class='ocrx_word' id='word_1_361' title='bbox 1756 884 1998 935; x_wconf 82' lang='lat' dir='ltr'>egreditur,</span> <span class='ocrx_word' id='word_1_362' title='bbox 2033 885 2113 925; x_wconf 79' lang='lat' dir='ltr'>nisi</span> <span class='ocrx_word' id='word_1_363' title='bbox 2144 898 2256 925; x_wconf 88' lang='lat' dir='ltr'>unus</span> <span class='ocrx_word' id='word_1_364' title='bbox 2284 889 2415 930; x_wconf 81' lang='lat' dir='ltr'>actus.</span> 
     </span>
     <span class='ocr_line' id='line_1_63' title="bbox 1383 955 2419 1008; baseline 0.004 -13"><span class='ocrx_word' id='word_1_365' title='bbox 1383 955 1599 1006; x_wconf 80' lang='lat' dir='ltr'>Similiter,</span> <span class='ocrx_word' id='word_1_366' title='bbox 1626 957 1673 996; x_wconf 89' lang='lat' dir='ltr'>ut</span> <span class='ocrx_word' id='word_1_367' title='bbox 1701 958 1795 1008; x_wconf 89' lang='lat' dir='ltr'>post</span> <span class='ocrx_word' id='word_1_368' title='bbox 1819 957 1998 996; x_wconf 89' lang='lat' dir='ltr'>verbum</span> <span class='ocrx_word' id='word_1_369' title='bbox 2030 957 2304 997; x_wconf 88' lang='lat' dir='ltr'>transitivum</span> <span class='ocrx_word' id='word_1_370' title='bbox 2332 970 2419 1000; x_wconf 90' lang='lat' dir='ltr'>non</span> 
     </span>
     <span class='ocr_line' id='line_1_64' title="bbox 1383 1027 2419 1082; baseline 0.003 -15"><span class='ocrx_word' id='word_1_371' title='bbox 1383 1030 1565 1080; x_wconf 87' lang='lat' dir='ltr'>ponatur</span> <span class='ocrx_word' id='word_1_372' title='bbox 1595 1027 1905 1077; x_wconf 88' lang='lat' dir='ltr'>nominativus,</span> <span class='ocrx_word' id='word_1_373' title='bbox 1932 1028 2003 1068; x_wconf 90' lang='lat' dir='ltr'>sed</span> <span class='ocrx_word' id='word_1_374' title='bbox 2029 1028 2315 1080; x_wconf 73' lang='lat' dir='ltr'>accusativu5,</span> <span class='ocrx_word' id='word_1_375' title='bbox 2346 1030 2419 1082; x_wconf 88' lang='lat' dir='ltr'>qui</span> 
     </span>
     <span class='ocr_line' id='line_1_65' title="bbox 1381 1098 2419 1152; baseline 0.003 -14"><span class='ocrx_word' id='word_1_376' title='bbox 1381 1098 1480 1139; x_wconf 82' lang='lat' dir='ltr'>dicit</span> <span class='ocrx_word' id='word_1_377' title='bbox 1509 1098 1763 1149; x_wconf 88' lang='lat' dir='ltr'>terminum,</span> <span class='ocrx_word' id='word_1_378' title='bbox 1794 1110 1882 1138; x_wconf 91' lang='lat' dir='ltr'>non</span> <span class='ocrx_word' id='word_1_379' title='bbox 1916 1098 2171 1152; x_wconf 88' lang='lat' dir='ltr'>principium</span> <span class='ocrx_word' id='word_1_380' title='bbox 2201 1103 2339 1151; x_wconf 81' lang='lat' dir='ltr'>actus,</span> <span class='ocrx_word' id='word_1_381' title='bbox 2371 1103 2419 1141; x_wconf 86' lang='lat' dir='ltr'>ut</span> 
     </span>
     <span class='ocr_line' id='line_1_66' title="bbox 1380 1169 2418 1212; baseline 0.002 -2"><span class='ocrx_word' id='word_1_382' title='bbox 1380 1170 1684 1211; x_wconf 89' lang='lat' dir='ltr'>nominativus.</span> <span class='ocrx_word' id='word_1_383' title='bbox 1708 1169 1826 1211; x_wconf 84' lang='lat' dir='ltr'>Unde</span> <span class='ocrx_word' id='word_1_384' title='bbox 1849 1169 2133 1212; x_wconf 84' lang='lat' dir='ltr'>Grammatica</span> <span class='ocrx_word' id='word_1_385' title='bbox 2152 1183 2177 1211; x_wconf 86' lang='lat' dir='ltr'>a</span> <span class='ocrx_word' id='word_1_386' title='bbox 2196 1171 2325 1212; x_wconf 82' lang='lat' dir='ltr'>rebus</span> <span class='ocrx_word' id='word_1_387' title='bbox 2346 1184 2418 1212; x_wconf 90' lang='lat' dir='ltr'>na-</span> 
     </span>
     <span class='ocr_line' id='line_1_67' title="bbox 1380 1241 2416 1295; baseline 0.003 -13"><span class='ocrx_word' id='word_1_388' title='bbox 1380 1243 1523 1282; x_wconf 86' lang='lat' dir='ltr'>turam</span> <span class='ocrx_word' id='word_1_389' title='bbox 1545 1241 1698 1291; x_wconf 80' lang='lat' dir='ltr'>trahit3</span> <span class='ocrx_word' id='word_1_390' title='bbox 1728 1253 1805 1282; x_wconf 87' lang='lat' dir='ltr'>nec</span> <span class='ocrx_word' id='word_1_391' title='bbox 1830 1243 1965 1294; x_wconf 90' lang='lat' dir='ltr'>potest</span> <span class='ocrx_word' id='word_1_392' title='bbox 1987 1254 2076 1283; x_wconf 89' lang='lat' dir='ltr'>esse</span> <span class='ocrx_word' id='word_1_393' title='bbox 2103 1242 2240 1283; x_wconf 87' lang='lat' dir='ltr'>bonus</span> <span class='ocrx_word' id='word_1_394' title='bbox 2266 1255 2416 1295; x_wconf 86' lang='lat' dir='ltr'>gram-</span> 
     </span>
     <span class='ocr_line' id='line_1_68' title="bbox 1380 1312 2416 1368; baseline 0.003 -15"><span class='ocrx_word' id='word_1_395' title='bbox 1380 1313 1574 1363; x_wconf 85' lang='lat' dir='ltr'>maticus,</span> <span class='ocrx_word' id='word_1_396' title='bbox 1599 1312 1681 1353; x_wconf 88' lang='lat' dir='ltr'>nisi</span> <span class='ocrx_word' id='word_1_397' title='bbox 1701 1312 1804 1353; x_wconf 89' lang='lat' dir='ltr'>sciat</span> <span class='ocrx_word' id='word_1_398' title='bbox 1825 1312 2013 1353; x_wconf 80' lang='lat' dir='ltr'>res.Alia</span> <span class='ocrx_word' id='word_1_399' title='bbox 2029 1313 2201 1355; x_wconf 86' lang='lat' dir='ltr'>directio</span> <span class='ocrx_word' id='word_1_400' title='bbox 2221 1317 2298 1365; x_wconf 89' lang='lat' dir='ltr'>est,</span> <span class='ocrx_word' id='word_1_401' title='bbox 2320 1327 2416 1368; x_wconf 70' lang='lat' dir='ltr'>qua}</span> 
     </span>
     <span class='ocr_line' id='line_1_69' title="bbox 1380 1384 2417 1436; baseline 0.004 -12"><span class='ocrx_word' id='word_1_402' title='bbox 1380 1384 1563 1425; x_wconf 86' lang='lat' dir='ltr'>illustrat</span> <span class='ocrx_word' id='word_1_403' title='bbox 1589 1385 1641 1425; x_wconf 90' lang='lat' dir='ltr'>ad</span> <span class='ocrx_word' id='word_1_404' title='bbox 1669 1384 2068 1436; x_wconf 82' lang='lat' dir='ltr'>argumentationes</span> <span class='ocrx_word' id='word_1_405' title='bbox 2093 1384 2341 1427; x_wconf 89' lang='lat' dir='ltr'>inducentes</span> <span class='ocrx_word' id='word_1_406' title='bbox 2364 1387 2417 1429; x_wconf 87' lang='lat' dir='ltr'>ad</span> 
     </span>
     <span class='ocr_line' id='line_1_70' title="bbox 1380 1456 2417 1510; baseline 0.001 -13"><span class='ocrx_word' id='word_1_407' title='bbox 1380 1457 1533 1497; x_wconf 85' lang='lat' dir='ltr'>mentis</span> <span class='ocrx_word' id='word_1_408' title='bbox 1554 1468 1792 1506; x_wconf 86' lang='lat' dir='ltr'>assensum,</span> <span class='ocrx_word' id='word_1_409' title='bbox 1816 1456 1927 1509; x_wconf 86' lang='lat' dir='ltr'>quod</span> <span class='ocrx_word' id='word_1_410' title='bbox 1948 1457 1995 1505; x_wconf 84' lang='lat' dir='ltr'>fit</span> <span class='ocrx_word' id='word_1_411' title='bbox 2014 1468 2089 1509; x_wconf 86' lang='lat' dir='ltr'>per</span> <span class='ocrx_word' id='word_1_412' title='bbox 2107 1456 2272 1498; x_wconf 89' lang='lat' dir='ltr'>solitam</span> <span class='ocrx_word' id='word_1_413' title='bbox 2287 1468 2417 1510; x_wconf 89' lang='lat' dir='ltr'>argu-</span> 
     </span>
     <span class='ocr_line' id='line_1_71' title="bbox 1380 1527 2417 1580; baseline 0.001 -12"><span class='ocrx_word' id='word_1_414' title='bbox 1380 1529 1699 1578; x_wconf 88' lang='lat' dir='ltr'>mentationem,</span> <span class='ocrx_word' id='word_1_415' title='bbox 1716 1530 1785 1568; x_wconf 87' lang='lat' dir='ltr'>ut:</span> <span class='ocrx_word' id='word_1_416' title='bbox 1806 1527 2097 1580; x_wconf 84' lang='lat' dir='ltr'>Quaecumque</span> <span class='ocrx_word' id='word_1_417' title='bbox 2113 1527 2204 1578; x_wconf 91' lang='lat' dir='ltr'>uni,</span> <span class='ocrx_word' id='word_1_418' title='bbox 2221 1530 2262 1568; x_wconf 87' lang='lat' dir='ltr'>et</span> <span class='ocrx_word' id='word_1_419' title='bbox 2279 1528 2417 1569; x_wconf 88' lang='lat' dir='ltr'>eidem</span> 
     </span>
     <span class='ocr_line' id='line_1_72' title="bbox 1378 1598 2417 1650; baseline 0 -10"><span class='ocrx_word' id='word_1_420' title='bbox 1378 1602 1496 1650; x_wconf 87' lang='lat' dir='ltr'>sunt,</span> <span class='ocrx_word' id='word_1_421' title='bbox 1520 1602 1597 1640; x_wconf 92' lang='lat' dir='ltr'>etc.</span> <span class='ocrx_word' id='word_1_422' title='bbox 1622 1599 1721 1639; x_wconf 85' lang='lat' dir='ltr'>llaec</span> <span class='ocrx_word' id='word_1_423' title='bbox 1741 1598 2057 1650; x_wconf 85' lang='lat' dir='ltr'>argumentatio</span> <span class='ocrx_word' id='word_1_424' title='bbox 2082 1598 2211 1638; x_wconf 87' lang='lat' dir='ltr'>habet</span> <span class='ocrx_word' id='word_1_425' title='bbox 2235 1598 2417 1640; x_wconf 89' lang='lat' dir='ltr'>formam</span> 
     </span>
     <span class='ocr_line' id='line_1_73' title="bbox 1379 1670 2415 1724; baseline 0.001 -13"><span class='ocrx_word' id='word_1_426' title='bbox 1379 1671 1748 1723; x_wconf 88' lang='lat' dir='ltr'>grammaticalem</span> <span class='ocrx_word' id='word_1_427' title='bbox 1768 1673 1809 1711; x_wconf 88' lang='grc' dir='ltr'>θῖ</span> <span class='ocrx_word' id='word_1_428' title='bbox 1828 1670 2053 1724; x_wconf 90' lang='lat' dir='ltr'>specialem</span> <span class='ocrx_word' id='word_1_429' title='bbox 2077 1670 2121 1710; x_wconf 90' lang='lat' dir='ltr'>in</span> <span class='ocrx_word' id='word_1_430' title='bbox 2142 1671 2318 1712; x_wconf 86' lang='lat' dir='ltr'>materia</span> <span class='ocrx_word' id='word_1_431' title='bbox 2335 1684 2415 1713; x_wconf 91' lang='lat' dir='ltr'>ne-</span> 
     </span>
     <span class='ocr_line' id='line_1_74' title="bbox 1379 1742 2412 1795; baseline 0 -12"><span class='ocrx_word' id='word_1_432' title='bbox 1379 1744 1579 1794; x_wconf 90' lang='lat' dir='ltr'>cessaria,</span> <span class='ocrx_word' id='word_1_433' title='bbox 1601 1742 1756 1792; x_wconf 86' lang='lat' dir='ltr'>solida;</span> <span class='ocrx_word' id='word_1_434' title='bbox 1786 1745 1827 1783; x_wconf 90' lang='grc' dir='ltr'>θῖ</span> <span class='ocrx_word' id='word_1_435' title='bbox 1844 1742 1938 1783; x_wconf 88' lang='lat' dir='ltr'>ideo</span> <span class='ocrx_word' id='word_1_436' title='bbox 1959 1745 2021 1783; x_wconf 90' lang='grc' dir='ltr'>θεῖ</span> <span class='ocrx_word' id='word_1_437' title='bbox 2049 1743 2188 1795; x_wconf 86' lang='lat' dir='ltr'>prima</span> <span class='ocrx_word' id='word_1_438' title='bbox 2206 1742 2412 1795; x_wconf 85' lang='lat' dir='ltr'>analysis,</span> 
     </span>
     <span class='ocr_line' id='line_1_75' title="bbox 1378 1814 2411 1868; baseline 0.001 -13"><span class='ocrx_word' id='word_1_439' title='bbox 1378 1817 1419 1855; x_wconf 88' lang='lat' dir='ltr'>et</span> <span class='ocrx_word' id='word_1_440' title='bbox 1441 1814 1624 1855; x_wconf 86' lang='lat' dir='ltr'>secunda</span> <span class='ocrx_word' id='word_1_441' title='bbox 1644 1814 1828 1868; x_wconf 88' lang='lat' dir='ltr'>analysis</span> <span class='ocrx_word' id='word_1_442' title='bbox 1848 1814 1899 1855; x_wconf 88' lang='lat' dir='ltr'>de</span> <span class='ocrx_word' id='word_1_443' title='bbox 1918 1814 2183 1867; x_wconf 82' lang='lat' dir='ltr'>syllogismo.</span> <span class='ocrx_word' id='word_1_444' title='bbox 2207 1814 2264 1855; x_wconf 91' lang='lat' dir='ltr'>De</span> <span class='ocrx_word' id='word_1_445' title='bbox 2283 1815 2411 1868; x_wconf 91' lang='lat' dir='ltr'>syllo-</span> 
     </span>
     <span class='ocr_line' id='line_1_76' title="bbox 1379 1886 2413 1938; baseline 0.003 -12"><span class='ocrx_word' id='word_1_446' title='bbox 1379 1887 1519 1938; x_wconf 79' lang='lat' dir='ltr'>g1smo</span> <span class='ocrx_word' id='word_1_447' title='bbox 1540 1886 1791 1937; x_wconf 85' lang='lat' dir='ltr'>necessario,</span> <span class='ocrx_word' id='word_1_448' title='bbox 1813 1886 1856 1926; x_wconf 90' lang='lat' dir='ltr'>id</span> <span class='ocrx_word' id='word_1_449' title='bbox 1876 1888 1954 1937; x_wconf 83' lang='lat' dir='ltr'>est,</span> <span class='ocrx_word' id='word_1_450' title='bbox 1975 1886 2229 1928; x_wconf 89' lang='lat' dir='ltr'>resolutorio</span> <span class='ocrx_word' id='word_1_451' title='bbox 2250 1887 2294 1927; x_wconf 87' lang='lat' dir='ltr'>in</span> <span class='ocrx_word' id='word_1_452' title='bbox 2313 1900 2413 1929; x_wconf 90' lang='lat' dir='ltr'>cau·</span> 
     </span>
     <span class='ocr_line' id='line_1_77' title="bbox 1377 1958 2411 2012; baseline 0 -12"><span class='ocrx_word' id='word_1_453' title='bbox 1377 1972 1468 2000; x_wconf 89' lang='lat' dir='ltr'>sam</span> <span class='ocrx_word' id='word_1_454' title='bbox 1491 1959 1720 2009; x_wconf 83' lang='lat' dir='ltr'>inferendi,</span> <span class='ocrx_word' id='word_1_455' title='bbox 1741 1961 1789 1999; x_wconf 90' lang='lat' dir='ltr'>ut</span> <span class='ocrx_word' id='word_1_456' title='bbox 1813 1959 1857 1998; x_wconf 90' lang='lat' dir='ltr'>in</span> <span class='ocrx_word' id='word_1_457' title='bbox 1885 1958 2024 2012; x_wconf 87' lang='lat' dir='ltr'>prima</span> <span class='ocrx_word' id='word_1_458' title='bbox 2053 1959 2237 2012; x_wconf 77' lang='lat' dir='ltr'>analysi‚</span> <span class='ocrx_word' id='word_1_459' title='bbox 2262 1959 2304 2000; x_wconf 92' lang='lat' dir='ltr'>id</span> <span class='ocrx_word' id='word_1_460' title='bbox 2329 1962 2411 2010; x_wconf 88' lang='lat' dir='ltr'>est,</span> 
     </span>
     <span class='ocr_line' id='line_1_78' title="bbox 1377 2030 2415 2083; baseline 0.001 -12"><span class='ocrx_word' id='word_1_461' title='bbox 1377 2030 1656 2080; x_wconf 82' lang='lat' dir='ltr'>resolutione3</span> <span class='ocrx_word' id='word_1_462' title='bbox 1680 2032 1721 2070; x_wconf 89' lang='lat' dir='ltr'>et</span> <span class='ocrx_word' id='word_1_463' title='bbox 1741 2030 1924 2071; x_wconf 84' lang='lat' dir='ltr'>secunda</span> <span class='ocrx_word' id='word_1_464' title='bbox 1945 2030 2123 2083; x_wconf 84' lang='lat' dir='ltr'>analysi,</span> <span class='ocrx_word' id='word_1_465' title='bbox 2144 2030 2185 2070; x_wconf 92' lang='lat' dir='ltr'>id</span> <span class='ocrx_word' id='word_1_466' title='bbox 2207 2033 2282 2082; x_wconf 91' lang='lat' dir='ltr'>est,</span> <span class='ocrx_word' id='word_1_467' title='bbox 2303 2043 2415 2072; x_wconf 88' lang='lat' dir='ltr'>reso·</span> 
     </span>
     <span class='ocr_line' id='line_1_79' title="bbox 1376 2101 2413 2152; baseline 0 -9"><span class='ocrx_word' id='word_1_468' title='bbox 1376 2102 1538 2143; x_wconf 89' lang='lat' dir='ltr'>lutione</span> <span class='ocrx_word' id='word_1_469' title='bbox 1559 2102 1603 2142; x_wconf 91' lang='lat' dir='ltr'>in</span> <span class='ocrx_word' id='word_1_470' title='bbox 1624 2113 1797 2142; x_wconf 85' lang='lat' dir='ltr'>causam</span> <span class='ocrx_word' id='word_1_471' title='bbox 1820 2101 2052 2152; x_wconf 85' lang='lat' dir='ltr'>inferendi,</span> <span class='ocrx_word' id='word_1_472' title='bbox 2079 2104 2121 2142; x_wconf 89' lang='lat' dir='ltr'>et</span> <span class='ocrx_word' id='word_1_473' title='bbox 2145 2102 2309 2143; x_wconf 88' lang='lat' dir='ltr'>essendi</span> <span class='ocrx_word' id='word_1_474' title='bbox 2332 2117 2340 2142; x_wconf 92' lang='lat'><strong>:</strong></span> <span class='ocrx_word' id='word_1_475' title='bbox 2372 2105 2413 2143; x_wconf 86' lang='lat' dir='ltr'>et</span> 
     </span>
     <span class='ocr_line' id='line_1_80' title="bbox 1376 2172 2413 2228; baseline -0.001 -13"><span class='ocrx_word' id='word_1_476' title='bbox 1376 2175 1477 2228; x_wconf 87' lang='lat' dir='ltr'>quia</span> <span class='ocrx_word' id='word_1_477' title='bbox 1506 2185 1673 2227; x_wconf 90' lang='lat' dir='ltr'>semper</span> <span class='ocrx_word' id='word_1_478' title='bbox 1703 2185 1790 2214; x_wconf 90' lang='lat' dir='ltr'>non</span> <span class='ocrx_word' id='word_1_479' title='bbox 1821 2175 1955 2226; x_wconf 86' lang='lat' dir='ltr'>potest</span> <span class='ocrx_word' id='word_1_480' title='bbox 1990 2185 2082 2213; x_wconf 89' lang='lat' dir='ltr'>esse</span> <span class='ocrx_word' id='word_1_481' title='bbox 2117 2172 2306 2214; x_wconf 89' lang='lat' dir='ltr'>inductio</span> <span class='ocrx_word' id='word_1_482' title='bbox 2338 2186 2413 2226; x_wconf 88' lang='lat' dir='ltr'>per</span> 
     </span>
     <span class='ocr_line' id='line_1_81' title="bbox 1375 2244 2412 2297; baseline -0.002 -9"><span class='ocrx_word' id='word_1_483' title='bbox 1375 2247 1656 2288; x_wconf 88' lang='lat' dir='ltr'>necessariam</span> <span class='ocrx_word' id='word_1_484' title='bbox 1691 2245 2136 2297; x_wconf 86' lang='lat' dir='ltr'>argumentationem,</span> <span class='ocrx_word' id='word_1_485' title='bbox 2169 2244 2262 2285; x_wconf 86' lang='lat' dir='ltr'>ideo</span> <span class='ocrx_word' id='word_1_486' title='bbox 2287 2244 2412 2286; x_wconf 90' lang='lat' dir='ltr'>inve-</span> 
     </span>
     <span class='ocr_line' id='line_1_82' title="bbox 1375 2316 2410 2370; baseline 0 -11"><span class='ocrx_word' id='word_1_487' title='bbox 1375 2318 1558 2360; x_wconf 86' lang='lat' dir='ltr'>niuntur</span> <span class='ocrx_word' id='word_1_488' title='bbox 1577 2317 1677 2366; x_wconf 88' lang='lat' dir='ltr'>loci,</span> <span class='ocrx_word' id='word_1_489' title='bbox 1701 2319 1742 2357; x_wconf 89' lang='grc' dir='ltr'>θῖ</span> <span class='ocrx_word' id='word_1_490' title='bbox 1768 2317 1971 2358; x_wconf 84' lang='lat' dir='ltr'>habitudo</span> <span class='ocrx_word' id='word_1_491' title='bbox 1991 2316 2157 2367; x_wconf 87' lang='lat' dir='ltr'>localis,</span> <span class='ocrx_word' id='word_1_492' title='bbox 2186 2328 2282 2370; x_wconf 83' lang='lat' dir='ltr'>quae</span> <span class='ocrx_word' id='word_1_493' title='bbox 2311 2330 2410 2370; x_wconf 85' lang='lat' dir='ltr'>pro-</span> 
     </span>
     <span class='ocr_line' id='line_1_83' title="bbox 1375 2388 2413 2443; baseline 0 -12"><span class='ocrx_word' id='word_1_494' title='bbox 1375 2391 1483 2432; x_wconf 86' lang='lat' dir='ltr'>cedit</span> <span class='ocrx_word' id='word_1_495' title='bbox 1509 2401 1583 2443; x_wconf 89' lang='lat' dir='ltr'>per</span> <span class='ocrx_word' id='word_1_496' title='bbox 1605 2389 1861 2442; x_wconf 87' lang='lat' dir='ltr'>probabilia,</span> <span class='ocrx_word' id='word_1_497' title='bbox 1892 2392 1938 2429; x_wconf 87' lang='lat' dir='ltr'>ut</span> <span class='ocrx_word' id='word_1_498' title='bbox 1970 2388 2050 2429; x_wconf 89' lang='lat' dir='ltr'>loci</span> <span class='ocrx_word' id='word_1_499' title='bbox 2074 2388 2200 2442; x_wconf 90' lang='lat' dir='ltr'>topici</span> <span class='ocrx_word' id='word_1_500' title='bbox 2215 2404 2224 2439; x_wconf 92' lang='lat'>;</span> <span class='ocrx_word' id='word_1_501' title='bbox 2249 2393 2290 2430; x_wconf 87' lang='lat' dir='ltr'>et</span> <span class='ocrx_word' id='word_1_502' title='bbox 2312 2391 2413 2442; x_wconf 90' lang='lat' dir='ltr'>quia</span> 
     </span>
     <span class='ocr_line' id='line_1_84' title="bbox 1374 2460 2412 2514; baseline 0.001 -13"><span class='ocrx_word' id='word_1_503' title='bbox 1374 2462 1420 2502; x_wconf 91' lang='lat' dir='ltr'>in</span> <span class='ocrx_word' id='word_1_504' title='bbox 1438 2461 1505 2501; x_wconf 90' lang='lat' dir='ltr'>his</span> <span class='ocrx_word' id='word_1_505' title='bbox 1532 2461 1641 2502; x_wconf 87' lang='lat' dir='ltr'>cadit</span> <span class='ocrx_word' id='word_1_506' title='bbox 1668 2460 1880 2513; x_wconf 84' lang='lat' dir='ltr'>deceptio,</span> <span class='ocrx_word' id='word_1_507' title='bbox 1906 2460 2120 2501; x_wconf 85' lang='lat' dir='ltr'>adduntur</span> <span class='ocrx_word' id='word_1_508' title='bbox 2139 2460 2219 2501; x_wconf 86' lang='lat' dir='ltr'>loci</span> <span class='ocrx_word' id='word_1_509' title='bbox 2247 2461 2412 2514; x_wconf 85' lang='lat' dir='ltr'>sophis—</span> 
     </span>
     <span class='ocr_line' id='line_1_85' title="bbox 1374 2530 2410 2582; baseline 0.001 -9"><span class='ocrx_word' id='word_1_510' title='bbox 1374 2533 1468 2582; x_wconf 88' lang='lat' dir='ltr'>tici,</span> <span class='ocrx_word' id='word_1_511' title='bbox 1496 2534 1544 2572; x_wconf 86' lang='lat' dir='ltr'>ut</span> <span class='ocrx_word' id='word_1_512' title='bbox 1566 2531 1668 2572; x_wconf 90' lang='lat' dir='ltr'>sciat</span> <span class='ocrx_word' id='word_1_513' title='bbox 1693 2531 1821 2571; x_wconf 91' lang='lat' dir='ltr'>homo</span> <span class='ocrx_word' id='word_1_514' title='bbox 1841 2531 2087 2572; x_wconf 87' lang='lat' dir='ltr'>dissolvere.</span> <span class='ocrx_word' id='word_1_515' title='bbox 2110 2530 2227 2572; x_wconf 83' lang='lat' dir='ltr'>Unde</span> <span class='ocrx_word' id='word_1_516' title='bbox 2256 2532 2410 2574; x_wconf 85' lang='lat' dir='ltr'>dissol-</span> 
     </span>
     <span class='ocr_line' id='line_1_86' title="bbox 1373 2602 2408 2656; baseline 0 -11"><span class='ocrx_word' id='word_1_517' title='bbox 1373 2616 1479 2646; x_wconf 86' lang='lat' dir='ltr'>vens</span> <span class='ocrx_word' id='word_1_518' title='bbox 1500 2616 1587 2644; x_wconf 90' lang='lat' dir='ltr'>non</span> <span class='ocrx_word' id='word_1_519' title='bbox 1606 2606 1668 2644; x_wconf 88' lang='lat' dir='ltr'>est</span> <span class='ocrx_word' id='word_1_520' title='bbox 1687 2603 1961 2656; x_wconf 89' lang='lat' dir='ltr'>sophisticus,</span> <span class='ocrx_word' id='word_1_521' title='bbox 1990 2602 2059 2642; x_wconf 84' lang='lat' dir='ltr'>sed</span> <span class='ocrx_word' id='word_1_522' title='bbox 2083 2614 2211 2643; x_wconf 83' lang='lat' dir='ltr'>verus</span> <span class='ocrx_word' id='word_1_523' title='bbox 2230 2615 2408 2656; x_wconf 83' lang='lat' dir='ltr'>respou—</span> 
     </span>
     <span class='ocr_line' id='line_1_87' title="bbox 1373 2675 2408 2729; baseline 0 -12"><span class='ocrx_word' id='word_1_524' title='bbox 1373 2676 1498 2727; x_wconf 89' lang='lat' dir='ltr'>dens,</span> <span class='ocrx_word' id='word_1_525' title='bbox 1521 2676 1623 2729; x_wconf 84' lang='lat' dir='ltr'>quia</span> <span class='ocrx_word' id='word_1_526' title='bbox 1642 2677 1684 2716; x_wconf 87' lang='lat' dir='ltr'>et</span> <span class='ocrx_word' id='word_1_527' title='bbox 1704 2675 1770 2715; x_wconf 88' lang='lat' dir='ltr'>isti</span> <span class='ocrx_word' id='word_1_528' title='bbox 1798 2675 1910 2715; x_wconf 89' lang='lat' dir='ltr'>modi</span> <span class='ocrx_word' id='word_1_529' title='bbox 1942 2675 2119 2716; x_wconf 89' lang='lat' dir='ltr'>trahunt</span> <span class='ocrx_word' id='word_1_530' title='bbox 2143 2675 2358 2727; x_wconf 88' lang='lat' dir='ltr'>originem</span> <span class='ocrx_word' id='word_1_531' title='bbox 2384 2689 2408 2718; x_wconf 88' lang='lat' dir='ltr'>a</span> 
     </span>
     <span class='ocr_line' id='line_1_88' title="bbox 1373 2745 2408 2799; baseline 0.002 -12"><span class='ocrx_word' id='word_1_532' title='bbox 1373 2750 1525 2787; x_wconf 86' lang='lat' dir='ltr'>natura</span> <span class='ocrx_word' id='word_1_533' title='bbox 1543 2758 1712 2796; x_wconf 85' lang='lat' dir='ltr'>rerum,</span> <span class='ocrx_word' id='word_1_534' title='bbox 1740 2748 1788 2785; x_wconf 89' lang='lat' dir='ltr'>ut</span> <span class='ocrx_word' id='word_1_535' title='bbox 1816 2748 1954 2798; x_wconf 85' lang='lat' dir='ltr'>patet:</span> <span class='ocrx_word' id='word_1_536' title='bbox 1977 2761 1996 2784; x_wconf 90' lang='lat'>«</span> <span class='ocrx_word' id='word_1_537' title='bbox 2023 2745 2186 2786; x_wconf 82' lang='lat' dir='ltr'>Fumus</span> <span class='ocrx_word' id='word_1_538' title='bbox 2206 2749 2282 2795; x_wconf 87' lang='lat' dir='ltr'>est,</span> <span class='ocrx_word' id='word_1_539' title='bbox 2305 2759 2408 2799; x_wconf 86' lang='lat' dir='ltr'>ergo</span> 
     </span>
     <span class='ocr_line' id='line_1_89' title="bbox 1373 2817 2408 2870; baseline 0 -12"><span class='ocrx_word' id='word_1_540' title='bbox 1373 2818 1490 2870; x_wconf 86' lang='lat' dir='ltr'>ignis</span> <span class='ocrx_word' id='word_1_541' title='bbox 1510 2821 1594 2868; x_wconf 90' lang='lat' dir='ltr'>est;</span> <span class='ocrx_word' id='word_1_542' title='bbox 1626 2831 1645 2854; x_wconf 88' lang='lat'>»</span> <span class='ocrx_word' id='word_1_543' title='bbox 1669 2817 1785 2858; x_wconf 89' lang='lat' dir='ltr'>locus</span> <span class='ocrx_word' id='word_1_544' title='bbox 1804 2818 1856 2857; x_wconf 90' lang='lat' dir='ltr'>ab</span> <span class='ocrx_word' id='word_1_545' title='bbox 1885 2817 2052 2858; x_wconf 79' lang='lat' dir='ltr'>effectu.</span> <span class='ocrx_word' id='word_1_546' title='bbox 2078 2817 2172 2858; x_wconf 88' lang='lat' dir='ltr'>Ideo</span> <span class='ocrx_word' id='word_1_547' title='bbox 2192 2817 2408 2858; x_wconf 88' lang='lat' dir='ltr'>adduntur</span> 
     </span>
     <span class='ocr_line' id='line_1_90' title="bbox 1373 2888 2409 2942; baseline 0 -12"><span class='ocrx_word' id='word_1_548' title='bbox 1373 2890 1517 2930; x_wconf 82' lang='lat' dir='ltr'>decem</span> <span class='ocrx_word' id='word_1_549' title='bbox 1534 2888 1883 2942; x_wconf 75' lang='lat' dir='ltr'>p1·aedican1enta;</span> <span class='ocrx_word' id='word_1_550' title='bbox 1901 2889 2116 2930; x_wconf 87' lang='lat' dir='ltr'>adduntur</span> <span class='ocrx_word' id='word_1_551' title='bbox 2131 2889 2257 2930; x_wconf 81' lang='lat' dir='ltr'>etiam</span> <span class='ocrx_word' id='word_1_552' title='bbox 2278 2901 2409 2931; x_wconf 89' lang='lat' dir='ltr'>enun-</span> 
     </span>
     <span class='ocr_line' id='line_1_91' title="bbox 1371 2963 1579 3004; baseline -0.005 -1"><span class='ocrx_word' id='word_1_553' title='bbox 1371 2963 1579 3004; x_wconf 84' lang='lat' dir='ltr'>tiationes.</span> 
     </span>
    </p>

    <p class='ocr_par' dir='ltr' id='par_1_7' title="bbox 1372 3033 2410 3584">
     <span class='ocr_line' id='line_1_92' title="bbox 1426 3033 2407 3086; baseline -0.001 -12"><span class='ocrx_word' id='word_1_554' title='bbox 1426 3035 1586 3076; x_wconf 84' lang='lat' dir='ltr'>Tertius</span> <span class='ocrx_word' id='word_1_555' title='bbox 1617 3033 1788 3084; x_wconf 80' lang='lat' dir='ltr'>radiuS,</span> <span class='ocrx_word' id='word_1_556' title='bbox 1820 3034 1865 3077; x_wconf 91' lang='lat' dir='ltr'>in</span> <span class='ocrx_word' id='word_1_557' title='bbox 1902 3045 1985 3086; x_wconf 90' lang='lat' dir='ltr'>quo</span> <span class='ocrx_word' id='word_1_558' title='bbox 2013 3046 2133 3075; x_wconf 87' lang='lat' dir='ltr'>mens</span> <span class='ocrx_word' id='word_1_559' title='bbox 2166 3034 2407 3074; x_wconf 86' lang='lat' dir='ltr'>illustratur</span> 
     </span>
     <span class='ocr_line' id='line_1_93' title="bbox 1372 3105 2408 3160; baseline -0.003 -13"><span class='ocrx_word' id='word_1_560' title='bbox 1372 3107 1424 3147; x_wconf 89' lang='lat' dir='ltr'>ad</span> <span class='ocrx_word' id='word_1_561' title='bbox 1458 3106 1832 3160; x_wconf 84' lang='lat' dir='ltr'>persuadendum,</span> <span class='ocrx_word' id='word_1_562' title='bbox 1876 3105 1945 3146; x_wconf 90' lang='lat' dir='ltr'>vel</span> <span class='ocrx_word' id='word_1_563' title='bbox 1982 3106 2271 3147; x_wconf 84' lang='lat' dir='ltr'>inclinandum</span> <span class='ocrx_word' id='word_1_564' title='bbox 2311 3105 2408 3145; x_wconf 87' lang='lat' dir='ltr'>ani-</span> 
     </span>
     <span class='ocr_line' id='line_1_94' title="bbox 1373 3175 2406 3230; baseline -0.001 -12"><span class='ocrx_word' id='word_1_565' title='bbox 1373 3191 1517 3228; x_wconf 87' lang='lat' dir='ltr'>mum,</span> <span class='ocrx_word' id='word_1_566' title='bbox 1537 3177 1618 3218; x_wconf 91' lang='lat' dir='ltr'>hoc</span> <span class='ocrx_word' id='word_1_567' title='bbox 1637 3178 1684 3218; x_wconf 79' lang='lat' dir='ltr'>fit</span> <span class='ocrx_word' id='word_1_568' title='bbox 1704 3189 1778 3230; x_wconf 91' lang='lat' dir='ltr'>per</span> <span class='ocrx_word' id='word_1_569' title='bbox 1799 3176 2086 3218; x_wconf 84' lang='lat' dir='ltr'>Rhetoricam.</span> <span class='ocrx_word' id='word_1_570' title='bbox 2110 3176 2226 3218; x_wconf 86' lang='lat' dir='ltr'>Unde</span> <span class='ocrx_word' id='word_1_571' title='bbox 2246 3175 2406 3217; x_wconf 86' lang='lat' dir='ltr'>Rhetor</span> 
     </span>
     <span class='ocr_line' id='line_1_95' title="bbox 1372 3247 2404 3302; baseline -0.003 -12"><span class='ocrx_word' id='word_1_572' title='bbox 1372 3252 1536 3302; x_wconf 90' lang='lat' dir='ltr'>oportet</span> <span class='ocrx_word' id='word_1_573' title='bbox 1555 3251 1603 3289; x_wconf 88' lang='lat' dir='ltr'>ut</span> <span class='ocrx_word' id='word_1_574' title='bbox 1620 3249 1840 3301; x_wconf 88' lang='lat' dir='ltr'>provideat</span> <span class='ocrx_word' id='word_1_575' title='bbox 1864 3248 1974 3289; x_wconf 89' lang='lat' dir='ltr'>civili</span> <span class='ocrx_word' id='word_1_576' title='bbox 2003 3247 2196 3298; x_wconf 89' lang='lat' dir='ltr'>utilitati,</span> <span class='ocrx_word' id='word_1_577' title='bbox 2220 3247 2293 3288; x_wconf 88' lang='lat' dir='ltr'>ubi</span> <span class='ocrx_word' id='word_1_578' title='bbox 2328 3259 2404 3300; x_wconf 89' lang='lat' dir='ltr'>po-</span> 
     </span>
     <span class='ocr_line' id='line_1_96' title="bbox 1372 3319 2406 3373; baseline -0.002 -13"><span class='ocrx_word' id='word_1_579' title='bbox 1372 3323 1453 3361; x_wconf 87' lang='lat' dir='ltr'>test</span> <span class='ocrx_word' id='word_1_580' title='bbox 1488 3332 1576 3361; x_wconf 85' lang='lat' dir='ltr'>esse</span> <span class='ocrx_word' id='word_1_581' title='bbox 1614 3320 1853 3373; x_wconf 89' lang='lat' dir='ltr'>periculum</span> <span class='ocrx_word' id='word_1_582' title='bbox 1895 3322 2066 3373; x_wconf 87' lang='lat' dir='ltr'>propter</span> <span class='ocrx_word' id='word_1_583' title='bbox 2101 3319 2406 3360; x_wconf 83' lang='lat' dir='ltr'>dissensionem</span> 
     </span>
     <span class='ocr_line' id='line_1_97' title="bbox 1374 3390 2409 3442; baseline -0.001 -11"><span class='ocrx_word' id='word_1_584' title='bbox 1374 3391 1631 3442; x_wconf 83' lang='lat' dir='ltr'>animorum.</span> <span class='ocrx_word' id='word_1_585' title='bbox 1667 3390 1858 3432; x_wconf 87' lang='lat' dir='ltr'>Procedit</span> <span class='ocrx_word' id='word_1_586' title='bbox 1887 3393 2030 3431; x_wconf 84' lang='lat' dir='ltr'>autem</span> <span class='ocrx_word' id='word_1_587' title='bbox 2059 3390 2295 3432; x_wconf 90' lang='lat' dir='ltr'>secundum</span> <span class='ocrx_word' id='word_1_588' title='bbox 2329 3390 2409 3431; x_wconf 85' lang='lat' dir='ltr'>tria</span> 
     </span>
     <span class='ocr_line' id='line_1_98' title="bbox 1375 3461 2410 3515; baseline -0.002 -11"><span class='ocrx_word' id='word_1_589' title='bbox 1375 3463 1600 3513; x_wconf 79' lang='lat' dir='ltr'>attributa,</span> <span class='ocrx_word' id='word_1_590' title='bbox 1638 3465 1679 3503; x_wconf 92' lang='lat' dir='ltr'>et</span> <span class='ocrx_word' id='word_1_591' title='bbox 1704 3463 1856 3515; x_wconf 80' lang='lat' dir='ltr'>triplex</span> <span class='ocrx_word' id='word_1_592' title='bbox 1890 3474 2026 3514; x_wconf 83' lang='lat' dir='ltr'>genus</span> <span class='ocrx_word' id='word_1_593' title='bbox 2054 3474 2218 3514; x_wconf 78' lang='lat' dir='ltr'>causae,</span> <span class='ocrx_word' id='word_1_594' title='bbox 2253 3461 2410 3503; x_wconf 73' lang='lat' dir='ltr'>scilicet</span> 
     </span>
     <span class='ocr_line' id='line_1_99' title="bbox 1373 3532 2406 3584; baseline -0.002 -9"><span class='ocrx_word' id='word_1_595' title='bbox 1373 3534 1779 3583; x_wconf 81' lang='lat' dir='ltr'>demonstrativum,</span> <span class='ocrx_word' id='word_1_596' title='bbox 1797 3532 2120 3575; x_wconf 82' lang='lat' dir='ltr'>deliberativum</span> <span class='ocrx_word' id='word_1_597' title='bbox 2135 3537 2176 3575; x_wconf 93' lang='lat' dir='ltr'>et</span> <span class='ocrx_word' id='word_1_598' title='bbox 2193 3533 2406 3584; x_wconf 84' lang='lat' dir='ltr'>judiciale.</span> 
     </span>
    </p>
   </div>
   <div class='ocr_carea' id='block_1_6' title="bbox 2436 1191 2580 1351">
    <p class='ocr_par' dir='ltr' id='par_1_8' title="bbox 2436 1191 2580 1351">
     <span class='ocr_line' id='line_1_100' title="bbox 2473 1191 2580 1220; baseline 0.009 -1"><span class='ocrx_word' id='word_1_599' title='bbox 2473 1191 2580 1220; x_wconf 82' lang='lat' dir='ltr'>Gram-</span> 
     </span>
     <span class='ocr_line' id='line_1_101' title="bbox 2444 1233 2571 1260; baseline 0.008 -1"><span class='ocrx_word' id='word_1_600' title='bbox 2444 1233 2571 1260; x_wconf 83' lang='lat' dir='ltr'>maticus</span> 
     </span>
     <span class='ocr_line' id='line_1_102' title="bbox 2436 1273 2559 1308; baseline 0.016 -8"><span class='ocrx_word' id='word_1_601' title='bbox 2436 1277 2451 1308; x_wconf 57' lang='lat' dir='ltr'>l,</span> <span class='ocrx_word' id='word_1_602' title='bbox 2462 1273 2559 1302; x_wconf 86' lang='lat' dir='ltr'>bonus</span> 
     </span>
     <span class='ocr_line' id='line_1_103' title="bbox 2458 1316 2535 1351; baseline 0.013 -8"><span class='ocrx_word' id='word_1_603' title='bbox 2458 1316 2535 1351; x_wconf 89' lang='lat' dir='ltr'>quis.</span> 
     </span>
    </p>
   </div>
   <div class='ocr_carea' id='block_1_7' title="bbox 2428 3191 2576 3302">
    <p class='ocr_par' dir='ltr' id='par_1_9' title="bbox 2428 3191 2576 3302">
     <span class='ocr_line' id='line_1_104' title="bbox 2465 3191 2574 3218; baseline 0.009 -1"><span class='ocrx_word' id='word_1_604' title='bbox 2465 3191 2574 3218; x_wconf 82' lang='lat' dir='ltr'>Rheto-</span> 
     </span>
     <span class='ocr_line' id='line_1_105' title="bbox 2429 3232 2576 3260; baseline 0.014 -2"><span class='ocrx_word' id='word_1_605' title='bbox 2429 3241 2440 3258; x_wconf 83' lang='lat' dir='ltr'>r</span> <span class='ocrx_word' id='word_1_606' title='bbox 2449 3233 2499 3259; x_wconf 76' lang='lat' dir='ltr'>icae</span> <span class='ocrx_word' id='word_1_607' title='bbox 2529 3232 2576 3260; x_wconf 85' lang='lat' dir='ltr'>di·</span> 
     </span>
     <span class='ocr_line' id='line_1_106' title="bbox 2428 3282 2515 3302; baseline 0.023 -2"><span class='ocrx_word' id='word_1_608' title='bbox 2428 3282 2515 3302; x_wconf 77' lang='lat' dir='ltr'>visio.</span> 
     </span>
    </p>
   </div>
  </div>
 </body>
</html>
