2633 3878
618 663 664 696 Ex
693 662 884 696 Prodi-omo
914 663 954 694 ad
985 672 1092 704 opera
1115 663 1230 695 omnia
1259 664 1294 696 S.
1326 664 1575 697 Bonavcnturae
1606 664 1831 705 praenotanda
1863 665 2031 707 quaedam.

687 996 708 1041 ,ξ
726 996 807 1031 1.—
821 996 1019 1031 PmNcimmi
1037 995 1159 1031 SAcnAE
1178 996 1378 1031 Seium-unffi
1396 995 1612 1041 (Prodrom.,
1633 996 1702 1032 col.
1724 997 1793 1032 622
1810 1001 1846 1032 ct
1860 996 1966 1042 seq).

310 1104 453 1157 Ipsum
473 1104 637 1144 certum
652 1102 966 1144 Bonaventurae
981 1101 1116 1143 nostri
1130 1101 1387 1154 opusculum
1401 1103 1654 1143 attestantur
1667 1102 1914 1146 Franciscus
1933 1103 2127 1156 Samson,
2143 1105 2396 1147 Octavianus

255 1180 307 1222 de
330 1179 537 1232 MartiniS,
558 1179 797 1221 Alexander
824 1179 1034 1229 AriostuS,
1055 1176 1271 1218 Marianus
1289 1177 1574 1227 Florentinus,
1596 1176 1780 1219 Joannes
1800 1178 2074 1230 TrithemiUS,
2090 1179 2270 1222 Jacobus
2288 1180 2394 1222 Phi-

255 1261 398 1314 lippus
427 1260 647 1311 Forestus,
671 1259 871 1300 Albertus
902 1258 1182 1310 Castellanus,
1220 1258 1456 1299 Gulielmus
1478 1256 1815 1311 Eysengrenius,
1838 1254 1984 1297 Sixtus
2007 1255 2219 1307 Senensis,
2240 1259 2282 1298 et.
2309 1257 2394 1301 alii.

257 1338 418 1388 Quibus
435 1337 746 1390 adstipulantur
767 1336 987 1386 editiones,
1010 1348 1196 1389 quarum
1212 1336 1326 1388 apud
1347 1347 1425 1376 nos
1447 1335 1654 1377 vetustior
1673 1334 1995 1387 Argentinensis
2015 1346 2086 1376 an.
2111 1338 2231 1376 1495.
2253 1335 2398 1389 Neque

256 1417 309 1458 ad
335 1416 378 1457 id
403 1415 668 1456 suadendum
699 1414 937 1456 rationibus
966 1414 1255 1455 destituimur.
1284 1413 1486 1454 Fatentur
1518 1414 1634 1453 enim
1666 1412 1736 1454 vel
1771 1412 1850 1465 ipsi
1886 1411 2145 1463 adversarii,
2178 1416 2398 1456 auctorem

255 1494 385 1547 hujus
398 1492 610 1546 Principii
630 1492 829 1533 eumdem
848 1503 940 1533 esse
957 1503 1005 1531 ac
1026 1491 1149 1531 illum
1169 1491 1308 1543 operis
1329 1502 1432 1531 mox
1448 1490 1664 1542 sequentis
1684 1490 1728 1529 in
1743 1490 2054 1531 Heoeaemeron.
2072 1491 2127 1531 At
2145 1491 2285 1544 operis
2297 1503 2399 1533 mox

255 1570 468 1624 sequentis
487 1572 704 1610 auctorem
725 1568 772 1609 D.
794 1567 1143 1610 Bonaventuram
1163 1567 1454 1620 probabimus.
1477 1566 1606 1619 Ergo.
1644 1566 1760 1607 Certe
1784 1565 1923 1619 stylus
1943 1566 2056 1607 haud
2077 1566 2282 1607 absimilis
2301 1570 2363 1608 est
2385 1582 2394 1610 ε

254 1647 398 1689 itidem
422 1647 467 1688 in
485 1648 669 1699 utroque
688 1646 736 1686 fit
755 1645 967 1687 distinctio
999 1644 1125 1688 Verbi
1146 1644 1338 1701 increati,
1372 1643 1498 1703 Verbi
1521 1644 1749 1694 incarnati,
1788 1642 1913 1686 Verbi
1939 1643 2150 1697 inspirati.
2175 1644 2277 1694 Quae
2298 1644 2398 1697 qui-

253 1723 350 1765 dem
369 1723 580 1765 distinctio
598 1723 656 1764 ita
676 1725 738 1764 est
757 1723 919 1764 Doctori
939 1726 1084 1771 nostro
1108 1717 1358 1780 famil-iaris,
1379 1723 1442 1783 ut
1459 1717 1519 1774 ea*
1540 1722 1699 1777 saepius
1728 1722 1875 1762 utatur
1897 1722 1942 1762 in
1967 1722 2162 1775 pluribus
2195 1722 2288 1763 aliis
2313 1723 2400 1763 suis

252 1801 492 1855 opusculis,
513 1804 617 1854 puta
645 1801 691 1841 in
720 1794 1169 1856 Breviloquz‘0,jL2]qno
1206 1788 1320 1851 vitoe,
1342 1799 1388 1840 in
1408 1783 1708 1852 manuscriptis
1730 1801 1946 1853 opusculis
1972 1800 2023 1842 de
2051 1802 2225 1855 Septem
2244 1801 2393 1853 Doni-s,

254 1885 293 1922 et
322 1879 372 1921 de
403 1880 628 1922 Parabolis
657 1879 946 1933 Evanqelicis.
978 1865 1156 1920 Perinde
1180 1878 1314 1931 etiam
1347 1890 1396 1919 ac
1422 1878 1475 1925 in
1506 1865 1809 1930 Breviloquio,
1841 1876 2137 1931 Centiloquio,
2167 1889 2333 1918 necnon
2351 1877 2398 1918 in

253 1958 453 1999 continuo
483 1958 767 2011 subsequente
789 1969 916 2010 opere
943 1956 990 1997 in
1004 1938 1343 2011 Lchcaemeron,
1372 1957 1419 1997 fit
1443 1956 1488 1996 in
1504 1955 1596 1997 ‘hoc
1622 1955 1842 2008 Principio
1872 1955 2041 2008 partitio
2063 1954 2224 1997 Veteris
2252 1954 2395 1996 Testa-

251 2034 385 2076 menti
411 2035 456 2075 in
487 2035 635 2077 Libros
670 2034 849 2088 leqales,
883 2034 1148 2088 historiales,
1173 2033 1457 2087 *prophetales
1493 2035 1534 2073 et
1581 2031 1859 2085 sapientaleS,
1899 2043 2065 2072 necnon
2101 2043 2232 2085 prope
2266 2032 2397 2072 finem

251 2111 476 2152 alludendo
500 2111 553 2152 ad
572 2111 787 2163 Ezechiel,
813 2123 904 2164 cap.
928 2123 967 2162 1,
997 2110 1162 2152 dicetur
1181 2109 1308 2162 quod*
1325 2096 1348 2148 ¹c<
1374 2099 1546 2151 Novum
1565 2108 1885 2149 Testamentum
1904 2107 2171 2149 contineatur
2193 2107 2238 2148 in
2257 2106 2396 2149 Veteri

250 2187 360 2229 sicut
380 2190 474 2229 rota
501 2187 548 2228 in
572 2190 690 2239 rota,
723 2203 742 2226 ι)
776 2199 865 2229 non
898 2198 1019 2229 secus
1048 2200 1096 2228 ac
1118 2187 1164 2228 in
1192 2186 1379 2239 Prologo
1408 2186 1567 2228 laudati
1595 2185 1875 2238 Breviloquii,
1900 2184 1975 2226 ubi
2005 2184 2156 2226 Doctor
2183 2186 2326 2225 noster
2347 2184 2397 2225 de

249 2261 472 2303 latitudine
500 2275 631 2304 sacrae
663 2262 894 2316 Scripturae
928 2275 1084 2316 agens,
1116 2265 1353 2306 considerat
1377 2269 1520 2305 rotam
1543 2264 1587 2304 in
1611 2262 1751 2304 medio
1775 2267 1900 2314 rotae,
1929 2277 1948 2301 α
1966 2262 2067 2316 quia
2096 2261 2226 2303 Vetus
2254 2260 2394 2302 Testa·

250 2342 445 2381 mentum
465 2343 527 2382 est
558 2341 603 2382 in
627 2340 766 2393 Novo,
792 2343 834 2383 et
858 2354 882 2382 e
911 2354 1129 2385 converso.
1152 2357 1172 2381 >³
1198 2341 1337 2384 Verba
1363 2341 1435 2383 illa
1466 2340 1764 2394 Apocalypsis,
1786 2351 1879 2393 cap.
1909 2351 2000 2380 xxu
2027 2353 2036 2380 :
2074 2338 2267 2382 Ostendit
2290 2338 2399 2380 milii

250 2417 460 2459 Dominus
492 2417 677 2472 fluvium
703 2431 830 2472 aquoe
866 2419 999 2471 vivae,
1030 2422 1127 2471 etc„
1160 2420 1206 2461 in
1237 2420 1385 2461 eodem
1419 2418 1641 2472 Principio
1672 2418 1976 2471 interpretatur
2008 2420 2156 2459 auctor
2185 2418 2237 2459 de
2277 2429 2396 2459 sacra

251 2492 492 2547 Scriptura,
538 2496 646 2536 sicut
687 2495 838 2538 Doctor
871 2497 1119 2550 seraphicus
1159 2496 1205 2536 in
1249 2508 1326 2537 suo
1377 2494 1687 2537 Commentario
1731 2507 1858 2548 super
1895 2493 2194 2549 Apocalypsim
2216 2526 2230 2546 ,
2269 2494 2394 2536 citato

251 2582 341 2624 cap.
369 2584 485 2623 xxu,
517 2576 557 2613 1.
578 2571 812 2623 Praeterea,
845 2573 959 2626 quod
988 2574 1100 2615 idem
1128 2573 1342 2627 Principii
1367 2574 1515 2613 auctor
1543 2572 1683 2625 inquit
1709 2571 1760 2613 de
1799 2575 2045 2614 sanctarum
2077 2571 2393 2626 Scripturarum

250 2647 549 2700 profunditate,
570 2648 777 2690 nimirum
798 2664 806 2690 :
830 2665 850 2688 (ι
863 2649 977 2691 Licet
990 2650 1195 2704 abyssalis
1213 2650 1476 2704 profunditas
1491 2651 1737 2690 sanctarum
1758 2648 2077 2702 Scripturarum
2092 2649 2214 2691 nobis
2233 2649 2394 2691 inscru-

250 2724 388 2766 tabilis
409 2725 477 2776 sit,
496 2725 781 2779 dispensative
800 2729 943 2769 tamen
963 2740 988 2768 a
1007 2727 1172 2781 Spiritu
1192 2730 1338 2768 sancto
1365 2729 1507 2768 actum
1526 2729 1602 2776 est,
1616 2729 1665 2767 ut
1685 2726 1731 2766 in
1750 2726 1894 2768 ssuviis
1914 2726 2002 2768 Scri
2008 2729 2234 2780 pturarum
2250 2739 2393 2780 agnus

249 2801 432 2853 peditet,
462 2805 504 2844 et
531 2803 704 2857 elephas
731 2807 872 2856 natet,
904 2805 1141 2847 secundum
1172 2803 1452 2857 Gregorium,
1487 2818 1506 2841 ι)
1540 2803 1645 2844 illud
1672 2803 1815 2855 ipsum
1842 2805 1924 2854 est,
1952 2803 2066 2857 quod
2094 2803 2392 2846 Bonaventura

250 2880 394 2919 noster
412 2878 611 2921 adfirmat
628 2881 674 2921 in
693 2880 878 2934 Prologo
898 2893 987 2923 suae
1007 2881 1196 2924 Postilloe
1215 2893 1343 2935 super
1363 2881 1542 2923 Joanm's
1561 2879 1851 2933 Evanqelium
1870 2880 1982 2921 infra
1999 2880 2240 2923 laudandae.

305 2954 541 2997 Occurrunt
554 2957 598 2997 in
611 2957 758 2999 eodem
770 2959 1006 3013 Principio,
1026 2973 1112 3002 non
1123 2973 1244 3002 secus
1261 2972 1390 3014 quam
1402 2960 1448 3001 in
1462 2958 1554 3000 aliis
1569 2959 1695 3000 certis
1707 2958 2021 3002 Bonaventurae
2032 2959 2262 3014 opusculis,
2275 2959 2391 3001 simi-

250 3031 345 3072 liter
354 3032 602 3083 desinentia,
614 3035 793 3087 repetita
805 3036 1079 3089 superlativa,
1092 3037 1295 3091 pleraque
1308 3037 1472 3078 illatina
1484 3035 1706 3086 vocabula,
1721 3038 1798 3078 etc.
1814 3034 1981 3090 Saepius
1995 3037 2046 3078 de
2059 3048 2178 3078 more
2191 3036 2391 3078 laudatur

250 3109 383 3150 sancti
401 3109 684 3163 AugustinUS,
709 3111 1036 3169 alleganturque
1055 3115 1183 3156 etiam
1203 3115 1312 3156 inter
1332 3113 1497 3156 Graecos
1517 3113 1661 3155 Patres
1680 3112 1921 3165 Dionysius,
1947 3112 2166 3166 Origenes,
2194 3112 2388 3164 Basilius,

250 3183 557 3238 Damascenus;
583 3187 694 3229 inter
726 3188 897 3231 Latinos
924 3190 1225 3246 Hieronymus,
1257 3190 1540 3242 Cassiodorus,
1575 3189 1819 3242 Gregorius,
1854 3188 2050 3241 IsidoruS‚
2079 3189 2204 3241 Beda,
2238 3189 2390 3242 hisque

251 3261 467 3304 adduntur
489 3263 705 3317 Rabanus,
729 3266 856 3320 Hugo
874 3270 916 3309 et
944 3267 1180 3310 Richardus
1195 3284 1206 3320 ;
1230 3271 1324 3310 tum
1352 3268 1463 3309 inter
1492 3265 1766 3321 philosophos
1795 3265 2054 3318 Aristoteles,
2079 3267 2181 3308 item
2209 3264 2388 3317 Tullius,

251 3349 299 3379 ac
318 3337 509 3392 Boetius,
532 3342 605 3395 qui
624 3354 773 3385 omnes
803 3345 920 3388 fuere
950 3346 996 3388 D.
1020 3346 1334 3389 Bonaventurae
1362 3344 1573 3387 notissimi
1596 3358 1606 3385 ε
1638 3354 1778 3397 neque
1807 3342 2006 3384 credibile
2036 3342 2117 3396 ipsi
2146 3355 2235 3385 non
2262 3343 2387 3385 inno-

249 3413 378 3457 tuisse
406 3427 491 3459 una
523 3430 623 3461 cum
653 3420 837 3474 praefatis
874 3422 1105 3467 adductum
1136 3425 1320 3466 nobilem
1353 3423 1636 3478 expositorem
1666 3429 1794 3473 super
1825 3418 2060 3463 Levz‘ticum
2092 3419 2387 3476 Rodulplzums
