2633 3878
77 767 179 803 Mysti-

37 816 88 836 cus
114 816 180 836 sen-

53 852 100 877 tus
114 850 162 877 tri-

37 892 172 928 partitus.

50 1951 178 1980 Scientia

56 1994 162 2029 triplex

48 2036 173 2063 aedifica-

51 2078 106 2105 tori
119 2078 165 2105 in-

57 2120 161 2155 telligi-

38 2160 90 2188 bili
123 2169 177 2189 ne-

39 2203 178 2231 cessaria.

1047 228 1288 273 PSALMUS
1320 230 1491 272 CXVIII.

197 322 331 360 Esther
349 323 435 360 orat
452 321 528 360 hoc
560 321 709 359 modo¹
737 333 744 357 z
771 334 789 355 ιι
810 323 863 357 Da
891 319 987 356 mihi
1021 319 1225 365 fiduciam,

198 385 363 422 Domine
382 387 463 423 Rex
483 385 650 422 deorum
671 396 680 420 ε
703 397 720 418 »
747 393 834 420 ecce
851 382 988 419 datum
1006 381 1177 419 fiduciae.

539 489 724 524 Articulus
744 490 888 524 tertius.

244 574 438 618 Quantum
463 571 515 608 ad
550 571 723 616 tertium,
757 570 933 618 sequitur
959 582 969 606 ;
991 570 1228 615 Intellectum,

197 634 343 671 scilicet
361 634 580 681 Scripturae,
608 644 678 670 seu
698 636 878 680 apertum
907 635 1110 681 aspectum
1129 631 1230 668 veri-

196 696 284 733 tatis
303 696 492 732 obscurae.
516 698 559 732 Et
571 695 793 732 notandum
813 695 916 732 circa
947 695 1154 743 scripturae
1171 694 1230 730 in-

196 757 409 804 tellectum,
431 757 542 805 quod
560 757 779 794 intellectus
804 757 1010 805 Scripturae
1044 757 1231 805 mysticus

198 822 255 857 est
292 819 502 867 tripartitus
539 831 547 855 :
581 830 673 856 nam
709 818 809 856 alius
847 819 1095 865 allegoricus,
1134 818 1232 854 alius

198 881 465 929 anagogicus,
488 881 588 918 alius
622 880 895 928 tropologicus
917 892 926 916 z
947 891 1119 928 quorum
1152 880 1230 928 pri-

198 956 287 981 mus
299 945 418 982 servit
437 945 530 982 fidei
543 958 554 991 3
577 945 788 989 secundus,
809 944 890 992 spei
899 957 910 991 3
939 944 1086 991 tertius,
1107 943 1233 981 chari-

200 1006 278 1044 tati.
300 1009 350 1044 De
364 1007 495 1055 primo
514 1008 528 1029 ²
551 1019 560 1044 ε
586 1021 604 1042 «
623 1007 930 1044 Sanctificabunt
958 1009 1137 1043 sanctum
1172 1008 1232 1043 Ja-

198 1068 288 1114 cob,
327 1072 364 1106 et
403 1071 524 1106 Deum
561 1069 678 1107 Israel
709 1068 997 1117 praedicabunt,
1038 1071 1076 1105 et
1110 1068 1233 1105 scient

198 1135 370 1169 errantes
396 1132 533 1180 spiritu
552 1131 795 1169 intellectum
817 1144 825 1168 ε
850 1145 867 1165 »
903 1142 992 1168 ecce
1015 1130 1232 1168 intellectus

197 1193 434 1240 allegoricus
454 1194 628 1231 serviens
640 1194 746 1231 fidei.
763 1196 814 1230 De
834 1194 1008 1231 secundo
1023 1195 1060 1230 ³:
1079 1194 1232 1238 «Quam

196 1256 374 1303 speciosa
410 1257 602 1294 veteranis
641 1256 854 1304 sapientia,
879 1259 916 1293 et
943 1256 1139 1303 gloriosus
1176 1255 1232 1291 in-

196 1317 372 1355 tellectus
394 1321 401 1354 !
425 1332 442 1354 »
467 1330 557 1356 ecce
567 1319 786 1356 intellectus
801 1318 1042 1366 anagogicus
1057 1317 1232 1355 serviens

197 1379 294 1427 spei.
332 1382 383 1417 De
404 1381 517 1418 tertio
536 1380 577 1417 ⁵:
603 1395 621 1416 a
642 1384 683 1419 In
721 1381 913 1418 thesauris
942 1380 1144 1428 sapientiae
1178 1379 1234 1415 in-

196 1441 370 1478 tellectus
407 1446 444 1480 et
476 1444 645 1480 scientiae
668 1443 923 1491 religiositas,
955 1456 971 1476 υ
993 1453 1082 1480 ecce
1119 1440 1232 1479 intel-

197 1497 318 1535 lectus
334 1499 602 1547 tropologicus
629 1500 804 1538 serviens
824 1499 1018 1537 charitati.

524 1607 715 1642 Articulus
735 1610 901 1652 quartus.

246 1687 441 1732 Quantum
463 1687 516 1724 ad
535 1690 735 1735 quartum,
756 1687 1030 1734 subsequitur:
1059 1687 1103 1723 Uc
1123 1688 1234 1722 sciam

201 1752 406 1787 testimonia
419 1755 496 1787 tua.
521 1750 624 1788 Scire
646 1750 783 1787 divina
802 1749 1039 1794 testimonia,
1075 1750 1131 1785 est
1164 1752 1236 1785 tes-

200 1812 375 1850 tificandi
394 1813 458 1851 vel
475 1813 699 1851 aedificandi
716 1813 894 1859 scientia,
917 1812 1160 1850 voluntatem
1174 1811 1235 1848 di-

199 1875 336 1913 vinam
365 1876 590 1922 testificans,
629 1879 666 1913 et
701 1876 924 1912 humanam
958 1874 1171 1911 aedificans
1194 1876 1238 1910 Et

199 1941 307 1984 nota,
331 1939 442 1986 quod
459 1938 653 1985 ejusmodi
673 1938 834 1974 scientia
875 1948 957 1974 esse
991 1937 1238 1983 dignoscitur

198 2000 402 2048 tripartita.
443 2002 547 2038 Sicut
587 2000 692 2037 enim
729 1999 989 2037 aedificatores
1033 1998 1237 2035 sensibiles

197 2063 323 2100 sciunt
341 2063 511 2100 formam
531 2063 752 2110 elegantem
770 2072 1010 2110 proponere,
1030 2060 1236 2097 materiam

198 2125 445 2163 differentem
484 2125 709 2162 differenter
745 2125 978 2172 disponere,
1023 2127 1059 2160 et
1089 2123 1236 2159 infimis

196 2187 424 2225 fulcimenta
443 2198 666 2236 supponere
675 2200 687 2234 ;
724 2187 778 2224 sic
809 2186 1067 2224 aedificatores
1090 2185 1236 2222 intelli·

198 2250 339 2298 gibiles
358 2250 503 2288 debent
539 2250 742 2287 scientiam
778 2249 926 2286 habere
957 2248 1129 2286 formam
1148 2248 1238 2285 ido-

200 2323 317 2350 neam
341 2312 608 2361 proponendi,
635 2311 840 2349 materiam
872 2311 1068 2348 diversam
1108 2311 1236 2347 diver-

200 2375 354 2413 simode
380 2375 634 2422 disponendi,
671 2377 707 2412 et
739 2373 938 2410 debilibus
976 2372 1238 2410 sustentacula

201 2437 454 2484 supponendi
475 2450 485 2472 :
507 2447 676 2484 quarum
705 2437 834 2483 prima
854 2435 997 2472 dicitur
1033 2434 1074 2471 in
1108 2434 1238 2481 Scrip-

203 2500 289 2535 tura
326 2498 487 2535 scientia
536 2498 817 2544 conversandi3
864 2496 1040 2534 secunda
1098 2496 1240 2537 dicitur

203 2560 364 2598 scientia
405 2560 695 2608 respondendi3
748 2560 860 2597 tertia
895 2570 1057 2608 quoque
1097 2559 1240 2596 dicitur

203 2623 366 2660 scientia
401 2623 655 2660 sustentandi.
703 2625 753 2660 De
793 2623 923 2671 prima
965 2622 1147 2659 scribitur
1187 2622 1238 2659 ab

204 2685 390 2734 Apostolo
409 2686 422 2707 ⁵
444 2698 452 2722 :
479 2698 497 2720 α
516 2686 621 2724 Scias
659 2697 740 2733 quo
777 2685 901 2722 modo
939 2687 1118 2733 oporteat
1143 2687 1178 2721 te
1198 2684 1239 2721 in

205 2748 326 2786 domo
371 2748 437 2786 Dei
476 2748 715 2794 conversari,
762 2759 850 2796 quae
890 2749 947 2785 est
984 2747 1155 2785 Ecclesia
1174 2747 1239 2784 Dei

203 2814 283 2851 vivi
309 2826 318 2851 :
340 2827 358 2849 »
383 2824 472 2851 ecce
492 2813 651 2851 scientia
680 2812 955 2850 conversandi.
992 2815 1044 2850 De
1065 2812 1240 2850 secunda

203 2876 368 2913 traditur
409 2876 460 2914 ab
497 2875 611 2924 ipso⁶
634 2889 642 2913 :
669 2877 840 2914 «Sermo
877 2878 1004 2913 vester
1035 2876 1076 2912 in
1114 2875 1239 2923 gratia

204 2949 358 2986 semper
374 2938 422 2976 sit
439 2938 520 2976 sale
540 2938 736 2985 conditus,
772 2941 815 2976 ut
848 2937 992 2984 sciatis,
1013 2948 1094 2985 quo
1114 2937 1238 2975 modo

205 3003 384 3048 oporteat
419 3011 491 3038 vos
529 3001 741 3049 unicuique
778 3000 1019 3048 respondere
1059 3011 1069 3035 ε
1108 3013 1126 3034 »
1149 3010 1238 3036 ecce

204 3062 365 3099 scientia.
382 3063 664 3110 respondendi.
688 3065 738 3100 De
767 3063 878 3100 tertia
902 3062 1043 3100 dicitur
1062 3071 1130 3099 ore
1148 3072 1240 3110 pro-

205 3124 360 3171 phetico
381 3126 394 3147 ἵ
417 3137 425 3162 :
452 3138 470 3159 «
489 3125 677 3163 Dominus
697 3125 807 3162 dedit
825 3125 922 3162 mihi
951 3125 1132 3172 linguam
1149 3135 1238 3162 eru·

206 3186 342 3231 ditam,
363 3189 406 3224 ut
424 3186 545 3225 sciam
564 3190 778 3225 sustentare
801 3198 906 3234 eum,
926 3187 995 3235 qui
1018 3187 1152 3235 lapsus
1184 3190 1240 3224 est

207 3249 329 3287 verbo
347 3261 355 3287 :
373 3263 391 3286 »
416 3260 504 3287 ecce
523 3249 685 3288 scientia
704 3249 960 3287 sustentandi.

249 3353 259 3374 ¹
278 3352 390 3393 Esth.‚
410 3360 482 3394 xiv,
502 3354 595 3385 12—
613 3353 627 3374 2
641 3353 720 3393 Isa„
744 3360 838 3392 xxix,
856 3353 906 3384 24.
927 3368 966 3374 —
987 3351 1001 3374 θ
1018 3351 1139 3392 Εσεῖί.,
1157 3360 1237 3394 xxv,

207 3400 238 3433 7.
255 3416 296 3424 —
311 3401 322 3419 ⁴
340 3400 463 3440 Eccli„
482 3409 513 3442 1,
535 3402 586 3432 26.
610 3418 645 3424 —
667 3401 677 3419 ⁵
699 3401 709 3431 1
736 3400 831 3440 Tim,
853 3407 913 3440 ιιι,
935 3401 986 3432 15.
1009 3417 1045 3422 -
1070 3400 1083 3421 ⁶
1102 3399 1239 3442 coloss„

208 3455 254 3488 iv,
275 3448 305 3479 6.
327 3465 362 3471 —
388 3449 398 3467 ⁷
420 3449 496 3490 1sa.,
517 3456 553 3488 L,
577 3450 607 3481 4.
626 3466 668 3473 —-
689 3449 700 3467 ¹¹
723 3447 924 3488 Eccle.‚1i1‚
945 3448 975 3480 4.
997 3465 1038 3473 -
1055 3448 1068 3467 ⁹
1088 3447 1188 3490 ibid„
1207 3450 1237 3482 6.

252 3507 292 3547 (α)
316 3507 395 3540 Caet.
413 3508 494 3541 edit.
515 3509 662 3551 quando.

2261 237 2338 276 479

1736 362 1907 404 Epilogus.

1352 446 1410 483 Ait
1430 456 1525 493 ergo
1540 446 1884 494 Psalmographus,
1927 449 2116 495 tanquam
2154 448 2338 496 aequitate

1305 508 1477 554 adultus,
1498 507 1703 545 aemulator
1721 508 1916 556 perfectus
1950 522 1960 545 :
1981 509 2109 545 Servus
2148 513 2230 546 tuus
2259 521 2338 547 sum

1305 580 1380 615 eac,
1414 570 1549 617 quoad
1589 572 1720 607 actum
1753 570 1965 616 serviendi,
1996 572 2256 618 pertinentem
2287 572 2339 609 ad

1305 632 1586 669 mandatorum
1625 632 1939 678 observantiam;
1977 635 2031 669 Da
2060 634 2163 678 mihi,
2201 634 2338 681 quoad

1306 696 1436 730 aetum
1461 694 1710 741 proficiendi,
1749 695 1976 732 attinentem
2015 694 2067 731 ad
2105 695 2339 742 praevarica-

1306 754 1437 789 torum
1474 755 1800 801 convertentiam;
1841 756 2075 796 Intellectum,
2113 755 2246 802 quoad
2273 765 2338 792 ac-

1306 816 1389 850 tum
1409 814 1665 862 intelligendi,
1688 819 1926 863 spectantem
1941 816 1993 853 ad
2003 815 2100 863 legis
2117 816 2338 864 intelligen-

1307 875 1420 923 tiam3
1460 878 1502 913 Ut
1530 879 1642 913 sciam
1680 879 1887 913 testimonia
1925 881 2002 923 cua,
2040 878 2176 925 quoad
2209 881 2339 915 actum

1307 938 1575 975 testimonium
1593 938 1842 986 perhibendi,
1867 938 2140 986 respicientem
2164 940 2217 977 ad
2246 951 2340 988 prce-

1307 1000 1513 1038 dicationis
1537 1001 1753 1038 scientiam.

1663 1149 1889 1178 VBRSICULUS
1912 1151 1989 1176 xlv.

1356 1253 1438 1288 126.
1467 1253 1618 1299 Tempus
1636 1253 1810 1300 faciendi,
1831 1257 1903 1290 etc.
1922 1253 2114 1301 Propheta
2138 1254 2342 1301 praecinuit

1306 1313 1600 1351 aemulationem
1620 1314 1817 1362 profectus
1828 1328 1839 1362 3
1869 1315 2071 1352 Psalmista
2091 1315 2254 1353 succinit
2273 1316 2342 1354 de-

1306 1376 1571 1414 hortationem
1588 1377 1776 1424 defectuS,
1814 1377 2069 1414 connotando
2110 1378 2342 1426 quadrupli-

1309 1450 1394 1477 cem
1412 1439 1784 1483 considerationem,
1815 1439 1867 1477 ad
1899 1439 2070 1477 defectus
2090 1440 2252 1477 moralis
2272 1440 2341 1477 de-

1308 1501 1583 1539 hortationem.
1624 1502 1964 1539 Considerandum
1998 1502 2105 1538 enim
2148 1502 2247 1550 quid
2283 1513 2344 1539 ex-

1308 1563 1506 1611 penditur,
1531 1564 1618 1611 quis
1638 1564 1866 1611 offenditur,
1889 1564 1987 1612 quid
2007 1564 2343 1612 magnipenditur,

1309 1627 1356 1665 et,
1381 1626 1479 1673 quid
1515 1626 1844 1674 parvipenditur:
1875 1626 2066 1674 quoniam
2098 1626 2199 1663 illud
2234 1626 2345 1663 inde-

1310 1690 1440 1724 center
1459 1687 1708 1736 expenditur,
1747 1699 1827 1736 quo
1866 1688 1966 1726 nihil
2000 1688 2234 1735 pretiosius3
2278 1687 2343 1725 ille

1309 1750 1567 1787 irreverenter
1599 1750 1825 1796 offenditur,
1859 1762 1939 1799 quo
1977 1751 2077 1787 nihil
2108 1750 2341 1798 gratiosius;

1309 1812 1409 1848 illud
1447 1813 1698 1861 impudenter
1743 1813 2086 1862 magnipenditur‚
2126 1824 2206 1861 quo
2246 1813 2345 1850 nihil

1309 1875 1588 1922 perniciosius3
1607 1876 1708 1912 illud
1727 1876 1998 1924 imprudenter
2027 1875 2342 1924 parvipenditur,

1311 1947 1391 1984 quo
1411 1938 1511 1975 nihil
1527 1938 1776 1975 fructuosius.
1792 1939 1894 1983 Quid
1924 1939 2030 1975 enim
2057 1941 2235 1986 tempore
2254 1948 2343 1986 pre-

1310 1999 1476 2037 tiosius?
1492 2000 1592 2045 Quid
1607 2000 1773 2038 Domino
1794 2000 2031 2048 gratiosius?
2062 2000 2159 2048 quid
2196 2010 2344 2047 praeva-

1311 2062 1513 2109 ricatione,
1536 2074 1606 2100 seu
1633 2063 1729 2110 legis
1767 2063 2021 2111 dissipatione
2058 2061 2343 2110 perniciosius?

1311 2124 1410 2172 quid
1431 2125 1566 2163 divina
1585 2125 1673 2172 lege
1699 2125 1947 2162 fructuosius.

1650 2231 1836 2268 Articulus
1858 2233 2012 2278 primus.

1358 2315 1489 2352 Prima
1509 2314 1770 2352 consideratio
1789 2313 2008 2362 praefertur,
2042 2324 2133 2350 cum
2169 2313 2310 2351 dicitur
2332 2326 2340 2350 :

1314 2379 1465 2425 Tempus
1477 2378 1653 2422 faciendi.
1673 2378 1768 2413 Ecce
1788 2379 1957 2424 tempus,
1980 2387 2060 2423 quo
2085 2375 2184 2412 nihil
2200 2376 2342 2424 pretio·
2375 2390 2504 2424 Tempus

1311 2439 1391 2475 sius
1412 2450 1422 2475 :
1444 2440 1685 2486 quapropter
1704 2448 1949 2485 magnopere
1975 2437 2226 2485 pensandum
2245 2448 2342 2485 qua·
2363 2438 2421 2497 (ἷζε
2440 2438 2504 2498 ff*

1311 2500 1398 2538 liter
1417 2500 1744 2549 dispensandum,
1772 2510 1821 2536 ne
1841 2499 2015 2537 fortassis
2055 2499 2284 2537 indecenter
2303 2499 2343 2536 in
2373 2512 2503 2547 pendeu-

2364 2553 2444 2579 dum.

1312 2563 1528 2601 defectibus
1548 2562 1806 2610 expendatur.
1835 2564 1877 2598 Et
1898 2564 2006 2608 nota,
2043 2561 2154 2610 quod
2190 2564 2345 2609 tempus

1311 2628 1514 2674 reputatur
1532 2625 1749 2673 pretiosum
1767 2624 1969 2672 potissime
1998 2624 2140 2672 triplici
2159 2623 2310 2661 ratione
2333 2636 2342 2660 z

1312 2699 1360 2725 eo
1374 2688 1487 2736 quod
1506 2688 1554 2724 sit
1574 2691 1728 2735 tempus
1747 2686 1981 2735 plangendi,
2020 2688 2176 2734 tempus
2211 2685 2344 2734 acqui-

1311 2750 1439 2796 rendi,
1462 2753 1499 2788 et
1514 2753 1670 2798 tempus
1691 2749 1939 2786 custodiendi
1967 2761 1976 2785 :
2010 2759 2183 2796 quorum
2214 2748 2344 2796 primo

1311 2812 1411 2850 nihil
1433 2813 1642 2860 pretiosius
1679 2811 1897 2860 poenitenti,
1921 2811 2095 2858 secundo
2125 2810 2223 2848 nihil
2259 2821 2345 2858 pre-

1311 2875 1448 2912 tiosius
1465 2874 1706 2923 proficienti;
1730 2874 1842 2911 tertio
1863 2872 1961 2910 nihil
1979 2873 2186 2921 pretiosius
2208 2883 2345 2920 perve-

1311 2937 1445 2975 nienti.
1479 2940 1530 2974 De
1561 2937 1690 2984 primo
1719 2935 1959 2973 scribitur⁸:
1991 2948 2010 2970 «
2034 2937 2203 2982 Tempus
2233 2935 2346 2982 plan-

1313 2999 1446 3047 gendi,
1465 3002 1502 3036 et
1521 3002 1674 3047 tempus
1693 2998 1876 3036 saltandi.
1891 2997 2024 3035 »Nulli
2045 2997 2228 3042 dubium,
2249 2996 2345 3044 quin

1312 3064 1467 3110 tempus
1486 3061 1704 3110 plangendi
1723 3061 1772 3098 sit
1790 3064 1942 3108 tempus
1959 3059 2245 3108 poenitentium,
2258 3069 2346 3106 pec-

1312 3129 1397 3163 cata
1417 3127 1639 3173 perpetrata
1669 3123 1965 3172 plangentium;
1994 3125 2148 3169 tempus
2176 3120 2344 3158 saltandi

1311 3188 1360 3225 sit
1386 3190 1541 3235 tempus
1563 3186 1851 3231 innocentium,
1881 3185 1921 3222 in
1938 3184 2058 3221 vitam
2076 3185 2260 3220 aeternam
2280 3192 2343 3220 sa-

1311 3250 1503 3287 lientium.
1532 3250 1583 3286 De
1614 3247 1788 3285 secundo
1822 3246 2105 3294 subsequenter
2135 3244 2344 3282 subscribi-

1311 3315 1373 3350 tur
1392 3313 1406 3336 ⁹
1421 3324 1429 3349 ε
1447 3326 1464 3346 «
1485 3313 1653 3359 Tempus
1674 3308 1919 3358 acquirendi,
1942 3310 1978 3345 et
1996 3310 2151 3355 tempus
2169 3306 2343 3355 perden-

1313 3375 1375 3412 di:
1392 3389 1409 3410 n
1423 3385 1495 3412 nec
1511 3373 1745 3420 ambiguum
1760 3371 1856 3420 quin
1871 3370 1918 3419 (a)
1939 3372 2094 3418 tempus
2113 3369 2344 3418 acquirendi

1311 3438 1360 3475 sit
1384 3440 1540 3485 tempus
1564 3434 1877 3484 proficientium,
1907 3432 2057 3470 alienas
2087 3431 2240 3471 animas
2265 3435 2342 3472 Do-

1312 3500 1421 3537 mino
1454 3497 1764 3547 acqua-entium
1798 3497 1952 3543 tempus
1982 3496 2114 3533 autem
2149 3495 2343 3545 perdendi
