2633 3878
93 2859 163 2886 Tria
169 2866 219 2885 nr>-

78 2901 124 2927 bis
149 2908 219 2927 oon-

78 2952 86 2968 2
94 2942 215 2969 ideran-

80 2983 94 3009 d
101 2990 130 3010 a.

232 266 307 304 33¹3

231 349 483 398 operativam.
516 347 565 380 De
585 343 713 391 primo
734 341 744 361 ¹
773 352 780 376 :
806 352 824 373 «
848 338 968 383 Audi,
998 334 1128 379 lsrael,
1144 341 1255 368 man-

231 412 321 448 data
347 410 434 445 vitae
471 406 630 443 auribus
661 402 844 451 percipe,
877 403 919 436 ut
950 399 1046 435 scias
1083 394 1255 443 pruden-

230 474 335 508 tiam.
373 485 391 504 ³>
432 469 502 505 Ubi
543 467 740 514 duplicem
777 462 938 511 requirit
974 459 1212 497 audientiam
1245 467 1253 491 :

229 534 372 569 scilieet
393 531 654 574 intrinsecam,
678 531 713 564 et
732 526 988 563 extrinsecam
1008 535 1015 558 :
1038 519 1147 567 quod
1167 528 1255 565 per-

231 597 321 632 tinet
354 594 406 631 ad
437 592 706 630 reverentiam.
745 591 939 633 Quantum
977 583 1029 620 ad
1063 581 1254 629 primam,

228 658 386 706 ponitur
425 659 531 692 actus
568 651 778 696 audiemti3
812 650 1004 696 quantum
1036 644 1088 681 ad
1117 651 1255 679 secun-

231 721 345 766 dam,
373 722 479 755 actus
498 714 753 765 percipiendi.
783 714 832 747 De
864 709 1037 746 seeundo
1065 708 1079 729 2
1113 718 1121 742 :
1148 703 1256 748 «Qui

231 781 396 818 custodit
417 779 669 821 mandatum,
690 773 860 811 custodit
887 771 1061 808 animam
1082 778 1212 809 suam:
1236 779 1253 799 »

231 845 341 892 quasi
363 843 465 879 dicat
488 854 495 877 :
519 842 590 884 Qut
611 838 766 875 custodit
788 834 1010 876 mandatum,
1031 829 1257 866 memoriter

227 905 447 948 retinendO,
465 903 622 940 custodit
642 903 798 937 animam
815 908 930 940 suam,
944 894 1066 942 ipsius
1081 889 1257 939 pericula

228 966 502 1016 praecavendo.
527 967 575 1000 De
595 963 706 999 tertio
731 962 743 983 ³
765 972 773 996 ε
805 973 822 993 «
853 959 1034 995 Peccator
1062 958 1255 998 transgre-

230 1031 341 1066 diens
363 1028 596 1066 mandatum
615 1023 784 1068 Domini,
805 1020 952 1058 incidet
970 1019 1009 1054 in
1029 1013 1258 1064 promissio-

229 1104 322 1129 nem
350 1101 536 1138 nequam.
559 1102 576 1122 η
609 1087 714 1123 L'nde
736 1086 862 1132 patet,
887 1080 997 1129 quod
1026 1076 1257 1114 mandatum

230 1155 471 1192 dominicum
500 1163 581 1189 non
607 1154 662 1187 est
689 1144 1080 1194 transgrediendum,
1107 1140 1174 1176 sed
1202 1139 1259 1174 in-

230 1217 467 1254 violabiliter
487 1211 801 1261 adimplendum.

547 1318 734 1354 Articulus
753 1313 938 1351 secundus.

277 1404 499 1442 Secundum
525 1402 762 1444 insinuatur,
789 1408 878 1433 cum
905 1393 1085 1430 subditur
1109 1403 1117 1427 :
1146 1393 1258 1427 Emer-

229 1470 340 1505 ccbor.
359 1470 443 1503 Non
462 1465 577 1502 dicit:
597 1462 789 1510 operabor,
812 1458 880 1495 sed
897 1469 903 1493 :
922 1455 1128 1499 Eoeerceoor,
1148 1451 1259 1500 quod

230 1533 286 1567 est
305 1528 493 1576 amplius,
517 1526 610 1574 quia
628 1522 856 1561 exercitium
877 1517 1049 1556 consistit
1068 1516 1108 1552 in
1128 1513 1259 1551 multis

230 1592 429 1640 operibus.
452 1589 559 1626 Unde
590 1588 734 1634 liquet,
756 1583 866 1632 quod
890 1591 972 1618 non
992 1579 1039 1615 sit
1058 1576 1235 1624 torpidus
1250 1602 1261 1620 ,

229 1655 299 1692 sed
326 1653 504 1696 validuS,
531 1654 567 1687 et
594 1649 800 1697 promptus
829 1643 1044 1692 operarius.
1079 1642 1121 1676 Et
1150 1640 1260 1682 nota,

232 1717 341 1766 quod
383 1712 555 1751 exerceri
591 1711 781 1747 debemus
814 1704 1031 1754 specialiter
1069 1702 1120 1738 ad
1160 1701 1259 1744 tria,

230 1779 375 1816 scilieet
407 1776 459 1812 ad
482 1773 712 1822 puritatem,
733 1768 979 1816 aequitatem,
1006 1767 1042 1801 et
1060 1763 1256 1811 pietatem.

231 1842 377 1880 Puritas
416 1838 581 1887 pertinet
625 1835 677 1872 ad
723 1833 849 1870 carnis
887 1827 1257 1866 mortificationem;

230 1906 406 1953 aequitas,
427 1903 478 1939 ad
506 1899 626 1937 nostri
656 1894 1004 1944 dijudicationem3
1034 1890 1176 1938 pietas,
1208 1888 1259 1923 ad

229 1967 399 2016 proximi
435 1962 746 2000 aedificationen1.
787 1959 838 1993 De
869 1954 998 2002 primo
1025 1953 1038 1974 '⁴
1072 1964 1079 1988 ε
1114 1964 1132 1985 «
1171 1949 1260 1985 Dili-

232 2033 366 2076 genter
386 2036 521 2064 exerce
555 2033 696 2070 agrum
725 2024 847 2057 tuum.
873 2031 890 2050 »
923 2015 1014 2062 Agri
1035 2011 1259 2050 exercitatio

232 2095 289 2129 est
319 2090 446 2127 earnis
470 2084 733 2124 mortificatio.
762 2084 812 2117 De
836 2078 1009 2115 seeundo
1040 2075 1191 2112 canitur
1220 2073 1261 2108 in

231 2155 308 2191 hoc
339 2153 489 2189 Psalmo
516 2151 528 2171 5
560 2161 568 2185 z
604 2162 620 2180 ι(
646 2148 787 2183 Servus
816 2146 906 2179 tuus
936 2139 1191 2176 exercebatur
1222 2134 1262 2170 in

229 2213 572 2264 justificationibus
599 2210 688 2245 tuis.
715 2220 734 2242 ι)
767 2207 808 2242 ln
843 2199 1188 2250 justificationibus
1223 2208 1263 2233 se

233 2279 437 2322 exercitat,
459 2276 526 2324 qui
546 2272 798 2318 semetipsum
818 2277 918 2313 saepe
939 2264 1147 2311 dijudicat,
1170 2260 1264 2308 quia

232 2342 420 2378 nimirum
439 2337 551 2374 illum
566 2364 574 2379 ‚
597 2334 664 2382 qui
689 2331 736 2379 (u)
759 2330 929 2377 J'udieat,
951 2329 1049 2362 Deus
1065 2323 1261 2370 Justificat.

233 2406 284 2441 De
304 2402 414 2439 tertio
429 2402 441 2423 ⁶
459 2413 466 2436 :
494 2414 511 2431 «
533 2401 673 2434 Exerce
688 2399 723 2431 te
740 2393 791 2429 ad
810 2392 1008 2439 pietatem,
1029 2402 1047 2421 i>
1072 2387 1113 2423 id
1128 2389 1197 2431 est,
1214 2385 1265 2420 da

233 2465 415 2514 proximo
436 2463 480 2510 (b)
503 2461 611 2508 piam
629 2454 942 2493 aedificationem.

577 2564 758 2600 Arlz‘culus
780 2561 918 2596 tertius.

283 2654 451 2692 Tertium
471 2650 698 2691 annotatur,
720 2655 810 2681 eum
829 2641 986 2679 additur
1008 2651 1016 2675 :
1039 2640 1086 2674 Et
1105 2636 1266 2673 conside-

236 2721 333 2755 rato.
371 2719 454 2752 Non
483 2712 612 2749 solum
644 2707 832 2757 promittit
863 2702 1132 2751 operationem
1149 2727 1159 2744 ,
1197 2698 1265 2733 sed

238 2782 511 2830 operationum
537 2771 905 2812 considerationem.
937 2770 978 2803 111
1005 2775 1085 2812 quo
1111 2763 1268 2798 notatur

238 2855 319 2881 non
338 2853 419 2879 esse
440 2838 618 2881 stoliduS,
641 2834 711 2871 sed
731 2830 934 2880 providus.
958 2830 1000 2864 Et
1025 2828 1132 2870 nota,
1154 2822 1267 2871 quod

240 2908 312 2944 tria
336 2903 530 2953 praecipue
560 2898 751 2935 debemus
779 2891 1026 2929 considerare
1051 2899 1058 2923 :
1087 2885 1269 2922 videlicet

239 2971 417 3007 nostrum
445 2963 662 3003 defectum,
684 2957 856 2993 alienum
886 2951 1127 3000 profectum,
1148 2947 1269 2983 finem

240 3031 476 3079 suspectum.
502 3023 630 3060 Prima
649 3015 908 3056 consideratio
938 3012 1054 3049 nobis
1074 3012 1131 3047 est
1149 3008 1268 3054 utilis,

241 3105 290 3131 ne
310 3091 511 3133 inssemur3
528 3082 715 3121 secunda.
735 3090 782 3115 ne
798 3078 970 3123 aliquem
991 3081 1266 3120 aspernemur3

242 3155 365 3196 tertia,
382 3156 424 3188 ut
438 3145 695 3195 adjudicium
712 3147 992 3189 praeparemur.
1010 3138 1059 3172 De
1078 3134 1205 3182 primo
1225 3133 1238 3154 ⁷
1258 3144 1266 3167 :

246 3232 264 3251 «
288 3215 494 3261 Diligenter
520 3215 689 3255 agnosce
709 3202 861 3239 vultum
887 3197 1041 3246 pecoris
1061 3196 1142 3240 tui,
1163 3197 1269 3230 tuos-

245 3290 320 3326 que
341 3285 475 3323 greges
495 3269 712 3308 eonsidera.
732 3279 749 3299 »
769 3261 873 3301 lstud
893 3270 1013 3307 pecus
1033 3260 1088 3294 est
1108 3255 1271 3292 brutalis

246 3338 450 3386 appetitus.
469 3333 530 3372 Isti
550 3340 687 3379 greges
707 3329 796 3364 sunt
810 3322 928 3372 primi
947 3322 1090 3365 motus,
1112 3328 1212 3366 quos
1231 3317 1271 3352 in

291 3439 299 3459 ¹
323 3436 466 3475 Boruch,
497 3442 563 3474 ιιι,
589 3434 618 3464 9.
640 3447 679 3454 —-
701 3430 714 3451 ²
738 3430 847 3463 Prov„
875 3430 955 3463 nx,
983 3422 1031 3453 16.
1051 3437 1092 3444 —
1118 3417 1132 3439 ³
1151 3415 1269 3453 Eccli„

247 3493 348 3524 xxix,
371 3486 422 3515 26.
441 3500 481 3506 -
501 3483 514 3503 ⁸
529 3483 640 3517 Prota,
659 3482 756 3515 xxw,
777 3475 827 3505 27.
851 3488 887 3494 —
909 3470 922 3492 ⁵
941 3467 1031 3501 Psal.
1050 3466 1135 3502 hoe.
1158 3465 1210 3496 23.
1231 3479 1271 3485 -

248 3536 261 3557 ⁶
282 3534 291 3564 t
314 3533 410 3570 Tim,
439 3538 484 3568 iv,
503 3530 535 3559 7.
557 3544 592 3550 -
613 3527 626 3548 '¹
646 3525 753 3559 Prov.‚
776 3526 884 3558 xxvtl,
901 3518 953 3549 23.
974 3532 1015 3539 -
1035 3516 1046 3533 ⁸
1065 3511 1200 3551 Mami„
1223 3518 1269 3551 vi,

927 242 1196 289 EXPOSITIO
1228 240 1279 282 IN
1309 234 1660 281 PSALTERIUM.

1326 327 1443 365 nobis
1463 325 1710 363 considerare
1735 321 1946 365 debemus,
1967 323 2009 356 ut
2028 318 2077 356 de
2096 319 2212 357 nobis
2226 319 2356 356 humi-

1327 390 1414 426 liter
1438 388 1663 425 sentiamus,
1691 388 1743 422 De
1768 382 1942 420 seeundo
1963 382 1976 404 ⁸
2009 393 2017 418 :
2056 394 2075 416 «
2106 381 2354 418 Considerate

1327 451 1410 488 lilia
1425 479 1436 495 ,
1464 460 1544 498 quo
1568 448 1689 485 modo
1710 448 1898 482 crescunt.
1919 457 1938 479 »
1961 442 2216 480 Considerare
2236 442 2354 478 debe-

1327 525 1415 550 mus
1435 513 1537 557 lilia,
1556 521 1638 547 non
1667 509 1762 545 lolia
1781 507 1865 554 agri
1886 519 1895 543 :
1916 507 1992 542 hoc
2012 507 2068 541 est
2078 532 2090 550 ‚
2110 503 2329 540 laudabilia
2343 532 2354 549 ,

1327 585 1408 612 non
1440 571 1717 620 vituperabilia
1748 580 1868 618 opera
1897 566 2081 615 proximi.
2122 568 2164 602 Et
2193 575 2354 610 rursus,

1329 636 1500 683 quomodo
1526 635 1707 678 crescunt,
1734 642 1816 668 non
1842 642 1922 678 quo
1953 629 2076 667 modo
2106 629 2358 672 decrescunt,

1329 699 1410 734 sive
1441 697 1683 733 marcescunt
1712 692 1948 729 deficiendo.
1985 692 2021 728 Si
2052 691 2106 727 sic
2138 689 2359 727 considere-

1330 771 1440 805 mus,
1475 757 1673 794 neminem
1705 757 2014 793 contemnemus
2059 755 2109 789 De
2147 751 2259 788 tertio
2298 751 2312 773 ⁹
2348 761 2357 786 ε

1334 835 1352 856 «
1381 820 1616 865 Considera,
1646 818 1756 866 quod
1786 817 1870 853 dies
1889 816 1941 853 ad
1961 825 2145 853 occasum
2172 813 2361 850 declivior

1330 883 1390 928 sit,
1412 885 1449 919 et
1466 881 1706 929 propinquet
1726 880 1778 917 ad
1803 889 2020 926 vesperam:
2042 891 2059 910 »
2085 876 2168 913 dies
2188 878 2244 912 est
2257 874 2354 920 vita;

1330 955 1490 982 occasus
1512 945 1568 981 est
1590 942 1744 988 obitus3
1766 951 1930 989 vespera
1949 942 2006 983 est
2020 941 2186 976 senecta.

1656 1050 1740 1085 Arci
1743 1049 1841 1083 culus
1864 1049 2026 1093 quartus.

1378 1133 1565 1176 Quartum
1593 1131 1792 1177 innuitur,
1815 1141 1905 1167 eum
1930 1128 2208 1176 superadditur
2229 1139 2238 1163 ε
2275 1129 2362 1164 Vias

1332 1198 1426 1230 tuas.
1454 1196 1548 1230 Ecce
1582 1193 1666 1230 vias
1701 1192 1919 1229 dominicas
1950 1190 2193 1236 considerat,
2213 1192 2256 1226 ut
2284 1199 2362 1226 sec-

1330 1259 1460 1293 tetur:
1488 1256 1595 1292 unde
1620 1266 1700 1292 non
1729 1255 1952 1302 stupidum,
1979 1254 2056 1290 sed>
2081 1253 2277 1290 fervidum
2309 1251 2361 1288 ad

1331 1319 1561 1355 sectandum
1596 1317 1804 1355 ostendere
1849 1328 1889 1353 se
1921 1316 2088 1353 videtur.
2125 1315 2202 1352 Sed
2235 1317 2329 1351 nota
2349 1343 2361 1360 ,

1332 1381 1443 1428 quod
1470 1381 1543 1418 viae
1581 1380 1789 1417 dominicae
1824 1379 2007 1426 quaedam
2034 1379 2124 1414 sunt
2148 1377 2361 1425 pavendae,

1332 1444 1515 1491 quaedam
1547 1443 1753 1489 cavendae,
1787 1442 1974 1489 quaedam
2002 1440 2241 1488 appetendae.
2286 1438 2363 1475 Pri·

1331 1517 1405 1542 mae
1455 1508 1544 1542 sunt
1589 1505 1662 1542 viae
1703 1505 1974 1551 judiciorum;
2021 1503 2228 1550 secundae,
2273 1512 2364 1550 sup-

1331 1568 1541 1615 pliciorum
1571 1581 1582 1615 3
1610 1567 1742 1613 tertiae,
1762 1567 2030 1615 praemiorum.
2059 1568 2110 1602 De
2131 1564 2268 1613 primis
2296 1564 2324 1586 ¹⁰
2354 1576 2362 1600 :

1337 1630 1560 1666 «Dominus
1592 1630 1632 1666 in
1678 1632 1926 1677 tempestate,
1962 1631 1998 1665 et
2028 1628 2070 1664 in
2099 1627 2255 1664 turbine
2293 1626 2366 1663 viae

1333 1693 1428 1738 ejus.
1465 1705 1482 1725 »
1513 1693 1575 1729 Hae
1603 1694 1691 1728 sunt
1718 1689 2065 1737 viae'judiciariae,
2093 1700 2180 1737 quae
2217 1688 2366 1725 suntin

1332 1756 1559 1801 tempestate
1600 1755 1791 1801 quantum
1830 1753 1882 1789 ad
1912 1752 2242 1789 examinationem
2274 1762 2367 1788 con—

1334 1816 1521 1858 scientiae,
1554 1819 1591 1853 et
1622 1817 1663 1852 in
1699 1816 1854 1852 turbine
1887 1817 2079 1863 quantum
2105 1815 2156 1851 ad
2185 1814 2366 1850 fulmina-

1333 1878 1482 1914 tionem
1502 1878 1711 1914 sententiae.
1732 1880 1782 1914 De
1804 1877 1988 1914 secundis
2007 1878 2057 1913 ¹¹:
2084 1889 2102 1911 «
2122 1878 2203 1923 Ego
2225 1890 2291 1913 ero
2314 1877 2368 1913 eis

1335 1941 1449 1987 quasi
1468 1940 1610 1986 leaena,
1635 1940 1733 1976 sicut
1751 1939 1899 1986 pardus
1918 1939 1959 1975 in
1978 1939 2043 1976 via
2062 1938 2324 1986 Assyriorum.
2346 1951 2364 1972 »

1335 2004 1470 2038 Leaena
1491 2005 1546 2039 est
1565 2001 1767 2046 unicolor3
1787 2001 1936 2048 pardus
1956 2000 2152 2038 discolor:
2168 2000 2237 2038 illa
2258 2003 2369 2038 notat
2424 2009 2529 2034 Leaena

1934 2126 1939 2132 ,
2387 2050 2530 2126 {2233}

1828 2137 1837 2162 z
1865 2128 2046 2173 «Dignos
2076 2127 2205 2174 seipsa
2232 2126 2368 2165 circuit
2387 2133 2528 2160 denotent

1335 2063 1606 2111 poenitentiam
1624 2064 1841 2111 patentium
1857 2066 2109 2111 peccatorum
2131 2076 2140 2100 :
2162 2064 2232 2100 iste
2251 2064 2367 2100 simu-

1337 2126 1520 2162 latorum.
1552 2127 1603 2162 De
1631 2125 1750 2162 tertiis
1773 2125 1801 2147 ¹2

1337 2199 1516 2234 quaerens
1524 2215 1536 2233 ,
1557 2190 1594 2224 et
1615 2188 1656 2224 in
1680 2188 1754 2224 viis
1775 2187 1854 2224 suis
1884 2188 2050 2225 ostendit
2073 2200 2114 2225 se
2135 2188 2322 2227 hilariter.
2345 2203 2362 2223 n

1338 2251 1465 2286 Verba
1497 2253 1585 2287 sunt
1617 2251 1756 2288 tradita
1776 2250 1824 2286 de
1845 2250 2038 2298 Sapientia
2068 2251 2258 2296 increata,
2281 2262 2367 2299 quae

1339 2312 1465 2358 cli'qnos
1483 2323 1518 2348 se
1538 2316 1668 2359 quoerz't
1686 2313 1975 2350 considerando
1995 2313 2147 2359 merita,
2179 2315 2215 2350 et
2237 2315 2278 2348 in
2297 2315 2367 2350 viis

1339 2376 1415 2411 suis
1444 2375 1610 2411 hilariter
1632 2386 1668 2411 se
1693 2376 1868 2420 ostendit,
1894 2374 1970 2411 illis
1994 2375 2249 2412 retribuendo
2271 2386 2369 2423 prae-

1339 2437 1431 2472 mia.
1464 2437 1558 2473 Dicit
1587 2437 1719 2484 itaque
1748 2438 1942 2485 Propheta
1974 2437 2015 2473 in
2043 2448 2212 2484 persona
2245 2437 2368 2485 poeni-

1340 2500 1473 2545 tentis,
1506 2499 1676 2535 verbum
1704 2499 1770 2535 Dei
1801 2498 2008 2536 efficaciter
2036 2499 2301 2546 observantis,
2333 2502 2371 2537 et

1341 2562 1589 2599 observando
1610 2562 1836 2609 respirantis
1860 2574 1868 2598 :
1899 2563 1942 2598 In
1962 2562 2142 2598 mandatis
2167 2565 2260 2609 tuis,
2284 2565 2370 2599 tan-

1342 2636 1462 2672 quam
1483 2625 1636 2671 avidus,
1652 2635 1733 2661 non
1753 2624 1908 2671 tepidus
1924 2624 1965 2660 in
1978 2624 2118 2661 affectu
2129 2637 2140 2671 3
2161 2626 2370 2672 Eoeercebor,

1341 2691 1532 2735 tanquam
1551 2698 1632 2724 non
1654 2686 1857 2734 torpidus,
1877 2686 1948 2723 sed
1966 2686 2121 2723 validus
2140 2686 2181 2723 in
2209 2686 2348 2724 effectu
2356 2701 2368 2734 3

1343 2752 1387 2785 Ec
1407 2751 1646 2795 considerabo,
1673 2752 1864 2797 tanquam
1884 2761 1966 2786 non
1984 2749 2169 2795 stolidus,
2192 2749 2262 2786 sed
2280 2760 2372 2797 pro-

1342 2812 1458 2848 vidus
1483 2812 1523 2848 in
1553 2815 1787 2859 prospectu3
1824 2814 1912 2849 Vias
1944 2815 2041 2853 tuas,
2075 2813 2264 2859 tanquam
2290 2821 2372 2848 non

1344 2875 1536 2922 stupidUS,
1559 2874 1627 2911 sed
1645 2874 1820 2910 fervidus
1840 2874 1880 2910 in
1896 2873 2087 2921 profectu.

1686 3022 1908 3051 VERSICULUS
1934 3024 2012 3050 XVI.

1393 3134 1435 3167 In
1456 3131 1777 3177 justificationibus
1807 3132 1893 3165 tuis.
1925 3129 2270 3173 Quemadmodum
2294 3140 2374 3166 res-

1346 3193 1447 3240 pirat
1482 3193 1673 3240 poenitens
1710 3192 1906 3228 mediante
1950 3191 2015 3228 Dei
2053 3192 2202 3238 verbo,
2242 3192 2372 3239 ipsum

1347 3255 1532 3301 sagaciter
1561 3253 1782 3298 audiendo,
1807 3254 1904 3289 sicut
1925 3253 2050 3301 patuit
2067 3252 2108 3289 in
2127 3253 2255 3300 primo
2275 3262 2372 3299 qua-

1346 3317 1502 3353 ternarii
1521 3315 1773 3363 praecedentis
1794 3314 1987 3352 versiculo
1999 3327 2010 3361 3
2033 3315 2100 3351 aut
2117 3313 2248 3361 ipsum
2268 3316 2372 3351 tena-

1347 3408 1398 3438 28.
1419 3423 1460 3429 -·
1478 3407 1491 3428 ⁹
1510 3406 1635 3445 Judz'c.,
1659 3413 1737 3446 xix,
1756 3407 1785 3437 9.
1807 3421 1845 3428 -
1871 3405 1895 3427 ¹0
1913 3403 2059 3442 Nahum,
2080 3411 2113 3445 1,
2133 3405 2166 3436 3.
2182 3420 2216 3427 —
2247 3405 2267 3423 ¹¹
2286 3405 2370 3446 ose„

1346 3459 1423 3493 xiii,
1443 3454 1475 3485 7.
1496 3470 1536 3476 -—
1560 3454 1583 3472 ¹²
1602 3454 1692 3494 Sap„
1714 3458 1761 3492 VI,
1784 3452 1835 3484 17.

1390 3510 1432 3550 (α)
1455 3509 1567 3551 Suppl.
1590 3509 1749 3550 seipsum.
1772 3507 1813 3549 (b)
1837 3508 1918 3539 caet.
1937 3507 2021 3539 edit.
2039 3507 2288 3549 proximorum.
