2633 3878
80 1465 217 1493 anxietas

76 2088 135 2116 Viae
146 2091 215 2118 tres.

1094 174 1337 217 PSALMUS
1368 177 1461 220 CXV
1471 178 1539 219 ΙΙΙ.

680 309 850 351 Epilogus.

297 394 401 430 Patet
430 392 561 440 itaque
593 392 756 429 intentio
782 390 984 439 Prophetae
1018 391 1217 439 loquentis
1241 391 1282 428 in

246 453 376 501 figura
394 464 572 501 personae
592 452 643 489 ad
664 451 933 489 confitendum
949 451 1183 489 humiliatae:
1206 453 1281 489 Ad-

246 516 350 552 hoesit
366 517 573 562 pavimento
593 516 786 561 quantum
807 514 858 551 ad
878 514 1193 551 humiliationem
1214 525 1282 551 ex-

245 578 464 623 trinsecam,
487 587 566 624 qua
590 578 855 624 prostramur3
877 577 1013 612 Anima
1032 587 1130 622 mea,
1153 586 1282 624 quan-

245 642 326 676 tum
348 640 399 676 ad
412 638 727 676 humiliationem
740 638 1006 683 intrinsecam,
1024 649 1105 686 qua
1123 638 1282 686 culpam

243 703 526 748 protestamur3
556 703 711 747 Vivifica
727 712 793 745 me,
814 703 1007 749 quantum
1027 701 1079 738 ad
1098 700 1284 738 humilia-

243 763 393 800 tionem
425 763 654 809 discretam,
687 773 767 811 qua
804 763 962 800 veniam
996 763 1280 810 deprecamur3

241 825 442 862 Secundum
457 826 600 862 verbum
617 829 738 871 tuum,
762 827 955 872 quantum
974 825 1026 862 ad
1045 825 1283 862 humiliatio-

242 897 334 923 nem
355 887 561 933 devotam,
584 897 664 935 qua
682 887 920 934 promissam
941 886 1106 933 gratiam
1125 890 1284 935 praesto-

242 947 386 986 lamur.

623 1044 845 1081 vnnstcurus
870 1046 908 1070 x,

287 1140 347 1175 26.
368 1139 456 1175 Vz‘as
475 1149 570 1175 meas
581 1141 788 1185 enuntiavi,
808 1141 880 1175 etc.
906 1138 1139 1176 Audivimus
1152 1139 1279 1187 poeni-

241 1203 386 1238 tentem
404 1200 657 1238 humiliatum
685 1200 737 1239 ad
757 1201 1027 1238 confitendum
1038 1214 1049 1247 ;
1071 1201 1282 1238 audiamus

241 1264 428 1300 eumdem
448 1263 652 1300 anxiatum
682 1263 734 1300 ad
762 1263 1096 1300 satisfaciendum.
1118 1266 1180 1301 Est
1209 1274 1280 1301 au-

241 1328 321 1362 tem
333 1325 416 1362 haec
431 1326 606 1363 anxietas
623 1325 920 1373 quadriformis,
936 1329 972 1363 et
986 1326 1077 1363 ideo
1095 1326 1281 1364 versiculi

241 1387 360 1434 hujus
385 1388 624 1425 continentia
654 1387 988 1436 quadrimembris
1009 1400 1018 1423 z
1047 1389 1281 1426 describitur

242 1450 349 1486 enim
368 1451 542 1488 anxietas
562 1451 634 1487 ista
666 1453 856 1499 tanquam
887 1451 1059 1498 pavida,
1081 1452 1252 1499 provida
1270 1479 1279 1495 ,

240 1512 412 1558 fervida,
432 1514 563 1550 avida.
587 1514 678 1550 Dico
698 1517 830 1551 autem
849 1513 1038 1561 pavidam
1053 1542 1063 1559 ,
1086 1516 1280 1561 quantum

240 1575 293 1612 ad
326 1576 451 1623 culpae
483 1576 763 1613 reserationem
779 1589 789 1622 ;
825 1575 1052 1623 providam,
1087 1579 1279 1623 quantum

239 1638 291 1676 ad
315 1649 443 1686 poenae
467 1636 784 1676 moderationem
798 1651 808 1684 3
840 1638 1061 1684 fervidam,
1083 1640 1278 1686 quantum

238 1701 290 1738 ad
311 1701 558 1738 conscientiae
577 1700 924 1747 exonerationem;
948 1700 1123 1746 avidam,
1148 1710 1276 1748 quan-

238 1765 321 1800 tum
342 1763 393 1801 ad
410 1763 564 1810 J‘ustitiae
579 1762 932 1811 recuperationem.

579 1870 764 1906 Articulus
782 1870 937 1916 primus.

288 1954 376 1990 vias
405 1963 500 1990 meas
520 1955 721 1989 enuntiavi.
742 1954 823 1989 Vox
854 1955 910 1989 est
934 1952 1075 1990 animae
1095 1953 1274 2001 pavidae,

237 2025 325 2063 quas
352 2015 437 2052 vias
457 2015 801 2052 abominationum
822 2025 982 2051 suarum
1005 2014 1277 2053 enuntiaverat

236 2089 326 2115 cum
359 2088 522 2125 pavore.
554 2080 598 2114 Et
625 2080 719 2114 nota
749 2080 826 2114 tres
852 2077 1008 2114 viarum
1036 2078 1275 2115 differentias

235 2140 455 2178 secundum
480 2143 556 2176 tres
585 2139 921 2187 concupiscentias
947 2152 954 2176 :
989 2140 1172 2178 videlicet
1189 2141 1274 2178 vias

234 2203 487 2247 tenebrosas,
506 2204 793 2248 menstruosas,
816 2204 853 2238 et
878 2201 1121 2248 laboriosaS,
1142 2213 1270 2251 quan-

234 2268 319 2303 tum
346 2265 398 2303 ad
427 2264 764 2312 concupiscentias
797 2264 1144 2312 excellentiarum,
1174 2265 1272 2303 deli-

234 2328 408 2373 ciarum,
435 2331 471 2364 et
500 2327 741 2364 divitiarum.
779 2329 830 2364 De
858 2327 997 2375 primis
1026 2328 1208 2366 scribitur
1228 2334 1269 2366 ¹:

237 2403 255 2423 (ι
274 2390 351 2425 Viae
377 2389 593 2436 impiorum
618 2389 861 2434 tenebrosae,
881 2389 1061 2426 nesciunt
1089 2390 1161 2427 ubi
1184 2401 1270 2428 cor-

233 2454 360 2488 ruant.
400 2464 419 2485 »
459 2451 568 2487 Tales
605 2454 695 2487 sunt
725 2452 797 2487 vice
835 2451 1162 2498 ambitiosorum,
1201 2454 1270 2500 qui

233 2512 454 2550 secundum
474 2515 632 2549 poetam
650 2524 658 2548 :
1137 2527 1140 2531 ⁴

841 2616 1004 2649 tolluntur
1023 2616 1056 2648 in
1078 2617 1200 2658 altum,

481 2665 523 2697 Ut
541 2664 639 2706 lapsu
659 2664 815 2706 graviore
834 2667 947 2696 ruant.

279 2768 328 2804 De
355 2766 600 2803 'secundariis
630 2766 774 2813 legitur
801 2765 815 2786 ²
848 2778 856 2802 :
897 2780 915 2801 «
945 2768 1059 2803 Juxta
1092 2766 1264 2804 immun-

231 2830 368 2867 ditiam
388 2831 635 2866 menstruatae
666 2828 768 2865 sacta
802 2831 858 2865 est
884 2829 949 2866 via
969 2839 1108 2866 eorum
1129 2840 1264 2867 coram

230 2903 307 2929 me.
325 2905 342 2926 η
359 2892 469 2928 Tales
487 2894 575 2928 sunt
589 2891 660 2928 viae
678 2890 989 2938 luxuriosorum,
1007 2902 1179 2939 quorum
1193 2892 1264 2929 im-

231 2954 445 2991 munditias
470 2954 715 2991 horrendum
739 2956 794 2991 est
817 2953 1037 2991 nominare.
1066 2956 1118 2991 De
1144 2955 1265 2993 tertiis

231 3017 373 3053 dicitur
403 3017 417 3038 ³
446 3028 454 3052 :
491 3029 507 3049 «
540 3018 591 3053 Ne
621 3017 759 3052 credas
782 3019 818 3053 te
844 3016 917 3052 viae
947 3015 1182 3064 laboriosae,
1213 3028 1263 3056 ne

228 3089 355 3125 ponas
387 3078 526 3115 animae
555 3082 630 3115 tuae
661 3078 894 3116 scandalum
918 3091 926 3116 :
957 3094 974 3112 »
998 3079 1081 3116 haec
1115 3083 1170 3117 est
1199 3081 1264 3119 via

229 3140 488 3188 cupidorum,
508 3140 577 3189 qui
602 3141 800 3186 nesciunt,
820 3141 881 3177 cui
901 3141 1098 3188 laborant,
1118 3145 1155 3180 et
1173 3153 1263 3181 suas

229 3203 382 3240 animas
400 3202 517 3240 bonis
534 3202 732 3240 fraudant.

272 3319 279 3336 ¹
303 3317 414 3358 Prov.‚
434 3324 480 3358 iv,
509 3317 558 3349 19.
579 3334 620 3341 —
643 3317 657 3338 ²
676 3316 805 3358 Ezech„
827 3324 958 3358 xxxm,
980 3319 1029 3349 17.
1049 3335 1090 3342 -
1109 3319 1121 3338 ³
1143 3319 1261 3362 an-li„

229 3373 340 3404 xxxn,
363 3366 413 3397 25.
437 3381 476 3388 —
506 3366 517 3383 ⁴
538 3365 628 3398 Psal.
658 3372 783 3404 vaiu,
811 3365 863 3397 34.
886 3382 921 3388 -—
950 3365 963 3386 ⁵
987 3365 1077 3405 lon„
1102 3373 1146 3408 11,
1173 3368 1202 3400 3.
1222 3384 1262 3391 —

229 3412 346 3445 ⁶Psal.
367 3421 460 3454 xvn,
482 3415 512 3446 7.
542 3430 581 3437 ·-
610 3415 617 3430 ⁷
648 3412 778 3452 Eum,
806 3420 900 3452 κων,
930 3413 982 3444 23.
1014 3430 1055 3437 -
1087 3416 1098 3432 ⁸
1125 3415 1260 3457 derem„

229 3468 277 3501 ix,
295 3462 346 3493 20.

387 3532 486 3562 Tou.
517 3533 577 3563 lx.

2311 198 2388 235 353

1672 314 1856 350 Articulus
1877 317 2065 354 secundus.

1404 392 1450 428 Et
1470 393 1657 430 exaudisti
1675 405 1740 431 me.
1758 397 1841 432 Vox
1861 401 1916 434 est
1935 400 2075 438 animae
2094 404 2284 451 providae,
2301 416 2388 454 quae

1354 464 1425 501 per
1467 455 1727 494 absolutionis
1774 461 1940 507 gratiam
1986 466 2168 511 providet
2213 469 2388 508 divinam

1354 516 1525 564 mitigari
1542 520 1797 568 sententiam,
1820 525 1856 559 et
1874 534 2036 571 poenam
2054 533 2285 576 perpetuam
2302 543 2390 580 per-

1354 580 1499 616 mutari
1524 580 1564 616 in
1593 582 1877 631 transitoriam;
1901 587 2007 624 unde
2033 589 2117 635 jam
2145 601 2227 628 non
2246 594 2388 640 pavide

1356 640 1467 688 dicit,
1496 643 1565 679 sed
1583 646 1781 692 provide:
1810 651 1855 685 Ec
1885 652 2072 688 ent-audisti
2103 665 2168 690 me.
2201 657 2243 692 Et
2273 660 2389 704 nota,

1355 704 1466 751 quod
1507 707 1694 744 Dominus
1732 709 1874 748 dicitur
1917 713 2147 760 poenitentes
2193 718 2392 765 tripliciter
2448 735 2549 761 nomi-

1355 766 1564 804 exaudire:
1580 769 1731 807 vinctos
1748 771 1972 822 liberando,
1989 776 2136 814 inferos
2151 778 2392 828 obserando,
2413 783 2468 802 ‘³¹¹³
2500 777 2545 802 ‘si‘

1355 830 1392 865 et
1418 829 1538 866 coelos
1567 833 1780 870 reserando
1805 846 1812 870 :

1354 1016 1529 1062 praemia.
1559 1020 1610 1055 De
1638 1019 1767 1067 primo
1797 1023 1990 1070 Propheta
2013 1026 2148 1073 psallit
2165 1028 2178 1050 ὅ
2201 1040 2209 1065 :
2232 1042 2251 1065 «
2270 1032 2393 1068 Exau-

1355 1077 1453 1115 divit
1477 1089 1674 1128 pauperes
1708 1084 1921 1131 Dominus,
1951 1090 1987 1123 et
2018 1088 2170 1126 vinctos
2193 1102 2284 1129 suos
2311 1103 2392 1130 non

1355 1140 1533 1188 despexit
1553 1154 1561 1178 :
1583 1156 1600 1178 n
1625 1146 1662 1180 et
1682 1144 1780 1192 quid
1802 1150 1859 1183 est
1878 1147 2029 1186 vinctos
2053 1152 2256 1200 exaudire,
2275 1155 2348 1191 nisi
2370 1167 2394 1193 a

1353 1201 1540 1240 vitiorum
1558 1205 1728 1243 vinculis
1749 1209 1937 1256 expedire
1955 1212 1972 1247 ἰ)
1995 1213 2045 1248 De
2068 1215 2244 1252 sezundo
2266 1216 2392 1255 littera

1354 1265 1456 1302 canit
1476 1267 1488 1288 s
1512 1279 1520 1303 :
1548 1269 1634 1305 «De
1651 1273 1786 1307 ventre
1806 1271 1919 1309 inferi
1935 1273 2118 1322 clamavi,
2141 1279 2178 1314 et
2199 1280 2391 1317 exaudisti

1353 1339 1493 1367 vocem
1512 1342 1645 1369 meam
1671 1347 1679 1370 :
1704 1349 1720 1368 »
1752 1335 1800 1372 de
1822 1339 1955 1375 ventre
1974 1338 2088 1376 inferi
2110 1341 2301 1388 clamant,
2323 1345 2391 1391 qui

1352 1393 1472 1429 territi
1509 1394 1649 1432 timore
1690 1397 1802 1435 inferi
1816 1427 1827 1445 ,
1868 1400 2109 1439 salvatorem
2150 1403 2390 1453 inclamant,

1353 1465 1455 1502 quos
1486 1458 1690 1505 exaudiri,
1719 1464 1773 1497 est
1804 1461 1950 1500 inferos
1976 1464 2165 1503 obserari.
2202 1469 2253 1504 De
2278 1469 2389 1506 tertio

1353 1516 1494 1555 dicitur
1515 1520 1527 1541 ⁶
1561 1532 1570 1555 τ
1609 1534 1626 1555 «
1660 1523 1850 1561 Exaudiet
1886 1525 2002 1563 illum
2037 1527 2086 1564 de
2124 1528 2223 1566 coelo
2255 1534 2389 1568 sancto

1352 1590 1424 1616 suo
1447 1593 1494 1628 χ»
1520 1582 1570 1619 de
1590 1584 1689 1621 coelo
1717 1586 1895 1623 exaudiri
1917 1588 2071 1635 dicitur,
2094 1591 2156 1627 cui
2173 1592 2317 1629 coelum
2338 1594 2390 1630 ad

1350 1643 1558 1688 praemium
1579 1646 1766 1692 aperitur.

1686 1753 1874 1791 Articulus
1903 1759 2044 1793 tertius.

1399 1833 1488 1869 Doce
1519 1844 1583 1869 me.
1619 1835 1702 1871 Vox
1734 1838 1791 1873 est
1826 1838 1966 1876 animae
1997 1840 2159 1879 fervidae
2191 1843 2388 1884 desiderio

1351 1891 1610 1932 desiderantis
1641 1901 1963 1939 exonerationem
1990 1906 2235 1944 conscientiae
2258 1919 2266 1944 :
2299 1908 2390 1946 lieet

1351 1956 1457 1993 enim
1476 1959 1630 1996 noverit
1657 1961 1817 2009 culpam
1837 1963 1955 2002 fuisse
1975 1970 2210 2014 reseratam,
2237 1973 2273 2008 et
2300 1982 2388 2019 poe-

1348 2028 1443 2056 nam
1472 2022 1760 2070 temperatam,
1796 2025 1927 2063 adhuc
1959 2029 2074 2066 sentit
2105 2042 2145 2068 se
2177 2043 2387 2080 poenarum

1349 2082 1491 2120 debitis
1511 2088 1728 2134 oneratam,
1750 2099 1922 2136 quorum
1942 2095 2265 2133 exonerationem
2281 2097 2388 2136 inar-

1348 2143 1513 2182 descens
1540 2148 1694 2195 audire,
1727 2150 1923 2189 ferventer
1956 2154 2049 2192 dicit
2076 2168 2084 2193 :
2120 2159 2210 2195 Doce
2245 2171 2310 2196 me.
2345 2163 2387 2198 Et

1347 2210 1462 2254 nota,
1485 2209 1596 2256 quod
1616 2213 1803 2250 Dominus
1834 2215 1952 2253 docet
1980 2219 2237 2265 poenitentem
2256 2232 2328 2269 per
2346 2233 2385 2260 se

1843 837 1936 882 quia
1964 848 2102 876 revera
2121 840 2274 879 vinctos
2293 843 2392 881 libe-
2411 867 2436 894 1¹¹

1354 893 1428 937 rat,
1449 895 1644 939 quantum
1675 896 1726 932 ad
1747 896 1866 944 vitia;
1894 898 2040 937 inferos
2069 902 2244 950 obserat,
2265 915 2392 953 quan·
2412 902 2451 968 ἑή

1354 955 1438 989 tum
1459 954 1511 990 ad
1536 956 1753 1004 supplicia3
1777 959 1898 997 coelos
1927 966 2095 1009 reserat,
2127 969 2320 1013 quantum
2341 968 2392 1005 ad

2424 819 2535 852 Ilicitet·

2443 860 2552 885 ruiten-

2443 909 2455 926 ε
2468 908 2554 927 exau-

2449 2241 2546 2267 Domi-

1345 2268 1530 2317 interius,
1553 2273 1617 2310 vel
1645 2285 1717 2322 per
1742 2286 1834 2313 suos
1856 2278 2036 2326 exterius,
2069 2281 2193 2318 tribus
2221 2284 2353 2321 modis
2375 2296 2383 2321 :
2406 2288 2462 2307 ΜΒ
2488 2289 2547 2316 I’OE·

1345 2331 1530 2370 videlicet
1557 2345 1629 2382 per
1662 2337 1945 2385 aspirationem
1976 2342 2040 2379 vel
2067 2343 2385 2385 adhortationem

1345 2394 1606 2443 discretionis,
1629 2403 1962 2448 compunctionis,
1984 2407 2020 2441 et
2040 2405 2261 2445 devotionis
2282 2422 2290 2446 :
2314 2421 2385 2458 per

1344 2456 1624 2496 discretionem
1654 2461 1770 2499 docet
1796 2464 1897 2501 inter
1921 2465 2075 2504 bonum
2108 2470 2320 2518 omissum,
2347 2477 2384 2511 et

1342 2520 1495 2557 malum
1524 2524 1780 2561 commissum
1805 2525 2048 2575 discernere,
2071 2541 2142 2578 per
2167 2543 2381 2581 compunc-

1342 2581 1491 2620 tionem
1521 2585 1638 2622 docet
1659 2587 1811 2624 malum
1844 2591 2100 2630 commissum
2123 2594 2265 2633 deflere
2278 2610 2288 2643 3
2310 2609 2382 2646 per

1344 2643 1597 2684 devotionem
1634 2647 1750 2686 docet
1787 2649 1941 2688 bonum
1979 2654 2170 2693 omissum
2205 2659 2377 2707 explere.

1341 2709 1392 2744 De
1411 2709 1542 2756 primo
1560 2711 1572 2733 ⁷
1600 2723 1607 2746 :
1637 2724 1655 2745 «
1677 2712 1872 2761 Populum
1893 2726 2027 2753 meum
2045 2717 2259 2768 docebunt,
2281 2724 2380 2771 quid

1340 2769 1388 2806 sit
1406 2770 1507 2808 inter
1527 2777 1703 2812 sanctum
1720 2779 1757 2813 et
1776 2777 1987 2825 pollutum,
2011 2783 2047 2817 et
2065 2781 2164 2819 inter
2183 2785 2379 2823 mundum

1341 2835 1378 2870 et
1396 2833 1681 2875 immundum:
1712 2853 1730 2874 »
1763 2851 1853 2879 ecce
1883 2842 2092 2891 discretio,
2114 2857 2236 2894 quam
2266 2849 2380 2887 docet

1341 2897 1530 2935 Dominus
1550 2910 1714 2938 suorum
1734 2903 1966 2953 ministerio,
1989 2908 2135 2946 scilicet
2155 2910 2377 2950 discernere

1340 2960 1440 2998 inter
1470 2962 1666 3009 pollutam
1700 2967 1736 3002 et
1764 2965 2017 3015 impollutam
2046 2971 2307 3020 affectionem,
2342 2979 2378 3012 et

1338 3023 1439 3060 inter
1472 3025 1666 3062 mundam
1704 3030 1741 3064 et
1777 3028 2028 3068 immundam
2069 3034 2276 3073 actionem.
2325 3039 2375 3074 De

1338 3086 1515 3123 secundo
1534 3088 1547 3109 Β
1565 3100 1573 3124 :
1596 3102 1614 3122 «
1635 3090 1774 3127 Docete
1794 3091 1895 3129 filias
1915 3097 2062 3132 vestras
2080 3097 2317 3145 lamentum,
2340 3103 2377 3137 et

1338 3158 1588 3198 unaquaeque
1616 3152 1844 3199 proximam
1876 3165 1990 3192 suam
2022 3157 2246 3206 planctum;
2281 3162 2375 3209 quia

1339 3212 1515 3249 ascendit
1534 3223 1642 3250 mors
1658 3225 1730 3262 per
1747 3215 1916 3254 fenetras
1935 3222 2102 3266 nostras,
2124 3221 2299 3268 ingressa
2318 3227 2375 3261 est

1339 3273 1483 3311 domos
1513 3278 1668 3313 nostras
1701 3289 1710 3314 :
1750 3292 1768 3312 »
1810 3289 1898 3316 ecce
1937 3283 2214 3329 compunctio,
2251 3295 2374 3333 quam

1338 3335 1478 3383 docet,
1520 3340 1556 3374 et
1593 3338 1727 3376 doceri
1765 3343 1900 3378 monet
1936 3342 2150 3391 Dominus;
2190 3345 2374 3386 videlicet

1338 3397 1482 3436 deflere
1509 3400 1617 3438 mala
1647 3402 1858 3440 commissa
1884 3414 1954 3451 per
1973 3405 2159 3445 fenestras
2186 3419 2374 3450 sensuum

1338 3461 1588 3509 exteriorum,
1606 3463 1657 3499 ad
1679 3463 1820 3501 domos
1841 3475 2027 3504 sensuum
2048 3467 2278 3510 interiorum
2298 3474 2371 3512 im-

2161 3541 2213 3580 23

2405 2321 2546 2349 nitentem

2405 2361 2498 2390 docet.
