2633 3878
148 1597 183 1619 (ζμ
194 1603 246 1620 nus

125 1636 228 1661 huma—

109 1684 176 1702 num
194 1684 243 1701 an-

110 1719 136 1742 te
152 1717 248 1743 Salva-

109 1757 179 1783 toris
200 1757 248 1782 ad-

120 1800 238 1823 ventum

132 1838 223 1864 tribus

110 1879 238 1906 miseriis

108 1920 241 1954 subjace-

110 1962 168 1988 bat.

140 3123 250 3150 Miseri-

129 3163 226 3189 cordia

111 3205 210 3239 triplex
220 3206 225 3230 i
232 3213 247 3231 n

117 3246 229 3279 scriptu
236 3261 242 3266 -

118 3293 161 3312 ra.

692 395 859 436 Epilogus.

311 481 362 514 Ex
382 477 588 525 praemissis
610 479 737 525 potest
764 477 993 521 clarescere,
1022 474 1130 522 quod
1161 472 1285 509 oratio

264 539 462 586 Prophetfe
493 540 539 574 sit
568 539 785 586 deploratio
817 538 949 585 patrizr¹
987 536 1188 580 elongatae.
1230 533 1288 569 Ait

265 600 368 635 enim
390 611 398 634 :
421 601 534 644 Lonfle
555 611 575 634 (ι
600 600 859 645 peccatoribus,
881 600 1071 645 quantum
1100 595 1153 631 ad
1177 594 1285 630 elon-

264 660 430 706 gationis
449 660 724 708 dispendium;
746 661 872 701 Salus,
896 661 1086 706 quantum
1106 656 1157 693 ad
1176 655 1283 692 salu-

264 722 311 756 tis
330 721 591 769 stipendium3
619 723 711 764 Οιιιά
738 722 1011 766 justificationes
1039 723 1139 761 tuas,
1160 727 1284 764 quan-

265 786 345 818 tum
383 783 434 818 ad
469 783 619 819 virtutis
657 782 867 828 meritum3
904 782 984 817 Non
1017 781 1286 825 exquisierunt,

265 847 454 890 quantum
475 844 525 880 ad
545 843 843 891 postergationis
863 841 1110 878 demeritum.

624 987 840 1015 vERslcctus
863 988 929 1013 ΧΠ.

316 1092 393 1126 136.
429 1090 685 1126 Miscrz'cordioe
718 1094 786 1125 tuae
818 1089 957 1132 multae,
986 1089 1057 1123 etc.
1089 1084 1289 1122 Orationes

266 1151 456 1198 Propheta
474 1151 681 1198 proposuit
709 1160 812 1186 nunc
839 1148 989 1185 ratione
1010 1146 1164 1193 justitiae
1186 1145 1289 1181 rele—

265 1217 386 1259 gatae,
408 1223 511 1248 nunc
542 1211 691 1248 ratione
724 1210 917 1257 injustitiae
948 1209 1165 1255 colligatae,
1185 1217 1290 1243 nunc

265 1275 414 1310 ratione
434 1273 566 1320 patriae
587 1273 800 1319 elongatae3
822 1272 885 1308 hic
905 1271 1122 1308 orationem
1142 1279 1289 1316 propo-

266 1336 321 1371 nit
345 1335 493 1371 ratione
521 1335 685 1371 miseriae
704 1333 958 1381 prolongatae.
981 1335 1076 1368 Nam
1093 1341 1172 1367 vox
1192 1331 1263 1366 ista
1279 1357 1291 1376 ,

267 1408 386 1444 quam
418 1400 563 1433 eructat
593 1397 814 1439 Psalmista,
835 1395 990 1432 videtur
1021 1405 1101 1431 vox
1127 1392 1290 1429 humani

268 1459 436 1504 generis,
459 1458 634 1494 miserias
663 1457 919 1494 desolatorias
949 1454 1206 1503 supponentis
1221 1482 1231 1499 ,
1254 1456 1292 1490 et

266 1521 555 1558 misericordias
576 1521 856 1557 consolatorias
879 1517 1119 1565 exponentis.
1144 1517 1200 1553 Ad
1229 1527 1293 1552 cu-

263 1584 325 1627 jus
365 1582 601 1619 evidentiam
642 1580 944 1628 praevidendum
968 1606 980 1623 ,
1019 1578 1130 1626 quod
1169 1587 1292 1622 genus

268 1644 484 1679 humanum
505 1646 591 1679 ante
613 1642 821 1679 Salvatoris
853 1641 1067 1678 adventum
1096 1639 1292 1685 tripartitae

268 1705 430 1741 miseriae
459 1704 704 1750 subjacebat,
731 1704 892 1750 propter
923 1701 1059 1738 mortis
1089 1700 1290 1744 debitum,

268 1766 376 1812 quod
398 1765 590 1811 debehat,
614 1766 722 1812 quod
751 1763 951 1808 solvebat,
973 1773 995 1798 a
1015 1772 1094 1809 quo
1123 1771 1205 1797 sese
1227 1760 1291 1796 ab-

267 1826 418 1862 solvere
438 1837 518 1862 non
546 1827 715 1863 valebat.
738 1828 945 1872 Propterea
977 1823 1208 1870 tripartitam
1235 1821 1291 1857 illi

267 1887 577 1924 miscricordiam
597 1887 771 1924 Salvator
792 1885 991 1929 exhibuit,
1013 1885 1106 1920 dum
1128 1894 1168 1919 se
1189 1893 1293 1919 mor-

267 1949 313 1984 tis
335 1948 574 1992 debitorem,
596 1948 830 1992 solutorem,
851 1950 887 1983 et
909 1945 1177 1982 absolutorem
1197 1955 1292 1980 con-

267 2010 397 2046 stituit.
433 2012 520 2046 Orat
558 2019 652 2055 ergo
691 2007 980 2044 misericordias
1012 2006 1259 2042 numerando
1279 2020 1290 2052 3

266 2070 383 2106 aliam
421 2070 668 2115 venerando;
693 2069 810 2106 aliam
847 2068 1107 2115 ponderando
1124 2079 1136 2112 ;
1173 2068 1292 2103 aliam

266 2130 526 2177 postulando,
561 2131 694 2166 dicens
729 2143 737 2166 z
768 2129 1054 2174 Misericordiae,
1086 2131 1175 2173 etc.,
1209 2132 1292 2165 tan-

267 2203 384 2240 quam
404 2194 580 2239 patenter
609 2191 821 2238 inquiens:
852 2191 985 2229 Multas
1014 2190 1109 2226 mihi
1141 2190 1292 2226 miscri-

267 2255 420 2291 cordias
441 2253 671 2298 exhibuisti,
690 2264 781 2289 cum
809 2255 843 2289 tc
878 2252 1001 2289 debiti
1033 2252 1109 2287 mei
1140 2251 1293 2288 debito-

265 2326 371 2360 rem,
393 2315 605 2350 solutorem
621 2341 632 2358 ,
661 2317 696 2350 et
728 2314 996 2350 absolutorem
1029 2313 1258 2349 eonstituisti
1282 2325 1289 2348 :

267 2377 363 2413 sicut
383 2386 475 2422 ergo
495 2375 598 2411 suisti
618 2375 772 2411 debitor
787 2377 822 2411 ct
843 2375 1011 2416 solutor,
1037 2374 1091 2410 sic
1111 2385 1192 2410 esse
1213 2385 1292 2410 non

267 2438 422 2474 differas
442 2436 657 2473 absolutor.
680 2438 773 2472 Ecce
799 2436 911 2472 vides
932 2435 1292 2482 quadrimembrem

267 2499 503 2543 orationem,
525 2501 717 2545 quantum
737 2498 788 2534 ad
812 2496 1089 2533 misericordiae
1109 2507 1292 2533 numera-

266 2561 430 2604 tionem,
448 2560 762 2603 venerationem‚
779 2559 1125 2606 ponderationem,
1148 2561 1183 2595 et
1203 2569 1292 2605 pos-

267 2621 506 2657 tulationem.
530 2623 570 2658 ln
589 2620 864 2657 numeratione
883 2619 1096 2665 subtilitas;
1118 2619 1157 2655 in
1178 2630 1292 2656 vene-

265 2683 413 2718 ratione
433 2681 653 2727 humilitas;
677 2682 717 2717 in
733 2681 1019 2728 ponderatione
1042 2681 1229 2726 virilitas3
1249 2681 1289 2717 in

265 2743 527 2788 postulatione
547 2743 702 2779 utilitas.

601 2846 782 2882 Amic-ulus
803 2847 959 2891 primus.

313 2926 572 2962 Misericordia
596 2929 840 2971 numeratur,
862 2937 952 2962 cum
977 2926 1117 2963 dicitur
1139 2938 1146 2962 :
1178 2929 1290 2962 Mise-

267 2988 432 3023 ricordioe
450 2991 520 3023 tnoe
541 2989 681 3031 multoe,
696 2988 789 3034 quia
808 2987 1003 3034 tripartitae
1027 3000 1034 3023 ε
1057 2988 1204 3025 scilicet
1222 2987 1294 3023 mi·

267 3048 479 3084 sericordia
517 3047 704 3084 debitoris
725 3076 736 3092 ,
772 3048 1040 3085 misericordia
1083 3048 1290 3092 solutoris,

267 3108 537 3145 misericordia
554 3108 803 3145 absolutoris.
825 3111 866 3144 Et
886 3112 979 3145 nota
1004 3109 1052 3145 de
1071 3109 1291 3145 misericor-

269 3169 334 3206 dia
353 3172 588 3215 memorata,
610 3170 720 3217 quod
742 3170 881 3217 triplex
908 3169 1178 3206 misericordia
1199 3169 1292 3216 legi-

268 3234 329 3266 tur
347 3231 386 3266 in
406 3232 600 3278 Scriptura
618 3243 626 3266 :
648 3231 830 3267 videlicet
848 3230 1116 3267 misericordia
1141 3230 1291 3276 magni-

268 3291 400 3335 ficata,
417 3292 680 3328 misericordia
691 3292 934 3338 confirmata,
953 3291 1225 3328 misericordia
1238 3290 1291 3327 sa-

269 3351 419 3387 cienda.
448 3352 747 3389 Misericordiam
775 3352 1067 3400 magnificatam
1095 3352 1288 3397 arbitror,

268 3423 346 3459 qua
369 3414 551 3451 Dominus
567 3426 640 3462 pro
659 3415 780 3452 servis
803 3415 1045 3453 constituitur
1066 3414 1202 3451 mortis
1223 3414 1290 3449 de-

268 3474 393 3517 bitor:
427 3475 735 3513 misericordiam
766 3477 1037 3513 confirmatam
1073 3475 1259 3511 confiteor
1277 3502 1287 3518 .·

957 260 1227 303 EXPOStTlO
1257 260 1308 302 ΙΝ
1343 259 1692 302 PSALTERIUM.

1359 359 1437 396 qua
1455 348 1581 385 Judex
1606 358 1678 395 pro
1710 348 1786 384 reis
1814 348 1951 385 mortis
1977 349 2220 386 constituitur
2244 361 2379 398 perso-

1359 410 1462 446 lutor
1477 422 1486 455 ;
1509 409 1820 446 misericordiam
1840 409 2064 447 faciendam
2078 413 2285 458 protestor,
2303 423 2382 459 qua

1358 474 1489 517 Agnus
1514 471 1738 508 immolatus
1766 471 1994 508 constitutus
2021 474 2077 511 est
2095 472 2384 511 immolantium

1360 533 1574 569 absolutor.
1597 534 1647 568 De
1667 532 1795 579 prima
1813 532 2081 569 misericordia
2104 533 2196 570 dicit
2215 534 2384 571 Psalmo-

1359 593 1532 640 graphus
1554 595 1564 615 ¹
1589 605 1596 628 :
1629 606 1646 627 «
1675 593 1869 637 Quoniam
1897 594 2146 639 magnificata
2177 597 2232 630 est
2261 605 2385 642 usque

1361 654 1412 690 ad
1429 654 1548 690 coelos
1566 653 1836 690 misericordia
1855 656 1940 699 tua,
1963 657 2000 690 et
2015 655 2158 691 veritas
2173 657 2240 692 tua
2259 666 2384 703 usque

1361 715 1412 750 ad
1432 714 1556 750 nubes
1578 726 1586 749 ;
1609 727 1625 747 ι)
1651 725 1738 750 ecce
1764 714 2033 752 misericordia
2064 716 2328 762 magnificata.
2350 717 2386 754 Si

1360 778 1458 814 sorte
1494 777 1671 823 dubitas,
1703 788 1791 824 quae
1827 777 2129 814 misericordia?
2161 789 2249 825 quae
2281 779 2384 816 veri-

1361 842 1418 875 tas
1438 840 1455 874 ‘t
1495 849 1583 886 quae
1620 838 1949 885 magnificationis
1985 838 2153 876 varietas
2181 841 2199 875 ⁶?
2235 839 2386 877 miseri-

1362 899 1498 936 cordia
1535 899 1697 947 quidem
1733 900 1843 936 affuit
1867 928 1878 946 ,
1911 900 2006 947 quia
2039 899 2218 936 debitum
2252 901 2388 938 mortis

1362 961 1537 1006 admisit,
1571 971 1651 997 non
1687 963 1847 1008 propter
1884 960 2122 997 maleficium
2155 961 2265 1009 quod
2295 973 2388 1009 pree-

1362 1022 1478 1058 misit.
1500 1022 1645 1059 Veritas
1665 1025 1797 1059 autem
1816 1033 1897 1058 non
1929 1021 2075 1067 defuit,
2095 1022 2190 1070 quia
2209 1022 2388 1060 debitum

1362 1083 1491 1130 ipsum
1512 1083 1669 1120 admisit
1696 1087 1857 1131 propter
1887 1083 2145 1129 beneficium,
2166 1083 2273 1131 quod
2293 1094 2387 1132 pro·

1363 1143 1480 1180 misit.
1501 1146 1598 1180 Nam
1629 1145 1698 1191 qui
1717 1145 1875 1181 nullum
1894 1145 2133 1192 praemiserat
2150 1144 2386 1182 maleficium

1363 1216 1432 1252 per
1468 1205 1639 1241 actiones
1677 1205 1892 1250 indebitas,
1926 1206 2204 1243 incarnationis
2238 1206 2388 1243 benefi-

1364 1267 1468 1302 cium
1495 1266 1730 1313 promiserat
1755 1276 1826 1313 per
1849 1266 2059 1313 prophetas
2081 1278 2089 1303 :
2111 1267 2298 1314 quocirca
2315 1268 2389 1304 mi-

1364 1327 1578 1364 sericordia
1599 1327 1738 1364 dicitur
1757 1328 2009 1373 magnificata
2029 1339 2154 1374 usque
2175 1328 2227 1364 ad
2246 1329 2388 1376 coelos,

1364 1390 1405 1426 id
1424 1392 1498 1435 est,
1519 1390 1691 1427 coelestes
1725 1390 1907 1436 angelos,
1949 1390 2043 1437 quia
2074 1390 2247 1427 mundus
2277 1391 2391 1429 suita

1363 1451 1483 1497 malo,
1505 1451 1601 1488 sicut
1621 1451 1750 1497 angeli
1770 1452 1834 1488 Dei
1855 1453 1895 1488 in
1911 1452 2026 1488 coelo.
2044 1451 2154 1488 Tales
2172 1451 2260 1488 coeli
2275 1462 2389 1489 enar-

1363 1515 1549 1549 raverunt
1581 1512 1749 1559 gloriam
1783 1513 1868 1558 Dei,
1899 1512 2068 1549 dicendo
2085 1514 2099 1535 2
2123 1525 2132 1549 ε
2157 1525 2176 1547 «
2201 1513 2332 1551 Gloria
2351 1513 2388 1550 in

1365 1573 1526 1609 excelsis
1545 1573 1656 1617 (alias
1676 1573 1716 1609 in
1737 1574 1959 1621 altissimis)
1978 1576 2070 1611 Deo.
2091 1587 2109 1609 »
2131 1574 2276 1612 Veritas
2294 1585 2389 1612 vero

1364 1633 1505 1670 dicitur
1524 1635 1774 1681 magnificata
1794 1645 1918 1682 usque
1933 1635 1984 1671 ad
2003 1635 2143 1680 nubes,
2154 1635 2197 1671 id
2218 1637 2286 1682 est,
2300 1646 2391 1683 pro-

1364 1694 1538 1740 pheticas
1568 1696 1860 1742 promissiones.
1894 1698 1963 1732 Per
1996 1696 2090 1732 tales
2120 1697 2246 1733 nubes
2275 1697 2391 1734 nobis

1365 1755 1538 1791 insonuit
1557 1756 1767 1802 magnifica
1781 1757 1845 1793 Dei
1860 1757 1993 1793 virtus.
2008 1757 2115 1794 Unde
2131 1757 2336 1805 psallimus
2349 1760 2363 1781 ³
2379 1770 2388 1794 z

1371 1831 1387 1851 «
1407 1818 1691 1863 Magnificentia
1711 1819 1794 1863 ejus
1814 1821 1850 1854 et
1868 1818 1990 1854 virtus
2007 1818 2089 1864 ejus
2107 1818 2149 1854 in
2167 1819 2386 1856 nubibus.»

1366 1880 1416 1914 De
1455 1879 1628 1915 secunda
1663 1879 1934 1916 misericordia
1967 1879 2102 1927 psallit
2133 1879 2388 1927 prophetat:

1371 1953 1387 1972 «
1407 1940 1601 1983 Quoniam
1621 1941 1848 1977 confirmata
1867 1943 1923 1976 est
1943 1951 2062 1988 super
2078 1951 2151 1977 nos
2169 1941 2390 1978 misericor-

1368 2000 1433 2037 dia
1472 2001 1576 2047 ejus,
1615 2004 1652 2037 et
1689 2002 1828 2038 veritas
1867 2001 2020 2038 Domini
2053 2004 2185 2039 manet
2212 2003 2254 2039 in
2283 2004 2391 2040 aeter-

1366 2073 1462 2098 num
1479 2075 1487 2098 :
1503 2075 1520 2096 »
1545 2073 1633 2099 ecce
1653 2062 1923 2099 misericordia
1949 2063 2192 2100 confirmata.
2222 2063 2260 2102 Si
2288 2074 2394 2112 quae-

1365 2124 1440 2167 ris,
1463 2123 1625 2170 quando
1645 2124 1915 2160 misericordia
1935 2124 2196 2162 confirmata?
2216 2135 2304 2172 quae
2322 2125 2392 2163 mi-

1367 2185 1610 2221 sericordia?
1636 2196 1722 2232 quae
1755 2186 1895 2222 veritas
1924 2188 2174 2223 memorata?
2202 2189 2295 2224 tunc
2321 2186 2393 2224 fuit

1366 2247 1447 2283 haec
1478 2247 1746 2283 misericordia
1776 2247 2029 2293 confirmata,
2056 2248 2218 2295 quando
2249 2250 2392 2286 veritas

1371 2308 1573 2344 incarnata
1615 2308 1685 2344 suit
1733 2308 1773 2344 in
1814 2319 1927 2345 cruce
1960 2309 2126 2346 firmata.
2159 2310 2305 2347 Veritas
2335 2310 2391 2348 ibi

1366 2370 1456 2413 fuit,
1479 2369 1572 2416 quia
1598 2369 1712 2405 solvit
1743 2370 1853 2416 quod
1872 2370 2022 2407 solvere
2043 2370 2192 2408 debuit.
2225 2372 2300 2409 Sed
2318 2371 2391 2408 mi-

1367 2431 1580 2467 sericordia
1598 2441 1681 2467 non
1705 2430 1848 2476 defuit,
1871 2432 1964 2478 quia
1994 2432 2265 2470 misericordia
2293 2433 2392 2471 mira

1367 2492 1462 2537 fuit,
1484 2492 1594 2538 quod
1614 2502 1654 2528 se
1683 2502 1765 2528 non
1784 2494 1844 2528 sui
1865 2492 1987 2529 debiti
2012 2493 2228 2531 solutorem
2248 2494 2391 2531 consti-

1367 2555 1449 2591 tuit.
1480 2557 1554 2590 Nec
1586 2554 1752 2591 dubium
1785 2554 1881 2601 quin
1914 2554 1982 2590 illa
2010 2555 2151 2592 veritas
2177 2559 2333 2593 maneat
2350 2556 2392 2592 in

1366 2619 1574 2660 aeternum,
1598 2616 1691 2663 quia
1710 2615 1865 2663 supplet
1890 2616 2130 2663 supplicium
2155 2627 2392 2664 permanens

1368 2678 1408 2713 in
1421 2680 1621 2714 aeternum.
1643 2679 1693 2713 De
1711 2677 1819 2714 tertia
1831 2677 2102 2714 misericordia
2117 2678 2252 2716 scribit
2261 2681 2391 2716 Evan-

1369 2739 1507 2785 gelista
1523 2740 1564 2775 5;
1592 2738 1687 2775 «Ad
1713 2738 1935 2775 faciendam
1963 2739 2272 2777 misericordiam
2301 2751 2392 2778 cum

1367 2801 1545 2847 patribus
1572 2800 1739 2844 nostris,
1757 2813 1774 2834 »
1799 2802 1887 2836 etc.:
1923 2811 2011 2837 ecce
2039 2800 2308 2838 misericordia
2338 2800 2393 2838 fa-

1368 2861 1522 2898 cienda.
1561 2861 1728 2905 Quando
1775 2861 1956 2898 facienda
1974 2864 1992 2897 ⁶?
2030 2861 2191 2909 quando
2229 2861 2391 2909 quidem

1368 2933 1493 2968 agnus
1510 2922 1735 2958 immolatus
1754 2933 1828 2970 pro
1849 2923 1964 2960 nobis
1982 2933 2055 2960 nos
2080 2922 2258 2960 absolvet
2275 2933 2299 2960 a
2317 2933 2392 2960 ser-

1367 2983 1483 3020 vitute
1504 2983 1778 3031 corruptionis.

1681 3088 1868 3124 Articulus
1893 3089 2078 3124 secundus.

1414 3169 1540 3206 Prima
1560 3170 1832 3207 misericordia
1860 3173 2088 3217 veneratur,
2109 3181 2200 3208 cum
2226 3181 2390 3208 venera-

1366 3230 1495 3267 biliter
1525 3231 1703 3277 adjicitur
1736 3243 1745 3267 ε
1772 3234 1920 3268 Domine
1945 3245 1956 3268 .·
1983 3243 2070 3269 ecce
2098 3231 2284 3269 Dominus
2315 3241 2389 3279 pro

1367 3291 1486 3327 servis
1508 3291 1663 3329 debitor
1682 3293 1933 3339 constitutus,
1953 3296 1989 3330 et
2006 3293 2098 3330 ideo
2114 3291 2363 3330 venerandus
2376 3320 2386 3333 ,

1366 3355 1403 3387 et
1432 3353 1707 3390 venerabiliter
1742 3354 2022 3391 nominandus.
2056 3356 2100 3390 Et
2129 3355 2245 3399 nota,
2279 3352 2388 3400 quod

1410 3430 1422 3452 ¹
1441 3433 1530 3464 Psal.
1552 3442 1626 3474 LVI,
1649 3437 1698 3466 Η.
1721 3452 1756 3458 -
1781 3437 1793 3454 ²
1812 3437 1903 3474 Luc„
1929 3444 1972 3476 11,
1997 3437 2044 3468 ¹4.
2066 3450 2102 3458 --
2130 3435 2143 3453 ³
2167 3433 2256 3467 Psal.
2281 3442 2387 3475 mvn,

1366 3479 1414 3509 35.
1436 3496 1476 3502 -
1496 3480 1506 3497 ⁴
1525 3480 1614 3510 Psal.
1634 3489 1725 3521 cxvi,
1747 3484 1777 3513 2.
1799 3497 1839 3506 —
1857 3483 1868 3501 ⁵
1884 3483 1972 3519 Luc„
1995 3489 2017 3521 ι,
2038 3481 2088 3512 72.
