2633 3878
113 1058 191 1085 Velle
202 1057 248 1085 tr}-

111 1100 187 1134 plcx.

272 289 348 326 361²,

594 411 780 446 Articulus
806 411 968 455 quartus.

315 496 509 538 Quantum
538 492 590 530 ad
625 495 829 540 quartum,
862 489 1120 528 subscribitur
1151 500 1159 525 :
1199 489 1295 532 Quia

268 560 381 602 ipsam
408 557 518 592 volui.
549 555 614 592 llic
643 554 833 594 ostendit.
862 552 972 601 quod
997 550 1192 588 intendit:
1224 561 1296 587 sua

266 617 394 654 finalis
426 617 612 662 intentio,
639 618 695 653 est
719 616 808 652 finis
842 613 1085 658 consecutio,
1114 612 1195 649 sive
1226 622 1296 649 sua

266 679 543 716 remuneratio.
595 678 778 716 Semitam
822 677 969 724 quippe
1012 674 1164 719 voluit,
1203 673 1296 721 quia

267 742 399 789 sequi,
428 740 631 788 persequi,
656 742 691 776 et
713 737 879 786 obsequi
899 737 1034 774 voluit.
1058 738 1141 773 Haec
1165 737 1295 773 autem

267 802 404 847 voluit,
426 802 520 849 quia
540 801 726 847 consequi
746 800 890 845 voluit3
913 809 986 836 nec
1008 798 1077 835 illa
1094 797 1296 842 voluisset,

267 864 339 900 nisi
367 863 555 910 consequi
581 862 793 898 maluisset.
826 861 1001 899 Ostendit
1026 860 1180 907 itaque,
1202 861 1238 895 et
1257 869 1297 894 se

269 927 572 972 consequentem
587 952 599 970 ,
620 927 657 961 et
679 923 792 960 illum
819 926 1135 960 remunerantem
1162 930 1296 957 secun-

269 987 365 1024 dum
397 997 508 1023 suam
544 985 815 1031 intentionem,
847 986 935 1022 lieet
966 995 1046 1021 non
1080 982 1298 1020 secundum

269 1048 552 1096 impletionem.
583 1048 657 1086 Sed
686 1051 798 1093 nota,
828 1047 937 1094 quod
970 1047 1053 1082 ait:
1092 1046 1210 1081 Volui.
1233 1043 1298 1080 llic

271 1111 375 1147 enim
393 1111 531 1155 innuit,
554 1112 590 1147 et
609 1109 710 1146 velle
737 1120 816 1156 quo
843 1108 985 1154 voluit,
1007 1109 1043 1144 et
1066 1106 1167 1143 velle
1188 1105 1299 1153 quod

269 1173 415 1218 voluit;
438 1177 473 1209 ct
493 1172 615 1216 velle,
638 1170 748 1218 quod
766 1170 892 1207 voluit
916 1170 1046 1217 ipsum
1070 1168 1195 1210 velle,
1218 1178 1297 1215 quo

269 1235 406 1272 voluit.
436 1233 607 1270 Primum
631 1232 733 1268 velle
761 1231 833 1268 fuit
852 1231 1059 1278 adJaeens3
1080 1229 1299 1267 secundum

269 1297 498 1342 p1=aejacen53
535 1294 689 1331 tertium
717 1293 938 1340 subjacens.
973 1295 1024 1329 De
1050 1292 1180 1339 primo
1206 1290 1298 1327 scri-

270 1358 374 1394 bitur
400 1358 409 1379 ¹
440 1369 448 1393 :
476 1370 493 1391 «
511 1356 616 1392 Velle
636 1355 789 1402 adjacet
814 1355 938 1390 mihi:
958 1368 976 1389 »
1000 1354 1075 1391 tale
1095 1353 1197 1389 velle
1214 1352 1298 1399 suit,

271 1432 351 1468 quo
382 1420 574 1468 Propheta
607 1417 744 1455 voluit.
785 1419 835 1453 De
875 1416 1048 1454 secundo
1080 1416 1220 1452 dieitur
1246 1416 1260 1436 2
1288 1427 1296 1452 :

275 1499 291 1517 u
322 1485 364 1519 [t
398 1481 568 1519 facerem
603 1480 847 1517 voluntatem
877 1482 999 1524 tuam,
1041 1480 1137 1515 Deus
1175 1487 1298 1523 meus,

272 1544 407 1582 volui:
435 1557 452 1578 n
487 1543 565 1580 tale
602 1541 701 1579 velle
734 1542 926 1589 Propheta
951 1539 1088 1586 voluit,
1123 1550 1213 1575 cuni
1243 1549 1301 1575 se-

271 1606 405 1642 mitam
424 1604 704 1642 mandatorum
723 1603 861 1640 voluit.
884 1604 933 1639 De
954 1601 1066 1639 tertio
1089 1602 1102 1623 ³
1131 1613 1138 1637 :
1167 1613 1184 1635 ι(
1202 1602 1302 1638 Deus

274 1671 346 1714 est,
369 1668 436 1716 qui
468 1669 653 1716 operatur
687 1666 730 1702 in
758 1665 896 1711 nobis,
936 1667 972 1701 et
998 1663 1099 1700 velle
1116 1692 1127 1709 ,
1148 1666 1184 1700 et
1215 1673 1302 1710 per-

272 1729 414 1774 ficere,
435 1740 507 1777 pro
536 1729 644 1766 bona
663 1728 876 1765 voluntate.
911 1740 928 1761 »
962 1729 1012 1762 Ac
1042 1726 1073 1762 si
1109 1725 1303 1762 diceretur

273 1794 435 1838 aperte:
469 1793 619 1827 Bonum
654 1790 719 1826 Dei
747 1788 848 1825 velle
878 1790 1064 1836 operatur
1091 1787 1132 1823 in
1163 1787 1300 1833 nobis,

272 1852 424 1889 bonum
461 1852 561 1888 velle
598 1855 633 1888 et
670 1851 869 1899 perficere.
911 1849 1016 1886 Velle
1054 1850 1186 1897 itaque
1222 1859 1302 1896 quo

274 1914 466 1961 Propheta
487 1913 625 1959 voluit,
646 1914 696 1950 ab
713 1914 796 1959 ejus
813 1912 913 1948 velle
932 1912 1077 1948 factum
1090 1911 1175 1956 fuit,
1191 1911 1303 1956 cujus

274 1975 374 2013 velle
397 1976 523 2012 faeere
543 1974 681 2012 voluit.
706 1973 896 2021 Propheta
916 1973 1063 2020 quippe
1082 1973 1158 2009 hoe
1179 1972 1304 2008 voluit

273 2038 412 2084 facere,
431 2037 541 2086 quod
559 2039 653 2074 Dssus
672 2037 811 2082 voluit,
826 2036 897 2073 sed
910 2036 985 2072 hoc
1000 2035 1147 2071 ideireo
1163 2034 1302 2080 voluit,

274 2101 366 2148 quia
388 2102 481 2137 Dl-:cs
500 2101 576 2137 hoe
595 2101 725 2148 ipsum
740 2099 843 2136 velle
862 2099 1000 2135 voluit.

703 2207 876 2248 Epilogus.

320 2288 424 2323 Patet
452 2285 584 2332 itaque
621 2294 739 2331 super
767 2283 828 2320 his
859 2292 971 2319 mens
1000 2281 1212 2328 Prophetae.
1245 2281 1305 2318 Ait

275 2347 379 2384 enim
397 2360 407 2382 :
429 2347 547 2383 Deduc
564 2356 630 2391 me,
652 2345 808 2392 supple,
829 2344 899 2391 qui
918 2353 1063 2390 sequor
1082 2345 1137 2388 te;
1154 2353 1274 2390 quare
1286 2345 1303 2378 ²?

275 2409 368 2457 quia
398 2411 440 2445 tu
458 2407 555 2444 mihi
574 2417 838 2455 praeoperans3
860 2408 904 2442 In
924 2408 1066 2450 semita,
1087 2405 1242 2453 supple,
1263 2405 1304 2441 in

275 2483 354 2520 qua
371 2480 592 2519 prosequor
615 2472 670 2515 te;
693 2469 840 2516 quare?
863 2467 956 2515 quia
975 2469 1016 2504 tu
1036 2466 1132 2503 mihi
1164 2477 1305 2514 coope-

273 2544 386 2580 rans3
417 2532 674 2568 Mandatorum
707 2534 868 2576 tuorum,
906 2528 1059 2576 supple,
1094 2528 1134 2564 in
1161 2529 1304 2576 quibus

274 2595 344 2632 tibi
375 2594 593 2641 obsequor3
616 2593 768 2640 quare?
789 2592 883 2639 quia
911 2594 953 2627 tu
980 2589 1217 2636 mandator,
1239 2593 1305 2627 aut

277 2658 498 2704 imperans;
522 2656 617 2698 Quia
646 2657 764 2701 ipsam
794 2655 891 2690 volui
913 2665 921 2689 :
956 2652 1116 2700 supple,
1144 2655 1305 2700 propter

276 2722 327 2763 te,
349 2729 468 2766 quem
496 2716 684 2764 consequi
714 2715 860 2762 malui;
891 2725 1014 2763 quare
1029 2714 1047 2750 ‘I
1068 2714 1162 2761 quia
1181 2716 1222 2750 tu
1241 2725 1303 2751 re-

276 2790 501 2818 munerans.

643 2875 858 2905 VERSICULUS
883 2875 933 2901 tv.

325 2969 384 3006 36.
397 2968 538 3004 Inclina
552 2977 743 3011 cormeum,
759 2968 828 3002 etc.
841 2965 1047 3013 Propalata
1059 2965 1306 3012 complacen-

278 3032 330 3069 tia
351 3030 448 3078 legis
466 3030 506 3066 in
526 3029 650 3066 tribus
669 3027 868 3065 versiculis
887 3028 960 3064 sul)
980 3028 1103 3065 tribus
1121 3029 1306 3066 circums-

278 3093 421 3138 tantiis,
439 3093 534 3140 puta
546 3092 663 3138 prout
677 3089 949 3125 desiderabilis
963 3117 974 3135 ,
994 3090 1306 3137 considerabilis,

281 3154 494 3203 operabilis
508 3167 518 3197 ς
534 3153 596 3189 hie
615 3151 846 3199 propalatur
862 3150 1002 3186 eadem
1023 3151 1306 3198 complacentia

280 3218 353 3254 sub
382 3219 520 3264 quarta
541 3213 830 3250 circumstantia
843 3239 855 3256 ,
875 3215 970 3259 puta
989 3215 1107 3259 prout
1125 3224 1306 3250 remune-

280 3280 428 3317 rabilis.
456 3279 737 3315 Remuneratur
766 3278 896 3311 autem
921 3275 961 3311 in
987 3276 1164 3322 personis
1193 3276 1308 3312 disei-

281 3342 453 3390 plinatis,
472 3339 674 3385 ordinatis,
695 3337 937 3383 illuminatis,
961 3335 1275 3373 incontaminatis
1297 3349 1304 3373 :

331 3443 336 3458 ¹
360 3440 463 3476 Rom„
483 3445 544 3477 vn,
567 3438 617 3468 18.
633 3452 672 3459 —
692 3435 703 3454 ²
717 3433 807 3466 Psal.
825 3441 944 3474 xxmx,
964 3435 995 3476 9,
1014 3451 1055 3458 —
1073 3434 1084 3453 ³
1099 3434 1244 3475 Philip..
1268 3444 1307 3477 ιι,

288 3488 338 3519 13.
361 3502 395 3508 -
420 3484 434 3505 ¹·
457 3487 566 3522 Prov„
586 3489 663 3523 xxi,
695 3485 724 3514 1.
752 3499 792 3507 -
814 3482 827 3504 ⁵
850 3482 961 3521 Prov„
989 3488 1034 3521 Π,
1063 3483 1092 3512 3.
1118 3498 1157 3505 -
1181 3482 1194 3503 ⁶
1217 3482 1307 3514 Psal.

286 3534 366 3573 hoc,
391 3532 462 3563 112.

963 275 1237 319 EXPOSITIO
1268 273 1321 316 ΙΝ
1350 273 1702 317 PSALTERIUM.

1369 364 1513 412 quibus
1544 366 1753 413 respondet
1782 375 1916 402 versus
1940 365 2139 413 praesentis
2158 365 2394 403 continentia

1369 427 1701 474 quadrimembris
1723 440 1731 465 ε
1754 429 1842 466 dico
1869 430 2000 465 autem
2014 438 2204 476 personas
2225 427 2393 476 discipli-

1367 491 1491 534 natas,
1511 493 1690 537 respectu
1705 490 1966 536 exteriorum3
1983 489 2196 536 ordinatas,
2216 491 2394 537 respectu

1368 549 1598 587 interiorum
1614 564 1623 597 ;
1644 551 1896 598 illuminatas,
1917 554 2095 600 respectu
2118 551 2366 600 superiorum
2382 564 2393 596 3

1369 611 1693 650 incontaminatas
1709 642 1721 658 ,
1741 617 1919 661 respectu
1939 613 2181 651 inferiorum.

1706 717 1896 754 Articulus
1916 719 2068 764 prim-us.

1419 798 1546 834 Prima
1578 797 1772 845 conditio,
1805 799 1949 836 seilicet
1983 798 2267 846 disciplinatio,
2299 808 2399 845 prae—

1369 859 1512 904 fertur,
1533 870 1623 896 cum
1649 860 1830 897 scribitur
1851 872 1859 897 ε
1888 862 2029 897 Inclt'na
2043 873 2053 907 ;
2087 860 2157 897 ubi
2182 858 2401 907 postulatur

1372 932 1394 957 a
1415 923 1489 957 Deo
1521 921 1735 968 inclinatio,
1757 933 1844 970 quae
1871 925 1926 959 est
1945 921 2243 970 disciplinabilis
2269 921 2402 970 dispo·

1372 982 1459 1019 sitio
1498 995 1506 1019 :
1546 994 1639 1020 nam
1682 994 1856 1030 personae
1893 984 2148 1032 disciplinatae
2183 983 2403 1032 procedunt

1371 1044 1546 1081 vultibus
1575 1045 1768 1082 inclinatis
1782 1059 1793 1093 3
1824 1046 1922 1083 sieut
1944 1046 2265 1094 indisciplinatae,
2288 1045 2403 1082 verti-

1373 1107 1485 1143 cibus
1504 1108 1706 1155 supinatis.
1734 1111 1777 1145 Et
1802 1111 1914 1155 nota,
1945 1108 2055 1156 quod
2083 1107 2267 1145 Dominus
2288 1106 2402 1144 disci-

1371 1169 1510 1216 plinat‚
1532 1171 1568 1205 et
1589 1169 1879 1217 disciplinando
1902 1170 2062 1206 inclinat
2089 1169 2284 1217 praelatos,
2306 1178 2402 1205 eon-

1372 1231 1646 1278 templativos,
1678 1232 1843 1278 activos,
1880 1232 2025 1268 scilicet
2059 1231 2111 1268 ad
2148 1230 2402 1279 imperanda,

1374 1292 1684 1338 consideranda,
1705 1293 1922 1340 operanda.
1954 1295 2004 1330 De
2023 1293 2151 1340 primo
2169 1293 2182 1314 ·''
2213 1304 2221 1328 ε
2258 1305 2275 1326 «
2302 1291 2406 1329 Sicut

1374 1354 1587 1391 divisiones
1621 1365 1829 1402 aquarum,
1868 1355 1922 1391 ita
1961 1365 2028 1391 cor
2065 1353 2168 1400 regis
2205 1354 2247 1389 in
2283 1363 2405 1390 manu

1374 1416 1528 1452 Domini
1537 1429 1548 1462 ;
1570 1427 1824 1464 quocumque
1836 1415 2020 1462 voluerit,
2034 1414 2238 1452 inclinabit
2245 1414 2346 1451 illud
2359 1427 2370 1460 3
2384 1428 2402 1449 ι)

1375 1488 1420 1514 ac
1451 1477 1481 1514 si
1508 1478 1701 1515 diceretur
1722 1481 1883 1526 aperte:
1910 1478 2013 1515 Sicut
2043 1477 2155 1514 facile
2174 1479 2230 1514 est
2255 1475 2408 1514 homini

1375 1550 1522 1588 aquam
1543 1540 1778 1588 cuicumque
1798 1540 1966 1578 voluerit
1983 1539 2194 1588 propinare
2203 1551 2214 1585 ;
2230 1538 2282 1576 ita
2293 1537 2407 1575 facile

1376 1605 1432 1639 est
1469 1603 1604 1639 manui
1641 1603 1795 1640 Domini
1834 1614 1901 1639 eor
1938 1601 2116 1650 praelati,
2155 1610 2408 1649 quocumque

1375 1665 1563 1710 voluerit,
1584 1665 1784 1702 inclinare.
1816 1665 1991 1701 Felieiter
2018 1663 2209 1711 imperat,
2234 1662 2302 1709 qui
2321 1662 2406 1699 tali-

1375 1729 1433 1763 ter
1452 1726 1684 1768 inclinatum
1701 1726 1909 1763 salubriter
1927 1725 2185 1772 obtemperat,
2201 1724 2264 1761 cui
2282 1723 2409 1761 taliter

1375 1789 1600 1837 imperatur.
1629 1790 1680 1825 De
1708 1789 1882 1825 seeundo
1903 1790 1916 1811 5
1945 1800 1953 1824 ;
1986 1801 2004 1821 «
2027 1787 2174 1824 inclina
2198 1796 2265 1823 cor
2296 1788 2408 1823 tuum

1377 1851 1429 1888 ad
1450 1851 1766 1897 cognoscendam
1791 1850 2056 1898 prudentiam.
2077 1849 2195 1885 Plane
2215 1848 2314 1884 sieut
2339 1857 2409 1884 vas

1378 1913 1578 1950 artificiale
1606 1923 1687 1950 non
1717 1914 1846 1959 potest
1868 1912 2024 1948 haurire
2056 1920 2203 1958 aquam
2234 1909 2283 1946 de
2302 1908 2409 1946 fonte

1377 1975 1623 2022 supinatum,
1654 1974 1724 2011 sed
1750 1973 2003 2019 inclinatum,
2026 1973 2079 2009 sic
2104 1983 2176 2010 nec
2203 1983 2272 2009 vas
2291 1972 2408 2009 ratio-

1377 2037 1482 2081 nale,
1514 2036 1659 2073 scilicet
1692 2047 1773 2082 cor,
1808 2038 1935 2084 potest
1964 2035 2140 2083 accipere
2171 2044 2319 2082 aquam
2350 2044 2409 2072 sa-

1376 2098 1531 2146 pientiae
1553 2098 1602 2135 de
1620 2098 1726 2135 fonte
1745 2098 1949 2145 Scripturae
1969 2096 2318 2144 indisciplinatum,
2339 2095 2409 2132 sed

1380 2160 1682 2208 disciplinatum.
1707 2162 1757 2196 De
1790 2159 1902 2196 tertio
1926 2159 2076 2196 canitur
2094 2160 2108 2182 ⁶
2130 2171 2137 2195 :
2175 2171 2193 2193 «
2223 2158 2410 2196 Inclinavi

1380 2232 1448 2258 eor
1470 2232 1603 2258 meum
1623 2221 1676 2258 ad
1695 2221 1897 2258 faciendas
1921 2220 2220 2267 J‘ustifieationes
2242 2232 2251 2256 ε
2271 2233 2289 2255 »
2313 2219 2410 2257 sieut

1378 2283 1587 2320 inclinatur
1607 2283 1862 2330 corporaliter
1887 2282 2083 2319 fabricans
2109 2283 2161 2319 ad
2188 2281 2411 2319 fabricatio-

1379 2355 1484 2390 nem,
1505 2344 1559 2380 sic
1589 2344 1751 2381 inclinat
1783 2344 1829 2391 (a)
1851 2343 2104 2391 spiritualiter
2120 2342 2338 2390 J'ustificans
2356 2342 2409 2380 ad

1375 2406 1708 2452 J'ustifieationem.
1750 2406 1860 2442 Unde
1902 2405 2097 2453 praedictae
2137 2404 2409 2442 inclinationes

1380 2471 1468 2504 sunt
1482 2467 1698 2516 disciplinas
1718 2467 2015 2513 insinuationes,
2038 2478 2125 2514 quaa
2143 2468 2233 2504 sunt
2249 2466 2409 2503 interius

1380 2530 1598 2567 secundum
1636 2529 1942 2577 incoeptionem,
1982 2529 2151 2566 exterius
2193 2528 2411 2565 seeundum

1379 2592 1695 2640 perceptionem3
1729 2591 1919 2640 quoniam
1948 2591 1990 2628 in
2015 2591 2134 2627 corde
2154 2590 2411 2637 originantur,

1381 2654 1450 2691 sed
1470 2655 1510 2691 in
1535 2665 1700 2702 corpore
1722 2655 2043 2690 consummantur
2065 2664 2073 2688 :
2107 2651 2279 2700 ideoque
2303 2650 2413 2688 incli-

1380 2717 1488 2753 natio
1526 2716 1744 2754 secundum
1779 2716 1838 2752 sui
1872 2714 2176 2762 completionem
2209 2714 2261 2751 acl
2298 2712 2412 2750 disci-

1381 2778 1532 2825 plinam
1553 2768 1700 2826 spectat
1720 2777 1966 2814 exteriorem.

1695 2882 1883 2918 Articulus
1909 2880 2093 2918 secundus.

1429 2965 1608 3003 Secunda
1632 2965 1806 3002 conditio
1821 2993 1832 3011 ,
1866 2965 2050 3002 videlieet
2079 2964 2299 3013 ordinatio,
2320 2976 2411 3013 pro-

1381 3027 1513 3073 fertur,
1542 3038 1632 3064 eum
1665 3026 1806 3064 dicitur
1839 3039 1847 3062 :
1889 3028 1954 3065 Cor
1985 3038 2112 3064 meum.
2153 3027 2223 3065 Ubi
2256 3030 2410 3065 notatur

1383 3089 1600 3137 diseiplinae
1627 3088 1829 3126 forinsecae
1853 3088 2169 3135 fundamentum,
2189 3088 2231 3125 id
2255 3091 2323 3134 est,
2344 3099 2411 3125 cor

1382 3161 1463 3187 non
1485 3150 1705 3196 obligatum
1727 3149 1778 3186 ad
1797 3150 2034 3198 supplicium
2049 3179 2060 3196 ,
2081 3160 2162 3187 non
2182 3149 2411 3187 translatum

1383 3213 1423 3248 in
1443 3213 1614 3249 alienum
1640 3207 1884 3257 dominium,
1911 3212 2022 3260 quod
2045 3214 2102 3248 est
2127 3210 2407 3248 inordinatum.

1384 3276 1426 3310 Et
1444 3276 1537 3310 neta
1551 3302 1562 3320 ,
1585 3274 1695 3320 quod
1727 3284 1808 3310 eorv
1822 3275 1948 3321 potest
1968 3283 2049 3309 esse
2077 3272 2276 3320 tripliciter
2307 3271 2410 3307 inor-

1384 3337 1561 3374 dinatum
1583 3349 1591 3373 :
1614 3339 1709 3383 puta
1735 3337 1927 3383 quantum
1949 3335 2002 3371 ad
2020 3336 2164 3380 Deum,
2185 3343 2256 3381 per
2279 3342 2410 3379 super-

1383 3398 1492 3435 biam
1505 3400 1738 3453 [quantum
1761 3395 1813 3433 ad
1832 3395 2058 3444 proximum
2072 3421 2084 3439 ,
2104 3405 2173 3441 per
2197 3393 2406 3441 invidiam,

1428 3530 1471 3571 (α)
1499 3530 1577 3562 Caet.
1599 3529 1679 3563 edil.
1706 3529 1893 3561 inclinatur.
