2633 3878
1048 249 1288 293 PSALMUS
1319 251 1490 295 CXVIII.
2265 260 2343 300 409

206 340 378 388 gentiam
397 340 456 378 sui
477 342 607 378 status
635 352 652 374 «
672 339 878 387 Aperiebat
897 339 1003 376 enim
1024 339 1032 360 ¹
1056 339 1095 376 in
1114 350 1233 388 para-

204 402 308 439 bolis
329 414 373 440 os
393 414 527 448 suum,
548 416 565 437 ι)
589 402 683 450 quia
704 412 784 438 non
818 404 875 438 est
901 401 1089 449 possibile
1124 401 1235 438 aliter

205 465 321 502 nobis
344 466 473 502 lucerc
503 465 683 501 divinum
714 463 870 500 radium
897 491 908 509 ,
939 463 1012 500 nisi
1044 464 1231 500 varietate

204 537 405 564 sacrorum
442 527 683 564 velaminum
722 526 938 572 anagogice
977 526 1232 562 circumvela-

204 592 307 635 tum,
326 589 424 626 sicut
455 589 637 626 asseritur
663 600 685 625 a
715 589 898 635 Dionysio
921 587 945 623 ².
971 591 1064 625 Ecce
1087 597 1233 634 coagu—

203 651 296 688 latio
318 651 565 695 doctrinalis,
586 661 665 698 qua
684 651 859 698 potentia
879 651 1129 688 informativa
1149 661 1233 687 ma·

201 715 310 762 gistri
329 725 369 752 se
398 714 601 752 collimitat
633 716 670 751 et
698 712 918 750 conformat
950 714 1134 762 potentiae
1166 724 1234 761 ap-

200 777 445 825 prehensivae
464 776 659 825 discipuli.

519 882 704 918 Articulus
728 881 915 918 secundus.

246 970 441 1013 Quantum
475 968 527 1004 ad
555 967 800 1011 secundum,
828 967 1004 1014 sequitur
1034 979 1041 1003 :
1073 969 1139 1004 Cor
1175 977 1232 1003 eo-

198 1042 298 1077 rum,
319 1031 361 1067 id
379 1033 460 1076 est,
480 1030 659 1067 voluntas
679 1040 817 1066 eorum
832 1058 842 1075 ‚
865 1040 933 1065 scu
956 1029 1087 1075 potius
1112 1028 1234 1065 male-

199 1093 396 1138 volentia,
434 1103 555 1140 quam
597 1092 753 1138 instigat
790 1092 967 1139 ipsorum
1005 1091 1233 1128 daemonum

198 1155 360 1193 malitia.
377 1156 438 1192 Est
451 1158 582 1191 autem
598 1155 735 1202 triplex
750 1154 900 1190 malum
914 1154 954 1190 in
970 1153 1232 1199 daemonibus,

199 1218 308 1266 quod
328 1217 500 1265 assignat
519 1217 657 1254 beatus
687 1216 894 1264 Dionysius
915 1217 927 1237 ³³
957 1227 964 1252 :
988 1219 1104 1264 puta,
1125 1215 1234 1252 furor

197 1279 500 1325 irrationabilis,
540 1280 702 1316 demens
732 1278 1071 1326 concupiscentia,
1106 1277 1233 1325 phan-

197 1342 294 1379 tasia
334 1345 528 1390 proterva.
571 1342 678 1378 Unde
719 1341 966 1387 notandum,
1017 1341 1127 1388 quod
1166 1351 1234 1378 cor

198 1405 442 1442 diabolicum
477 1404 618 1452 legitur
645 1404 922 1449 immutatum,
953 1403 1230 1451 ingravatum,

197 1467 455 1504 induratum:
495 1467 717 1503 immutatio
755 1468 904 1514 spectat
940 1466 992 1503 ad
1023 1465 1232 1503 irrationa-

195 1529 317 1567 bilem
348 1529 514 1575 suriam3
548 1529 789 1575 ingravatio,
812 1529 862 1565 ad
893 1529 1116 1566 dementem
1141 1539 1233 1566 con-

196 1591 502 1639 cupiscentiam3
534 1591 759 1637 induratio,
781 1591 833 1628 ad
863 1591 1111 1639 phantasiam
1141 1602 1233 1639 pro-

195 1657 359 1691 tervam.
400 1656 450 1691 De
488 1653 650 1701 primo‘0
686 1665 694 1689 ε
733 1666 752 1687 «
788 1656 1037 1690 immutatum
1071 1656 1126 1690 est
1164 1663 1232 1690 cor

194 1716 432 1762 Pharaonis,
455 1720 491 1753 et
510 1726 716 1753 servorum
737 1716 820 1763 eJ'us
841 1726 959 1763 super
982 1716 1190 1764 populum.
1210 1730 1227 1749 »

35 1788 159 1815 Pharao.
193 1781 263 1816 Pcr
290 1779 536 1816 Pharaonem
564 1778 722 1826 AEgypti
748 1778 966 1826 principem
983 1805 994 1823 ,
1027 1778 1122 1825 quid
1156 1778 1231 1814 nisi

65 1857 175 1891 ffigyp-
193 1841 376 1889 princeps
404 1841 656 1877 tenebrarum
690 1840 896 1887 signatur?
917 1842 1093 1886 AEyyptus
1125 1840 1230 1877 enim

32 1898 91 1923 tus·

193 1904 363 1942 tenebrae
400 1903 674 1951 interpretatur
704 1914 713 1938 τ
750 1913 838 1939 ecce
877 1913 946 1939 cor
985 1903 1229 1940 diabolicum

191 1967 455 2003 immutatum.
486 1967 536 2003 De
563 1965 737 2002 secundo
767 1966 779 1987 ⁵
809 1977 817 2001 :
856 1978 873 1998 «
901 1967 1153 2012 Ingravatum
1175 1968 1232 2002 est

192 2040 260 2066 cor
279 2029 506 2073 Pharaonis,
529 2030 566 2064 et
584 2039 665 2065 non
686 2028 832 2065 dimisit
850 2027 1047 2076 populum
1072 2038 1081 2063 :
1102 2041 1119 2063 »
1140 2038 1229 2065 ecce

191 2102 260 2128 cor
281 2091 525 2128 diabolicum
551 2092 816 2139 ingravatum.
849 2095 899 2128 De
920 2091 1033 2129 tertio
1053 2092 1066 2113 ⁶
1085 2103 1094 2129 τ
1122 2104 1140 2125 κ
1166 2092 1228 2128 ln-

192 2153 378 2191 duratum
393 2156 450 2191 est
464 2164 532 2192 cor
547 2154 774 2199 Pharaonis,
791 2157 827 2191 et
841 2164 922 2191 non
938 2154 1090 2191 audivit
1103 2164 1190 2192 eos:
1206 2168 1223 2190 ι)

192 2226 281 2254 ecce
301 2227 370 2255 cor
389 2217 634 2255 diabolicum
654 2216 898 2255 induratum.

533 2324 722 2360 Articulus
750 2325 890 2360 tertius.

238 2408 434 2452 Quantum
469 2406 521 2443 ad
557 2406 732 2451 tertium,
768 2407 950 2443 scribitur
987 2419 996 2443 ε
1035 2408 1110 2454 qu
1147 2420 1227 2446 vero

192 2470 301 2513 Iegem
322 2470 420 2503 tuam
434 2495 446 2512 ,
468 2477 557 2515 quse
575 2467 787 2514 persuadet
813 2468 1057 2516 patientiam,
1079 2470 1229 2507 dissua-

192 2529 257 2567 det
285 2529 596 2578 impatientiam,
628 2529 726 2566 sicut
759 2530 933 2567 declarat
966 2531 1052 2568 lucc
1085 2532 1228 2570 clarius

191 2595 272 2630 tam
288 2592 453 2638 veteris,
471 2602 592 2640 quam
611 2602 725 2629 nova}
745 2592 840 2639 legis
861 2597 1057 2641 aspectus,
1082 2595 1122 2631 in
1144 2606 1225 2643 quo

190 2655 386 2703 patientiae
421 2655 630 2702 levigatio,
666 2659 701 2692 et
734 2655 886 2702 patiens
923 2660 1144 2704 provectus.
1185 2661 1228 2696 Et

190 2720 298 2762 nota,
319 2717 507 2766 quodlcx
528 2718 642 2755 docet
663 2718 755 2754 vitia
771 2719 920 2765 sugere,
940 2720 1051 2757 utilia
1067 2721 1226 2767 eligere,

190 2781 327 2828 gravia
347 2791 420 2828 pro
442 2780 607 2817 Domino
626 2781 815 2817 sustinere
833 2794 840 2817 ;
860 2793 1031 2829 quorum
1052 2784 1226 2831 primum

191 2846 246 2880 est
280 2843 441 2890 justitiae
477 2842 738 2888 initiativum3
778 2844 1024 2889 secundum,
1061 2857 1228 2893 provec-

190 2905 332 2951 tivum3
353 2905 508 2942 tertium
534 2904 804 2952 perfectivum.
831 2908 878 2943 uo
898 2907 1027 2954 primo
1049 2909 1062 2930 ⁷
1084 2920 1092 2943 ε
1121 2921 1138 2942 «
1159 2911 1227 2946 Per

190 2968 320 3013 legem
353 2967 459 3003 enim
490 2967 663 3014 cognitio
693 2969 843 3015 peccati
882 2982 889 3004 :
922 2982 941 3003 n
965 2980 1054 3006 ecce
1091 2971 1225 3009 vitium

190 3028 437 3075 fugiendum.
472 3030 522 3066 De
551 3030 726 3067 secundo
761 3031 774 3053 ⁸
803 3043 811 3066 :
844 3032 1022 3068 «Probas
1052 3033 1224 3080 utiliora,

190 3091 397 3127 instructus
416 3101 487 3138 per
506 3090 633 3137 legem
657 3105 665 3128 :
696 3107 712 3125 »
743 3103 831 3129 ecce
858 3093 950 3129 utile
981 3094 1222 3140 eligendum.

190 3156 241 3190 De
278 3153 389 3190 tertio
418 3153 600 3189 scribitur
630 3155 644 3175 ⁹
675 3166 684 3190 ε
718 3168 735 3188 ι(
765 3157 924 3203 Propter
955 3156 1083 3202 legem
1116 3161 1224 3196 tuam

190 3215 354 3252 sustinui
387 3218 439 3260 te,
475 3215 657 3260 Domine,
692 3230 709 3250 »
747 3217 908 3264 supple,
949 3228 1224 3264 persuasorem

188 3276 404 3324 patientiae:
420 3287 510 3314 ecce
526 3288 646 3324 grave
663 3288 736 3325 pro
755 3279 920 3315 Domino
935 3280 1220 3321 sustinendum.

234 3391 399 3429 ¹Mattlz„
421 3398 504 3431 xm,
533 3392 585 3423 35.
616 3408 649 3412 —
682 3391 692 3409 ²
721 3391 832 3430 Dion.,
859 3391 901 3423 de
927 3392 1008 3424 (ἀεὶ.
1038 3394 1222 3431 nieman—la„

191 3446 220 3469 c.
254 3445 288 3468 ιι.
322 3455 356 3461 -
389 3438 402 3460 ³
432 3438 496 3476 Ιώ,
527 3437 569 3469 de
605 3439 679 3470 Div.
710 3439 823 3478 Nom„
854 3449 882 3471 c.
915 3448 960 3472 lv.
993 3458 1027 3463 —-
1061 3441 1074 3462 ⁶
1103 3443 1222 3483 It'aeod„

190 3491 260 3522 xw,
287 3486 316 3517 5.
348 3503 382 3508 -
417 3485 430 3507 Β
456 3485 576 3523 Εποό.,
607 3493 660 3525 lx,
693 3488 723 3517 7.
749 3503 788 3509 —
816 3487 830 3508 ⁶
855 3487 976 3528 Eoeod„
1014 3495 1082 3525 vu,
1113 3492 1161 3522 13.
1183 3508 1223 3514 -—

193 3529 202 3547 ⁷
221 3531 324 3573 Rom„
344 3539 397 3573 ιιι,
412 3533 464 3564 20.
478 3548 519 3556 —
535 3532 550 3554 ⁸
568 3533 674 3573 Rom„
692 3541 733 3574 11,
752 3534 801 3566 ¹8·
824 3551 858 3557 -
880 3534 894 3557 ⁹
911 3534 1005 3568 Psal.
1028 3543 1145 3578 cxxxx,
1167 3539 1220 3570 44.

1644 387 1827 424 Articulus
1853 393 2018 434 quartus.

1360 468 1555 511 Quantum
1585 468 1633 505 ad
1665 473 1876 516 quartum,
1900 471 2082 508 subditur
2103 484 2110 507 :
2142 474 2344 510 Merlitatus

1311 539 1387 564 sum
1412 542 1419 565 :
1459 540 1546 567 ecco
1580 531 1735 568 victoris
1771 535 1960 579 aspectus.
1993 534 2067 569 Sed
2102 538 2195 571 nota
2209 562 2217 576 ‚
2239 537 2345 582 quod

1312 600 1393 627 non
1425 591 1672 639 simpliciter,
1707 594 1777 631 scd
1812 595 2079 643 multipliciter
2115 598 2343 644 meditatus,

1313 655 1503 700 quantum
1534 655 1586 691 ad
1615 655 1748 693 divina
1776 657 1990 703 beneficia,
2021 658 2195 695 humana
2223 660 2346 696 male-

1312 714 1415 760 ficia,
1437 718 1474 752 et
1493 716 1627 753 divina
1642 718 1793 764 judicia
1815 731 1823 755 :
1841 731 2012 768 quorum
2032 721 2114 757 haec
2132 722 2345 768 praeterita,

1311 778 1392 814 haec
1411 779 1629 825 praesentia,
1650 780 1731 816 haec
1752 781 1767 816 s
1771 785 1896 819 utura.
1921 784 1971 819 Dc
1991 783 2129 831 primis
2145 783 2347 822 psalmista

1314 840 1406 877 dicit
1422 840 1476 877 ¹⁰:
1505 854 1522 875 «
1542 842 1744 879 Meditatus
1771 855 1859 879 sum
1888 844 1927 880 in
1949 845 2134 882 omnibus
2161 846 2348 893 operibus

1312 902 1404 948 tuis,
1427 916 1443 937 n
1474 904 1610 951 quoad
1630 905 1824 942 beneficia
1843 907 2047 953 praeterita.
2081 910 2130 944 Dc
2151 907 2237 944 aliis
2258 910 2348 945 Pro-

1310 965 1426 1012 pheta
1438 965 1570 1013 psallit
1585 966 1608 987 ¹¹
1625 978 1633 1003 :
1653 980 1670 1000 «
1684 967 1887 1004 Meditatus
1900 979 1986 1004 sum
2000 971 2113 1006 nocte
2128 980 2217 1006 cum
2229 970 2348 1007 corde

1311 1037 1420 1073 me03
1433 1041 1450 1061 n
1467 1030 1503 1064 et
1515 1028 1591 1065 hoc
1607 1029 1742 1076 quoad
1756 1029 1950 1068 maleficia
1962 1031 2178 1079 praesentia.
2193 1033 2243 1068 De
2257 1032 2344 1068 reli-

1312 1089 1400 1137 quis
1420 1090 1446 1111 ¹²
1468 1101 1477 1126 :
1507 1103 1523 1124 «
1544 1093 1586 1127 in
1604 1102 1791 1129 mensura
1823 1096 1960 1130 contra
1984 1103 2211 1130 mensuram
2225 1122 2236 1139 ,
2259 1105 2349 1131 cum

1311 1152 1464 1199 abJecta
1482 1152 1618 1199 fuerit,
1636 1154 1832 1201 judicabit
1861 1165 1970 1201 eam,
1999 1155 2210 1192 meditatus
2230 1159 2286 1192 est
2309 1156 2349 1193 in

1311 1214 1447 1262 spiritu
1467 1226 1538 1253 suo
1566 1216 1690 1262 duro,
1712 1231 1728 1250 »
1763 1219 1858 1261 etc.‚
1878 1217 2015 1265 quoad
2030 1217 2180 1264 judicia
2207 1217 2349 1264 futura,

1311 1287 1537 1314 mensuram
1557 1289 1684 1325 poenae
1705 1282 1841 1316 contra
1860 1289 2088 1316 mensuram
2103 1280 2228 1329 culpae
2245 1291 2350 1328 mys-

1312 1340 1395 1377 tieae
1416 1341 1462 1388 (a)
1487 1342 1639 1379 Domini
1653 1342 1777 1379 vineae
1795 1343 2052 1380 reddituram.

1745 1450 1917 1492 Epilogus.

1361 1533 1411 1566 Ex
1430 1530 1625 1577 praedictis
1642 1534 1768 1579 potest
1785 1532 1998 1569 clarescere
2019 1544 2131 1570 mens
2148 1535 2349 1581 Prophetoe

1310 1593 1567 1640 proponentis
1586 1594 1790 1631 victoriam
1821 1596 2021 1632 tentatoris
2037 1624 2047 1641 ,
2071 1599 2107 1632 et
2125 1596 2288 1633 dicentis
2308 1598 2349 1634 in

1313 1665 1485 1702 persona
1500 1656 1682 1692 victoris:
1706 1657 1943 1702 coagulatum
1959 1661 2008 1693 esc
2024 1660 2117 1694 sicut
2139 1659 2207 1702 lac,
2229 1669 2350 1707 quan-

1308 1719 1393 1753 tum
1427 1717 1478 1753 ad
1510 1718 1711 1755 tentatoris
1733 1721 1769 1754 et
1795 1718 2006 1755 satellitum
2035 1720 2118 1765 ejus
2139 1719 2349 1766 defectum,

1310 1789 1390 1827 quo
1411 1778 1553 1826 ligatur
1579 1791 1718 1817 eorum
1749 1781 1944 1828 potentia;
1979 1781 2046 1817 Cor
2066 1792 2204 1828 eorum,
2227 1793 2350 1830 quan-

1310 1844 1394 1877 tum
1416 1842 1467 1878 ad
1485 1842 1683 1887 effectum,
1707 1854 1787 1890 (guo
1807 1843 2012 1890 instigatur
2030 1844 2206 1891 ipsorum
2227 1846 2350 1882 male-

1310 1904 1505 1947 volentia;
1539 1906 1612 1950 Εῃο
1639 1916 1720 1941 vero
1745 1908 1852 1951 quem
1881 1910 2001 1952 tuam,
2032 1907 2166 1954 quoad
2194 1907 2350 1945 victoris

1307 1969 1556 2013 provectum,
1577 1978 1658 2014 quo
1679 1967 1870 2013 levigatur
1891 1969 1975 2015 ejus
1993 1968 2203 2015 patientia3
2233 1971 2349 2006 Medi-

1310 2031 1405 2064 tatus
1425 2039 1502 2065 sum
1515 2056 1527 2074 ,
1545 2029 1679 2076 quoad
1696 2029 1819 2077 ipsius
1840 2032 2065 2077 aspectum,
2086 2041 2166 2077 quo
2187 2031 2347 2069 investi-

1308 2094 1422 2137 gatur
1443 2091 1651 2139 sapientIa,
1672 2103 1743 2140 per
1763 2103 1884 2140 quam
1903 2093 2070 2131 vincitur
2089 2094 2250 2132 malitia.

1670 2241 1892 2269 VERSICULUS
1916 2243 1980 2269 vn.

1353 2347 1410 2382 71.
1432 2346 1568 2381 Romam
1586 2345 1697 2391 mihi,
1719 2347 1806 2390 quia
1825 2345 2032 2382 humiliasti
2058 2356 2134 2393 me,
2153 2349 2224 2384 etc.
2260 2349 2347 2385 Post

1304 2407 1561 2455 praecedentis
1601 2407 1907 2444 conservationis
1940 2408 2109 2455 indicia,
2142 2420 2230 2457 quse
2258 2412 2347 2447 sunt

1305 2469 1528 2505 tentationis
1566 2469 1805 2514 resistentia,
1847 2472 1884 2506 et
1918 2470 2120 2507 tentatoris
2158 2471 2344 2517 victoria,

1304 2531 1482 2579 sequitur
1503 2531 1680 2576 tertium,
1699 2531 1810 2578 quod
1837 2534 1894 2568 est
1911 2533 2061 2580 peccati
2081 2532 2341 2580 displicentia,

1305 2605 1393 2642 quae
1411 2594 1604 2642 probatur
1630 2593 1670 2629 in
1698 2593 1775 2630 hoc
1805 2605 1942 2640 versu,
1963 2595 2067 2631 velut
2091 2605 2115 2631 a
2145 2596 2343 2633 contrario

1303 2667 1431 2693 sensu.
1466 2657 1562 2692 Nam
1602 2655 1793 2702 probato,
1828 2656 1939 2703 qnod
1979 2656 2270 2704 beneplacitum
2297 2658 2345 2694 sit

1303 2718 1526 2764 humiliari,
1556 2717 1799 2763 illuminari,
1829 2718 2054 2765 justificari,
2083 2730 2130 2756 ex
2160 2720 2343 2767 opposito

1302 2782 1507 2829 probatur,
1527 2779 1636 2828 quod
1653 2780 1946 2828 maleplacitum
1974 2781 2021 2817 sit
2049 2781 2191 2827 inflari,
2214 2782 2343 2819 obem-

1303 2843 1396 2890 cari,
1420 2842 1668 2891 praevaricari
1688 2855 1697 2878 :
1721 2853 1893 2890 quorum
1909 2843 2084 2891 primum
2106 2844 2271 2891 pertinet
2289 2843 2342 2880 ad

1302 2905 1606 2951 remorsionem3
1642 2904 1890 2951 secundum,
1923 2905 1974 2942 ad
2013 2905 2338 2946 delectationem:

1303 2968 1480 3013 tertium,
1502 2967 1554 3003 ad
1578 2966 1871 3012 assensionem;
1897 2970 2079 3015 quartum
2094 2994 2105 3013 ,
2126 2967 2178 3006 ad
2198 2977 2339 3016 opera-

1303 3031 1464 3068 tionem.

1642 3078 1825 3114 Articulus
1851 3079 2002 3124 primus.

1349 3156 1407 3194 Ad
1445 3155 1736 3203 heneplacitum
1771 3154 1955 3202 respicit,
1998 3153 2108 3202 quod
2144 3153 2336 3201 Propheta

1300 3218 1476 3267 praedicit
1494 3229 1503 3254 :
1524 3219 1661 3254 Bonum
1680 3217 1773 3253 mihi
1784 3245 1795 3262 ‚
1821 3216 1933 3264 quasi
1954 3215 2058 3253 dicat
2076 3227 2084 3251 τ
2106 3214 2337 3262 Beneplacet

1300 3281 1410 3318 mihi.
1433 3280 1468 3317 Si
1489 3282 1619 3316 autem
1640 3278 1889 3327 propositum
1903 3280 1959 3315 est
1979 3276 2283 3325 beneplacitum,
2299 3279 2336 3314 et

1301 3342 1528 3392 oppositum
1566 3343 1623 3378 est
1655 3340 1964 3388 maleplacitum.
2005 3341 2047 3376 Et
2086 3338 2333 3386 notandum,

1300 3405 1411 3454 quod
1444 3404 1661 3452 perfectum
1701 3401 1994 3449 beneplacitum
2030 3401 2148 3438 debet
2183 3400 2332 3439 habere

1301 3509 1337 3513 -
1363 3490 1388 3508 ¹·
1417 3486 1504 3521 Psal.
1533 3492 1643 3525 exui,
1665 3486 1696 3515 5.
1721 3499 1760 3506 -
1785 3484 1807 3505 ¹¹
1828 3484 1917 3515 Psal.
1942 3491 2065 3524 mxxvi,
2090 3485 2119 3516 7.
2142 3501 2181 3507 —
2209 3485 2233 3507 ¹²
2253 3485 2331 3523 Isa„

1300 3544 1412 3578 xxvii,
1432 3537 1505 3568 8.—
1524 3535 1564 3575 (α)
1583 3531 1764 3565 Ειίι’τ.ῐέη.
1782 3531 1934 3573 mystica.
