2633 3878
118 1211 236 1237 Manda-

94 1254 154 1278 tum
165 1260 234 1286 quo-

120 1292 206 1319 modo

105 1341 219 1360 servan-

105 1375 185 1403 dum.

128 2561 191 2586 Duo
199 2559 249 2586 ho-

123 2608 235 2627 minum

122 2648 241 2675 genera.

256 247 331 284 534

254 331 381 378 pheta²
401 329 683 377 propositione,
705 340 784 367 non
805 332 861 366 est
882 339 981 377 opus
1003 327 1248 365 distinctione
1266 354 1277 372 ,

255 391 325 428 sed
345 390 599 438 expositione.
622 390 851 427 Audivimus
871 391 976 427 enim
1001 389 1180 426 divinum
1205 388 1278 424 im-

254 453 407 499 perium
427 455 463 488 et
478 451 668 498 judicium
683 479 694 496 ,
715 455 752 489 et
779 452 998 489 humanum
1022 451 1160 487 vitium
1186 460 1277 486 ven-

255 518 385 550 turum
415 514 454 549 in
485 513 691 559 judicium.
732 514 907 551 Vidimus
944 514 1061 550 etiam
1101 512 1277 548 divinam

254 575 516 619 voluntatem,
537 578 573 611 et
591 575 814 617 veritatem,
837 578 873 611 et
893 576 1107 611 humanam
1125 573 1279 610 temeri-

256 639 371 672 tatem
389 635 428 671 in
448 638 655 673 venturam
674 637 930 673 severitatem.

586 739 775 774 Articulus
798 741 949 785 primus.

303 820 473 856 Primum
510 820 713 856 innotescit
737 848 747 864 ,
782 830 871 856 cum
910 819 1050 856 dicitur
1085 831 1093 855 :
1132 819 1280 855 Servavi

254 881 427 917 mandata
454 884 529 917 tua.
561 880 662 924 Quid
695 881 797 917 enim
828 884 883 918 est
903 881 1082 917 divinum
1111 880 1277 916 manda-

255 945 336 978 tum
354 969 365 987 ,
397 942 470 978 nisi
501 941 642 978 divinae
674 942 884 979 voluntatis
916 942 1159 989 imperium?
1179 940 1279 984 Quid

254 1003 484 1040 mandatum
516 1013 667 1039 servare
686 1031 696 1048 ,
730 1004 803 1039 nisi
836 1003 1043 1050 imperanti
1075 1003 1279 1050 obtempe-

254 1075 338 1102 rare
357 1092 367 1109 ,
400 1068 434 1100 et
465 1064 656 1101 voluntati
689 1064 896 1110 imperanti
935 1064 1176 1100 voluntatem
1209 1064 1280 1100 ob-

255 1128 535 1173 temperantem
579 1125 823 1162 eonformare
861 1126 878 1160 ⁴?
917 1125 991 1161 Sed
1029 1126 1246 1162 notandum
1268 1153 1278 1171 ,

254 1191 421 1238 qualiter
455 1190 646 1227 debemus
678 1200 833 1226 servare
862 1190 1095 1227 mandatum
1122 1202 1129 1225 :
1164 1190 1280 1237 plane

253 1252 350 1288 sicut
368 1262 553 1298 pomum,
572 1251 670 1288 sicut
694 1251 828 1297 ficum,
850 1252 948 1288 sicut
967 1251 1117 1288 vinum.
1142 1252 1276 1296 Quem·

253 1312 473 1350 admodum
515 1313 621 1349 enim
663 1316 837 1349 servatur
877 1322 1043 1360 pomum
1085 1313 1135 1349 ad
1167 1315 1282 1349 natu-

252 1374 384 1411 raliter
416 1373 662 1410 alterandum
698 1374 861 1410 nimiam
894 1374 1070 1421 corporis
1105 1374 1281 1411 calidita-

253 1439 350 1480 tem,
372 1438 407 1472 et
426 1435 524 1471 ficus
543 1435 595 1472 ad
615 1434 863 1472 alterandum
880 1436 958 1471 oris
977 1435 1279 1482 insipiditatem,

254 1501 290 1533 et
310 1496 445 1532 vinum
474 1496 525 1532 ad
545 1495 792 1532 alterandum
814 1496 943 1533 cordis
964 1496 1221 1544 anxietatem,
1243 1497 1282 1533 in

255 1557 439 1594 eumdem
473 1556 639 1593 modum
671 1559 824 1604 oportet
861 1568 1016 1593 servare
1050 1558 1282 1594 mandatum

255 1618 306 1655 ad
327 1617 526 1655 moraliter
546 1617 791 1654 alterandum
809 1619 854 1663 (a)
873 1618 913 1653 in
929 1629 1094 1665 corpore
1108 1619 1284 1655 calidita-

256 1683 332 1716 tem
353 1678 698 1725 concupiscentiae,
719 1679 761 1714 in
788 1688 854 1714 ore
888 1679 1167 1726 insipiditatem
1194 1679 1284 1714 insi-

256 1741 432 1788 pientiae,
452 1740 492 1775 in
525 1739 643 1776 corde
674 1739 909 1775 anxietatem
941 1740 1199 1777 conscientiae.
1235 1742 1284 1777 De

255 1802 385 1850 primo
403 1804 411 1824 ¹
437 1813 444 1837 ε
467 1813 484 1834 «
504 1801 643 1838 Omnia
657 1811 779 1848 poma
793 1811 898 1837 nova
917 1805 952 1837 et
971 1805 1124 1847 vetera,
1145 1802 1283 1839 dilecte

256 1864 333 1908 mi,
355 1863 506 1899 servavi
527 1862 620 1908 tibi;
642 1876 659 1896 »
683 1863 777 1909 quia
807 1865 939 1899 vetera
967 1866 1003 1899 et
1031 1873 1136 1900 nova
1163 1874 1285 1911 poma

259 1926 346 1960 sunt
369 1923 550 1969 tieealogi
571 1926 607 1960 et
626 1923 822 1970 Evangelii
843 1923 1031 1960 mandata
1053 1937 1061 1960 :
1080 1925 1143 1961 hic
1164 1925 1284 1961 doee-

258 1996 347 2021 mur
364 1995 518 2021 servare
537 1984 790 2030 mandatum,
810 1984 907 2021 sicut
935 1995 1114 2032 pomum.
1148 1987 1199 2021 Dc
1229 1996 1286 2022 se-

260 2046 390 2083 cundo
412 2047 424 2067 ²
447 2059 454 2082 :
481 2058 498 2078 «
518 2046 589 2090 Qui
609 2049 737 2082 servat
756 2045 898 2092 ficum,
921 2046 1101 2082 comedet
1118 2045 1287 2082 fructum

260 2108 342 2153 eJus
364 2119 372 2142 :
391 2121 409 2140 n
435 2107 497 2142 hic
524 2106 712 2143 docemur
744 2117 898 2143 servare
928 2106 1159 2143 mandatum
1191 2108 1289 2144 sicut

261 2168 379 2204 ficum
401 2179 409 2203 :
434 2178 526 2203 nam
546 2167 614 2214 qui
645 2171 773 2203 servat
804 2168 1036 2204 mandatum
1064 2168 1104 2204 in
1123 2168 1199 2205 hoc
1224 2180 1289 2205 sae—

262 2230 371 2276 culo,
394 2230 562 2266 fructum
580 2229 663 2275 ejus
683 2228 865 2265 comedet
890 2229 931 2264 in
963 2229 1110 2265 futuro.
1139 2232 1188 2266 De
1212 2233 1288 2266 ter-

262 2292 316 2328 tio
338 2293 352 2314 ³
376 2304 383 2326 :
409 2303 426 2324 «
453 2291 584 2327 Omnis
613 2291 735 2326 honio
763 2290 937 2338 primum
967 2290 1120 2327 bonum
1151 2291 1290 2328 vinum

263 2352 394 2400 ponit,
420 2355 456 2388 et
475 2362 564 2388 cum
590 2351 771 2388 inebriati
801 2351 962 2398 suerint,
984 2354 1075 2388 tunc
1096 2352 1158 2397 id,
1181 2353 1291 2400 quod

265 2415 432 2452 deterius
453 2417 508 2450 est
529 2426 536 2450 ε
557 2416 597 2450 tu
628 2416 755 2450 autem
788 2414 946 2450 servasti
976 2414 1127 2450 bonum
1153 2414 1290 2451 vinum

265 2487 390 2524 usque
419 2475 561 2512 adhuc.
582 2488 600 2510 n
629 2475 695 2511 Hic
726 2475 916 2512 docemur
943 2485 1099 2511 servare
1129 2476 1293 2513 manda-

267 2542 350 2575 tum
376 2538 472 2574 sicut
501 2537 649 2573 vinum.
680 2537 787 2573 L’nde
814 2537 1040 2582 sciendum,
1061 2537 1171 2584 quod
1205 2541 1294 2574 sunt

267 2600 447 2636 homines
484 2597 673 2634 animales
698 2625 710 2643 ,
748 2601 784 2634 et
820 2597 1000 2634 homines
1038 2598 1290 2645 spirituales:

269 2660 456 2697 animales
476 2664 563 2696 sunt
593 2660 641 2696 de
665 2669 831 2695 numero
853 2659 1030 2695 omnium
1039 2671 1050 2704 3
1074 2659 1294 2706 spirituales

270 2723 318 2758 de
339 2732 504 2758 numero
524 2731 756 2768 paucorum.
790 2720 986 2756 Animales
1016 2723 1146 2756 autem
1171 2721 1297 2757 homi-

270 2793 359 2828 nes,
377 2782 443 2829 qui
464 2782 664 2827 signantur
690 2792 761 2828 per
790 2791 951 2817 omnem
969 2781 1174 2817 hominem
1190 2810 1199 2826 ,
1220 2783 1297 2829 pri-

271 2854 382 2879 mum
398 2846 565 2889 ‘ponunt
592 2842 744 2879 bonum
770 2841 928 2885 vinum,
954 2841 1146 2888 posterius
1166 2845 1296 2879 autem

272 2905 466 2950 deterius3
489 2904 582 2951 quia
615 2903 845 2939 mandatum
883 2903 1037 2939 videtur
1074 2904 1218 2941 talibus
1257 2906 1297 2941 in

271 2965 466 3014 principio
499 2964 613 3000 valde
644 2964 821 3009 bonum,
854 2964 923 2999 sed
951 2964 990 2999 in
1023 2964 1100 3001 fine
1133 2965 1296 3012 minus3

273 3027 463 3075 quoniam
483 3026 495 3047 ⁸
521 3038 538 3058 α
557 3025 610 3061 ad
637 3028 787 3071 tempus
819 3025 1001 3069 credunt,
1031 3025 1100 3061 sed
1133 3026 1174 3061 in
1208 3030 1300 3062 tem-

273 3099 369 3136 pore
403 3086 624 3124 tentationis
654 3085 854 3122 recedunt.
887 3099 902 3117 »
941 3085 1192 3132 Spirituates,
1229 3088 1296 3134 qui

273 3150 458 3187 notantur
476 3159 547 3195 per
576 3157 784 3195 sponsum,
807 3146 936 3193 primo
966 3150 1118 3193 ponunt
1146 3148 1298 3184 bonum

274 3212 430 3252 vinum,
451 3209 520 3246 sed
538 3211 736 3255 postremo
762 3207 923 3252 melius;
946 3206 1039 3254 quia
1066 3208 1299 3245 mandatum

275 3272 430 3308 videtur
448 3270 591 3307 talibus
610 3270 650 3306 in
668 3268 861 3317 principio
880 3268 1032 3305 bonum
1044 3295 1056 3314 ,
1076 3269 1144 3305 sed
1163 3269 1202 3305 in
1222 3270 1300 3306 fine

276 3333 427 3369 mfflms

321 3416 327 3432 ¹
351 3415 462 3452 Cant„
482 3421 541 3452 vu,
566 3415 614 3444 13.
632 3430 672 3436 —
692 3413 704 3434 2
723 3414 836 3453 Pron„
855 3419 964 3451 xxvii,
992 3414 1038 3444 18.
1056 3430 1095 3436 —
1111 3413 1245 3452 ³Joan.,
1264 3421 1300 3452 11,

280 3462 330 3493 10.
351 3477 391 3484 -
417 3460 431 3481 δ
453 3460 542 3497 ιω,
567 3461 719 3499 VI11‚13.
745 3475 785 3482 —-
807 3461 817 3479 ⁵
840 3459 1009 3498 Rom.,11‚
1034 3461 1082 3491 15.
1105 3476 1143 3481 -
1171 3460 1182 3478 ⁶
1211 3459 1299 3490 Psal.

953 239 1226 282 EXPOSITIO
1255 239 1308 281 IN
1338 239 1685 283 PSALTERIUM.

1669 369 1855 405 Articulus
1874 367 2058 404 secundus.

1399 452 1621 490 Secundum
1643 450 1856 496 illucescit,
1887 460 1977 486 cum
1994 449 2048 486 ait
2069 461 2076 486 :
2098 450 2146 486 Et
2174 452 2375 488 testimonia

1352 517 1427 550 tua.
1449 513 1549 558 Quid
1570 513 1675 549 enim
1695 512 1874 548 divinum
1895 511 2179 556 testimonium,
2207 511 2279 547 nisi
2314 512 2375 548 di-

1352 575 1451 611 vinae
1480 574 1650 610 veritatis
1678 572 1896 609 indicium?
1925 572 2238 618 Iit-notandum,
2265 574 2372 620 quod

1353 638 1408 672 est
1437 635 1615 671 divinum
1641 633 1906 670 testimonium
1937 633 2170 680 tripartitum
2194 645 2202 669 :
2231 633 2375 671 scilicet

1352 696 1616 732 testimonium
1642 695 1837 740 innatum,
1850 693 2115 731 testimonium
2135 695 2375 742 suscitatum,

1352 756 1617 794 testimonium
1637 756 1924 793 confirmatum.
1954 755 2126 792 Primum
2151 757 2297 803 spectat
2324 757 2376 794 ad

1352 818 1479 863 legem
1498 820 1665 863 naturae3
1687 817 1926 861 secundum,
1939 816 1991 854 ad
2006 817 2137 864 legem
2156 818 2375 865 scripturae,

1352 879 1508 916 tertium
1536 879 1588 915 ad
1618 879 1748 925 legem
1777 879 1921 925 grati-ze.
1953 880 2003 915 De
2033 879 2162 926 primo
2192 885 2205 907 ⁵
2232 891 2240 915 :
2268 880 2376 924 «Qui

1353 941 1563 977 ostendunt
1582 950 1681 987 opus
1695 939 1793 986 legis
1812 940 1998 987 scriptum
2014 940 2054 976 in
2075 940 2261 978 cordibus
2280 941 2374 988 suis,

1352 1001 1619 1039 testimonium
1657 1002 1845 1039 reddente
1883 1002 1960 1038 illis
2004 1003 2239 1040 conscientia
2274 1003 2377 1051 ipso-

1351 1075 1440 1102 rum
1457 1077 1465 1101 :
1488 1077 1506 1100 »
1529 1075 1617 1101 ecoe
1636 1064 1901 1101 testimonium
1921 1064 2111 1101 innatum.
2132 1067 2183 1101 De
2203 1065 2377 1102 secundo

1353 1129 1529 1163 cantatur
1545 1127 1571 1163 6;
1593 1140 1610 1160 «
1624 1126 1827 1163 Suscitavit
1845 1125 2111 1162 testimonium
2126 1125 2167 1162 in
2185 1126 2331 1162 Jacob:
2356 1139 2375 1160 ι)

1354 1198 1442 1225 ecce
1457 1187 1723 1224 testimonium
1736 1186 1974 1223 suscitatum.
1990 1188 2041 1223 De
2062 1187 2172 1224 tertio
2185 1188 2199 1210 ⁷
2215 1199 2223 1224 :
2243 1200 2263 1221 «
2275 1189 2379 1224 Unus

1354 1249 1548 1285 mediator
1570 1249 1634 1285 Dei
1649 1250 1686 1285 et
1700 1248 1909 1285 hominum
1927 1248 2048 1285 homo
2065 1247 2234 1285 Christus
2252 1250 2378 1294 Jesus,

1355 1310 1422 1358 qui
1449 1310 1557 1346 dedit
1588 1310 1901 1357 redemptionem
1927 1310 2180 1357 semetipsum
2199 1320 2273 1357 pro
2294 1320 2378 1346 om-

1354 1373 1492 1418 nibuS,
1509 1372 1617 1418 eujus
1636 1371 1903 1409 testimonium
1922 1371 2165 1418 temporibus
2186 1371 2266 1407 suis
2285 1381 2379 1408 eon-

1354 1434 1553 1470 firmatum
1570 1436 1626 1470 est
1647 1445 1655 1469 :
1671 1447 1688 1467 ι)
1709 1443 1796 1469 ecce
1810 1432 2077 1469 testimonium
2091 1431 2379 1470 confirmatum.

1692 1538 1878 1573 Articulus
1906 1539 2045 1573 tertius.

1405 1621 1575 1656 Tertium
1600 1619 1837 1665 inclarescit,
1860 1630 1950 1656 eum
1976 1619 2129 1667 inquit:
2151 1621 2246 1664 Quia
2266 1631 2382 1657 omnes

1358 1684 1425 1717 vc'oe
1457 1691 1551 1717 meoe.
1583 1683 1667 1717 Non
1693 1681 1786 1717 dicit
1812 1683 1880 1717 vz'ae
1904 1684 1998 1727 tuoe,
2023 1681 2092 1717 sed
2123 1683 2191 1717 viae
2218 1693 2320 1728 meae,
2341 1684 2384 1719 ut

1359 1743 1546 1779 clarescat
1565 1742 1674 1789 quod
1694 1752 1776 1779 non
1801 1745 1889 1778 sunt
1914 1742 1988 1780 viae
2020 1742 2210 1788 veritatis,
2237 1743 2308 1780 sed
2329 1746 2384 1780 te-

1358 1803 1566 1850 meritatis3
1587 1814 1659 1839 nec
1678 1803 1751 1840 viae
1770 1804 1975 1849 virtuosae,
1995 1814 2067 1850 per
2086 1814 2187 1851 quas
2205 1804 2384 1842 ambula-

1358 1867 1420 1901 tur
1440 1865 1492 1901 ad
1510 1865 1650 1910 vitam,
1673 1865 1743 1901 sed
1773 1865 1845 1901 viae
1875 1865 2047 1911 vitiosoe,
2070 1875 2142 1912 per
2173 1876 2274 1912 quas
2297 1877 2385 1914 per-

1361 1927 1464 1973 gitur
1498 1926 1549 1962 ad
1581 1926 1815 1972 gehennam.
1847 1926 1912 1962 Hic
1944 1929 2054 1973 potes
2083 1929 2248 1973 notare,
2277 1928 2388 1975 quod

1360 1987 1456 2023 tales
1474 1987 1547 2023 viae
1566 1989 1656 2023 sunt
1673 1987 1892 2034 cogitandae
1906 2015 1918 2032 ,
1937 1988 2167 2034 arguendae,
2187 1989 2388 2036 lapidibus

1363 2045 1666 2085 concludendee:
1685 2048 1904 2094 cogitantur
1928 2051 2058 2085 autem
2073 2049 2114 2084 in
2133 2049 2385 2097 contritione;

1363 2112 1580 2156 arguuntur
1605 2109 1646 2145 in
1676 2109 1919 2146 confessione
1942 2122 1952 2155 ;
1980 2109 2180 2156 lapidibus
2198 2138 2210 2156 ,
2241 2111 2284 2148 id
2309 2114 2386 2159 est,

1364 2171 1472 2208 duris
1497 2170 1701 2207 laboribus
1721 2170 2012 2207 concluduntur
2042 2171 2083 2207 in
2112 2171 2386 2210 satisfactione.

1365 2232 1416 2266 De
1433 2231 1560 2277 primo
1581 2230 1594 2251 8
1615 2241 1624 2265 z
1651 2243 1668 2264 «
1689 2229 1863 2275 Cogitavi
1890 2230 1975 2266 vias
2005 2241 2131 2276 meas,
2153 2233 2190 2267 et
2215 2234 2389 2270 converti

1364 2291 1485 2339 pedes
1504 2301 1614 2327 meos
1637 2303 1644 2327 :
1667 2303 1684 2324 »
1715 2301 1803 2326 ecce
1834 2290 1987 2327 viarum
2022 2291 2218 2338 cogitatio.
2252 2295 2302 2330 De
2332 2304 2389 2331 se-

1367 2353 1498 2388 cundo
1511 2354 1545 2388 ⁹:
1561 2366 1578 2386 a
1587 2352 1674 2388 Vias
1684 2362 1792 2389 meas
1803 2352 1843 2388 in
1855 2356 2065 2399 conspectu
2079 2353 2161 2399 eJ‘us
2172 2363 2357 2401 arguam:
2371 2369 2390 2390 ι)

1369 2424 1455 2450 ecce
1472 2414 1627 2450 viarum
1645 2413 1882 2459 redargutio.
1907 2415 1956 2449 De
1976 2414 2087 2450 tertio
2112 2415 2140 2436 ¹⁰
2163 2426 2171 2450 :
2194 2427 2212 2449 «
2231 2415 2395 2452 Conclu-

1369 2475 1416 2510 sit
1434 2474 1518 2511 vias
1538 2484 1646 2510 meas
1665 2474 1865 2521 lapidibus
1885 2474 2047 2521 quadris
2064 2487 2072 2511 :
2093 2487 2112 2510 i>
2134 2485 2222 2512 ecce
2242 2476 2395 2513 viarum

1371 2536 1585 2573 conclusio.

1699 2584 1879 2619 Articulus
1905 2586 2067 2629 quartus.

1418 2667 1605 2710 Quartum
1624 2666 1802 2713 patescit,
1825 2674 1914 2701 cum
1939 2664 2097 2702 additur
2120 2677 2128 2702 :
2150 2667 2193 2702 In
2212 2670 2397 2714 conspecta

1372 2731 1452 2772 tuo,
1484 2727 1630 2763 scilicet
1662 2727 1702 2763 in
1733 2729 1943 2773 conspectu
1969 2726 2205 2772 judiciario,
2241 2728 2282 2764 in
2314 2739 2395 2776 quo

1371 2788 1510 2827 reddet
1549 2791 1613 2824 tua
1650 2787 1834 2824 severitas
1875 2787 2010 2824 mortis
2047 2787 2288 2836 stipendium
2321 2801 2395 2837 pro

1372 2852 1545 2896 peceato.
1568 2848 1641 2885 Sed
1668 2851 1775 2890 nota,
1803 2848 1911 2895 quod
1943 2851 2174 2896 conspectus
2205 2850 2269 2886 Dei
2293 2850 2397 2898 judi-

1373 2910 1514 2947 ciarius
1546 2913 1601 2946 est
1629 2909 1857 2956 tripartitus,
1886 2909 2031 2946 scilicet
2062 2911 2312 2957 probativus,
2331 2923 2397 2960 ap-

1373 2972 1624 3020 probativus,
1645 2970 1931 3018 improbativus
1960 2982 1969 3007 z
1990 2971 2141 3018 primus
2161 2973 2327 3020 pertinet
2347 2974 2398 3011 ad

1374 3034 1604 3070 meritorum
1632 3031 1990 3078 examinationem3
2023 3033 2218 3071 secundus
2251 3035 2304 3071 ad
2333 3034 2400 3072 be-

1374 3094 1657 3131 nemeritorum
1677 3093 1998 3140 coronationem3
2033 3094 2166 3131 tertius
2195 3095 2248 3132 acl
2280 3095 2399 3133 male—

1375 3156 1603 3192 meritorum
1648 3154 2030 3191 condemnationem.
2073 3157 2122 3192 De
2167 3157 2293 3203 primo
2327 3158 2351 3180 ¹¹
2388 3169 2397 3194 :

1379 3230 1396 3250 «
1417 3217 1539 3254 Stellae
1558 3226 1638 3253 non
1659 3218 1746 3252 sunt
1771 3215 1929 3252 mundae
1955 3215 1996 3252 in
2020 3219 2229 3264 conspectu
2247 3217 2330 3264 eJ‘us
2345 3244 2358 3262 ,
2376 3230 2396 3251 ν)

1376 3278 1522 3314 scilicet
1551 3277 1760 3324 probativo
1776 3289 1787 3320 3
1806 3276 1900 3324 quia
1929 3276 2041 3313 multi
2066 3277 2249 3314 videntur
2279 3276 2399 3314 stellae

1378 3367 1512 3399 Lxxvn,
1540 3361 1570 3390 5.
1592 3377 1630 3383 —
1655 3361 1664 3377 ⁷
1693 3360 1700 3389 Ι
1733 3359 1815 3398 Tim,
1842 3367 1888 3398 11,
1908 3360 1939 3389 6.
1960 3375 1998 3382 -
2024 3358 2038 3380 ⁸
2064 3358 2156 3390 Psal.
2182 3358 2265 3398 hoe,
2288 3360 2340 3390 59.
2359 3377 2398 3382 —

1377 3408 1387 3422 ²
1408 3405 1480 3444 lob,
1496 3409 1643 3446 x111‚15.
1662 3423 1702 3428 —
1726 3407 1746 3424 ¹·
1767 3405 1894 3442 Thr-en„
1916 3413 1966 3444 ιιι,
1988 3407 2072 3436 9.-
2096 3405 2122 3426 ¹¹
2137 3404 2208 3443 lob,
2227 3412 2284 3444 κν,
2307 3407 2356 3437 15.

1424 3463 1463 3499 (a)
1485 3461 1575 3492 Edit.
1604 3461 1677 3492 Ven.
1698 3459 1944 3492 alternandum.

2435 641 2531 669 Testi-

2395 681 2525 709 monium

2395 721 2526 749 divinum

2396 761 2523 798 triparti-

2395 805 2468 830 tum.

2461 2867 2539 2894 Con-

2436 2908 2552 2942 spectus

2418 2948 2473 2975 Dei
2479 2947 2558 2983 judi-

2433 2988 2539 3016 otarius

2418 3028 2534 3064 triplex.
