2633 3878
1080 264 1321 331 PSALMUS
1351 263 1525 307 CXVIII.

233 360 289 394 est
325 356 524 404 sapientiae
557 356 769 402 initiativa;
802 356 977 393 secunda
1008 355 1262 404 provectiva3

233 421 344 457 tertia
375 420 702 457 consummativa.
733 419 862 457 Prima
891 429 985 456 sane
1015 419 1182 468 pertinet
1214 419 1266 456 ad

233 483 419 520 consilia:
443 482 638 526 secunda,
668 481 719 518 ad
747 481 929 529 eloquia;
959 482 1091 527 tertia,
1119 482 1171 518 ad
1199 481 1264 518 sti-

231 546 389 595 pendia.
426 547 475 582 De
503 545 662 593 prima¹
688 557 696 581 :
722 558 740 578 «
769 544 881 582 Dedit
908 547 1006 581 Deus
1032 543 1266 592 sapientiam

233 608 447 654 Salomoni,
469 610 505 645 et
524 607 775 655 prudentiam
794 608 960 644 multam
976 607 1108 653 nimis,
1126 610 1163 644 et
1180 608 1266 645 lati-

231 673 408 711 tudinem
423 671 567 716 cordis,
582 671 694 718 quasi
710 681 886 717 arenam,
902 682 990 718 quae
1010 673 1066 708 est
1085 671 1125 707 in
1139 671 1267 708 littore

231 737 351 775 maris
363 750 374 784 ;
396 750 413 770 n
429 746 474 772 ac
493 734 524 770 si
545 734 717 782 apertius
735 734 929 771 diceretur
948 747 958 769 .·
982 734 1092 771 Dedit
1109 734 1265 782 sapien-

232 801 327 837 tiam
357 799 409 836 ad
433 797 718 845 judicandum,
743 797 998 845 prudentiam
1024 797 1075 834 ad
1102 797 1268 834 demon-

232 861 460 906 strandum,
497 859 745 897 latitudinem
783 860 914 896 cordis
951 860 1004 896 ad
1045 860 1269 897 deliberan-

233 925 343 961 dum.
368 924 540 959 Judicare
568 922 736 970 pertinet
763 922 816 958 ad
846 922 1094 970 aequitatem3
1127 923 1268 959 demon-

232 992 369 1031 ssrare,
391 986 443 1022 ad
465 985 710 1022 honestatem
723 997 733 1031 ;
757 985 954 1021 deliberare
976 985 1027 1022 ad
1047 985 1267 1022 utilitatem.

233 1051 316 1086 Haec
350 1047 456 1085 enim
491 1050 582 1084 sunt
617 1047 690 1084 tria
725 1057 935 1084 causarum
974 1059 1142 1095 genera,
1181 1059 1270 1096 quse

232 1111 435 1158 distinguit
467 1109 616 1146 Tullius
636 1112 649 1131 ‘2
670 1137 682 1154 ,
717 1109 864 1146 scilieet
895 1109 1268 1156 demonstrativum,

228 1173 432 1221 judiciale,
454 1171 773 1209 deliberativum.
795 1174 845 1208 De
866 1172 1040 1209 secunda
1059 1174 1072 1194 ³
1093 1185 1103 1209 ε
1123 1186 1141 1207 «
1161 1175 1270 1209 Nunc

231 1237 364 1284 pascet
396 1245 464 1271 eos
500 1234 708 1280 Dominus,
743 1234 856 1282 quasi
889 1246 1038 1281 agnum
1068 1235 1109 1271 in
1145 1235 1272 1272 latitu-

233 1298 326 1334 dine
355 1309 364 1334 :
394 1310 411 1331 »
440 1299 574 1344 pastus
604 1296 751 1344 quippe
784 1307 980 1343 agnorum
1018 1297 1273 1334 rationalium

234 1362 290 1397 est
316 1360 357 1396 in
380 1358 586 1396 latitudine
614 1359 870 1406 eloquiorum
891 1359 1197 1406 sapientialium.
1222 1361 1273 1395 De

233 1423 345 1460 tertia
369 1433 464 1459 vero
492 1421 644 1458 canitur
663 1422 676 1443 ὅ
700 1433 708 1458 :
734 1435 751 1455 «
770 1424 1045 1459 praevenerunt
1065 1433 1128 1458 me
1147 1422 1188 1458 in
1209 1421 1272 1458 die

233 1485 480 1532 afflictioni53
517 1488 553 1522 et
589 1484 714 1522 sactus
752 1487 808 1522 est
847 1485 1035 1522 Dominus
1072 1487 1274 1533 protector

233 1560 355 1595 meus,
375 1551 411 1585 et
431 1548 567 1584 eduxit
585 1559 649 1585 me
669 1548 709 1584 in
729 1547 980 1584 latitudinem
1003 1560 1011 1584 :
1032 1548 1188 1584 salvum
1207 1559 1272 1585 me

232 1611 343 1657 fecit,
371 1610 564 1658 quoniam
588 1610 714 1647 voluit
741 1621 819 1647 me.
844 1624 863 1646 »
885 1612 927 1647 In
952 1611 1202 1647 latitudinem
1221 1613 1275 1647 ta-

232 1673 312 1710 lem
337 1673 530 1719 educitur,
553 1673 621 1720 qui
640 1676 864 1721 praeventus
884 1673 934 1710 ab
956 1672 1126 1709 inimicis
1148 1672 1189 1708 in
1209 1672 1273 1709 die

234 1735 456 1772 afflictionis
481 1735 534 1772 ad
555 1735 722 1772 salutem
741 1735 952 1772 adducitur
974 1735 1174 1783 adJutorio
1195 1735 1276 1772 Sal-

234 1797 392 1835 vatoris.

573 1846 764 1882 Articulus
791 1847 933 1882 tertius.

286 1923 381 1966 Quia
400 1922 573 1958 mandata
593 1927 670 1959 tua.
693 1924 763 1959 Per
782 1923 865 1959 haec
884 1923 1074 1960 mandata
1093 1923 1274 1970 designa-

238 1987 300 2021 tur
335 1985 546 2022 mandator
583 1984 649 2021 ille
687 1985 889 2032 sublimis,
929 1985 998 2033 qui
1031 1986 1236 2023 mandavit
1262 1987 1275 2008 ⁵

242 2062 258 2079 «ι
279 2048 467 2084 mandata
485 2058 557 2084 sua
574 2047 761 2084 custodiri
780 2047 912 2084 nimis.
940 2061 958 2083 »
977 2048 1167 2093 Quocirca
1192 2049 1276 2095 ejus

237 2110 425 2147 mandata
455 2113 544 2146 sunt
577 2110 914 2158 concupiscenda,
950 2111 1159 2157 discenda,
1194 2122 1278 2148 non

237 2172 536 2209 obliviscenda:
565 2173 903 2220 concupiscenda,
934 2173 1119 2221 inquam,
1150 2185 1277 2221 quan-

238 2236 320 2271 tum
340 2235 392 2271 ad
412 2235 629 2282 potentiam
650 2234 873 2272 affectivam
885 2248 896 2281 3
918 2235 1126 2282 discenda,
1151 2247 1276 2283 quan-

236 2299 321 2333 tum
342 2297 394 2334 ad
417 2297 716 2344 intellectivam,
737 2308 818 2334 non
840 2298 1126 2344 obliviscenda,
1149 2308 1276 2346 quan-

235 2361 318 2396 tum
337 2360 389 2396 ad
409 2359 643 2397 effectivam.
668 2362 716 2396 De
738 2361 936 2397 mandatis
953 2361 1277 2408 concupiscendis

237 2422 330 2458 dicit
360 2422 562 2458 Psalmista
591 2423 634 2458 ⁶:
662 2436 681 2456 «
708 2425 803 2459 Ecce
843 2423 1051 2469 concupivi
1090 2423 1278 2460 mandata

238 2486 316 2520 tua.
339 2497 357 2517 >³
373 2487 422 2520 De
441 2484 638 2520 mandatis
655 2484 851 2520 discendis
871 2484 1005 2531 psallit
1024 2485 1218 2531 Propheta
1236 2486 1249 2507 ⁷
1266 2497 1275 2522 ;

241 2559 259 2579 «
275 2548 326 2582 Da
338 2545 434 2582 mihi
451 2546 621 2582 intelleet
640 2557 705 2591 zm,
722 2547 766 2582 ut
780 2546 931 2582 discam
951 2535 1237 2583 mandata'tua.
1255 2560 1273 2580 »

239 2610 288 2644 De
309 2609 506 2645 mandatis
524 2619 606 2645 non
630 2608 908 2645 obliviscendis
929 2608 982 2645 ait
1002 2609 1085 2656 ipse
1105 2609 1276 2656 psalmo-

240 2671 413 2718 graphus
433 2672 468 2706 ⁸.
494 2683 511 2704 «
532 2672 666 2715 Quaere
695 2681 853 2707 servum
881 2673 1013 2716 tuum,
1044 2671 1139 2718 quia
1166 2682 1279 2708 man-

239 2732 330 2770 data
350 2735 414 2770 tua
434 2744 515 2770 non
535 2744 620 2770 sum
641 2733 802 2770 oblitus.
827 2746 844 2767 »

569 2839 761 2874 Articulus
789 2842 952 2884 quartus.

288 2924 505 2968 quuz'sc‘vz':
528 2923 567 2958 in
596 2933 675 2970 quo
705 2925 862 2959 notatur
895 2921 1122 2959 obedientia
1142 2923 1279 2970 exqui-

241 2983 333 3029 sita,
354 2994 436 3020 non
456 2984 586 3020 solum
609 2985 778 3022 exterius
798 2985 839 3021 in
865 2985 1040 3029 actione,
1067 2985 1137 3020 sed
1165 2987 1201 3020 et
1222 2984 1280 3020 iu-

242 3045 360 3081 terius
387 3046 427 3082 in
457 3046 670 3084 intentione
691 3047 878 3084 exhibiti.
908 3049 991 3083 Non
1018 3046 1123 3083 enim
1150 3047 1280 3084 solum

242 3107 431 3144 mandata
455 3109 683 3155 custodivit,
716 3110 786 3146 sed
813 3112 849 3145 et
876 3109 1157 3146 mandatorum
1177 3109 1280 3146 'obe-

243 3168 432 3206 dientiam
452 3170 681 3218 exquisivit3
716 3171 886 3207 exterius
920 3170 1120 3217 obedivit,
1148 3172 1217 3208 sed
1245 3175 1282 3209 et

243 3233 403 3270 interius
424 3233 648 3281 exquisivit.
672 3234 778 3270 Actio
800 3233 994 3280 obedivit;
1023 3235 1184 3272 intentio
1213 3247 1280 3273 ex-

244 3296 414 3344 quisivit.
437 3297 604 3341 Quaeris,
629 3295 864 3344 quomodo?
883 3296 1099 3344 Tripliciter
1119 3299 1280 3345 procul-

245 3359 394 3396 dubio:
449 3359 677 3406 vigilanter,
718 3359 923 3405 instanter,
963 3364 1279 3408 perseveranter;

291 3457 300 3477 ¹
321 3457 361 3488 ΙΗ
385 3458 477 3499 Κεφ,
499 3466 545 3498 lv,
565 3461 617 3490 29.
638 3475 678 3481 -—
693 3459 707 3479 ²
725 3458 808 3498 Cic„
831 3458 921 3490 [thel.
938 3457 982 3489 (ld
1002 3459 1155 3489 Hereum..
1174 3459 1232 3491 lib.
1257 3460 1279 3492 Ι.

247 3520 287 3526 -
306 3505 316 3521 ³
335 3504 417 3542 ose„
441 3514 489 3546 iv,
513 3509 562 3538 16.
577 3523 617 3529 ——
635 3506 647 3527 ⁴
668 3505 758 3538 Psal.
779 3514 865 3545 xvii,
883 3510 934 3537 zo.
954 3523 986 3528 -
1011 3507 1023 3527 ὅ
1047 3506 1281 3547 1›sal.1100,4.

247 3566 287 3574 --
314 3551 325 3568 ‘²
349 3551 447 3593 lbid.‚
474 3554 525 3585 40.
551 3571 591 3576 —
616 3570 654 3577 —
685 3554 693 3571 ⁷
716 3553 813 3594 thid„
839 3555 891 3585 ἵζε.
912 3570 951 3578 -
979 3553 993 3575 ⁸
1022 3553 1122 3594 lbid.‚
1152 3556 1221 3587 176.
1243 3571 1283 3577 —

2301 269 2377 307 379

1339 356 1475 391 contra
1500 352 1663 390 rationis
1688 356 1889 401 stuporem
1904 382 1916 399 ,
1943 355 2161 392 affectionis
2185 357 2378 403 teporem,

1339 416 1580 464 operationis
1615 418 1829 463 torporem.
1870 418 1920 453 De
1959 417 2088 464 primo
2124 418 2317 466 Propheta
2336 418 2349 440 ⁹
2368 430 2375 454 ε

1342 493 1359 510 ιι
1379 478 1594 526 Exquisivit
1616 480 1650 514 te
1677 477 1796 514 facies
1817 488 1930 514 mea:
1962 492 1979 512 »
2001 479 2042 514 in
2069 490 2148 526 quo
2174 480 2379 526 vigilantia

1339 541 1421 576 sine
1442 543 1589 588 tepore.
1614 543 1665 577 De
1686 540 1860 577 secundo
1878 541 1905 563 ¹⁰
1923 552 1931 576 ε
1953 554 1969 573 «
1991 543 2032 577 ln
2047 544 2126 577 toto
2148 542 2267 578 corde
2289 553 2377 579 meo

1341 602 1534 650 exquisivi
1554 605 1612 639 tc:
1635 616 1651 637 ι)
1673 603 1713 639 in
1733 613 1814 650 quo
1842 602 2027 638 instantia
2050 603 2132 639 sine
2155 606 2304 650 tepore.
2330 606 2378 641 De

1342 665 1466 707 tertio,
1486 665 1626 701 eadem
1645 664 1909 712 psalmodia¹¹
1927 677 1935 701 :
1955 678 1972 698 «
1989 666 2129 711 Legem
2143 676 2247 712 pone
2269 666 2379 711 mihi,

1342 726 1519 771 Domine,
1547 729 1583 762 et
1615 727 1823 774 exquiram
1855 729 1943 763 eam
1974 737 2142 775 semper.
2174 741 2192 761 n
2224 729 2266 764 ln
2298 739 2379 775 quo

1341 789 1632 837 perseverantia
1653 789 1736 825 sine
1759 791 1931 836 torpore.

1781 895 1952 937 Epilogus.

1390 981 1495 1015 Patet
1513 977 1644 1025 itaque
1665 975 1882 1013 intellectus
1902 976 2125 1024 Prophetae,
2156 980 2293 1025 typum
2320 989 2382 1025 ge-

1342 1041 1462 1079 rentis
1482 1038 1708 1076 reverendae
1729 1049 1926 1086 personae,
1947 1049 2030 1076 non
2051 1039 2191 1076 timore
2209 1042 2383 1077 contrac-

1343 1105 1409 1149 tze,
1430 1103 1500 1139 sed
1524 1113 1660 1139 amore
1681 1103 1868 1147 attraetae,
1891 1101 2041 1138 ratione
2064 1102 2231 1150 praefatae
2252 1103 2383 1149 gratita

1344 1167 1532 1203 divinitus
1551 1165 1626 1202 sibi
1644 1166 1778 1203 sactae:
1801 1168 1847 1201 Et
1867 1166 2109 1211 ambulabam,
2131 1177 2219 1202 erce
2239 1166 2384 1212 viator,

1345 1229 1413 1277 qui
1443 1229 1684 1277 promeruit3
1719 1230 1762 1265 In
1794 1229 2012 1275 latitudine,
2040 1240 2129 1266 ecce
2164 1229 2382 1266 reverentia

1345 1305 1467 1342 quam
1487 1293 1724 1341 promeruit3
1748 1293 1843 1336 Quia
1862 1293 2038 1329 mandata
2058 1296 2142 1338 tua,
2159 1303 2250 1329 ecce
2266 1295 2383 1329 Crea-

1346 1359 1405 1393 tor
1436 1355 1672 1393 obedientice
1699 1354 1933 1402 imperator,
1973 1357 2010 1391 et
2047 1358 2331 1401 remunerator,
2359 1366 2383 1392 a

1347 1429 1426 1466 quo
1455 1417 1690 1466 premeruit3
1715 1419 1927 1464 Erqutsz'vz',
1953 1428 2040 1453 ecce
2069 1417 2295 1454 obedientia
2323 1429 2388 1454 ex-

1347 1481 1501 1528 quisita,
1524 1480 1635 1527 quus
1656 1480 1808 1517 ratione
1827 1479 2058 1527 promeruit.

1705 1626 1930 1653 VERSICULUS
1956 1627 2030 1653 xiv.

1396 1734 1456 1769 46.
1470 1733 1518 1768 Et
1532 1732 1712 1777 loquebar,
1723 1733 1794 1767 etc.
1806 1729 2057 1767 personalem
2065 1731 2324 1767 reverentiam
2335 1731 2391 1767 in-

1349 1794 1519 1831 sinuavit
1531 1804 1667 1830 versus
1677 1793 1922 1841 praeceden83
1940 1792 2141 1829 verbalem
2152 1793 2391 1840 elegantiam

1349 1857 1521 1893 insinuat
1546 1856 1616 1893 iste
1645 1866 1830 1904 praesens.
1855 1858 1918 1892 Est
1949 1857 2082 1892 autem
2106 1856 2392 1904 quadripartita

1349 1918 1560 1956 locutionis
1579 1918 1774 1964 elegantia
1794 1918 2015 1955 secundum
2030 1918 2315 1966 quadrifariam
2335 1918 2392 1966 ip-

1350 1982 1429 2018 sius
1444 1982 1740 2029 proprietatem,
1759 1982 1906 2018 scilicet
1918 1982 2142 2030 puritatem,
2159 1981 2389 2027 claritatem,

1350 2045 1634 2091 maturitatem,
1657 2044 1919 2081 securitatem.
1946 2043 2093 2081 puritas
2120 2044 2279 2092 respicit
2299 2054 2386 2080 cau-

1352 2118 1437 2145 sam
1450 2107 1696 2145 materialem
1706 2120 1717 2154 3
1736 2107 1905 2153 claritas,
1922 2106 2132 2143 formalem
2143 2118 2153 2152 ;
2173 2106 2390 2152 maturitas,

1351 2171 1532 2217 finalem3
1565 2171 1772 2216 securitas,
1803 2170 2065 2207 efficientem:
2097 2180 2184 2217 qua:
2209 2171 2394 2205 notantur

1351 2244 1421 2281 per
1461 2234 1580 2280 hujus
1624 2244 1762 2270 versus
1801 2232 2084 2270 continentiam
2125 2231 2395 2279 quadrimem-

1351 2296 1479 2333 brem.

1689 2344 1879 2380 Articulus
1900 2345 2057 2390 primus.

1402 2422 1611 2459 Pur-itatem
1625 2421 1836 2458 locutionis
1855 2421 2048 2469 Propheta
2062 2420 2287 2468 praeposuit,
2304 2431 2394 2456 cum

1355 2486 1470 2522 dixit:
1494 2485 1678 2530 Loquebar
1694 2485 1737 2520 de
1758 2486 1972 2520 testimoniis
1993 2486 2080 2528 tuis,
2096 2483 2159 2519 vel
2180 2485 2219 2518 z'n
2239 2485 2396 2519 testimo-

1354 2550 1430 2584 niis
1464 2549 1550 2583 tuis.
1585 2549 1680 2582 Ecce
1708 2556 1808 2593 pura
1836 2545 2045 2582 locutionis
2074 2545 2266 2581 materia:
2299 2545 2396 2591 quid

1355 2610 1460 2646 enim
1478 2609 1555 2645 illis
1578 2607 1812 2644 testimoniis
1829 2607 1965 2655 purius
1989 2610 2063 2652 est,
2087 2606 2232 2654 quibus
2251 2606 2396 2643 falsitas

1355 2672 1513 2709 subesse
1529 2682 1610 2708 non
1628 2672 1782 2718 potest?
1801 2670 1908 2706 Talia
1922 2668 2188 2717 proculdubio
2211 2671 2301 2704 sunt
2322 2671 2394 2705 tes-

1354 2734 1520 2772 timonia
1540 2733 1748 2770 dominicae
1772 2732 1990 2778 missionis,
2010 2731 2312 2778 redemptionis,
2335 2742 2395 2767 re-

1355 2796 1631 2834 surrectionis:
1659 2807 1831 2844 quorum
1850 2795 2025 2843 primum
2044 2794 2211 2842 pertinet
2239 2793 2290 2830 ad
2317 2793 2398 2830 Sal-

1356 2860 1502 2898 vatoris
1531 2860 1752 2907 ingressum
1763 2871 1773 2905 ;
1806 2858 2049 2905 secundum,
2083 2857 2136 2893 ad
2167 2867 2394 2903 egressum3

1356 2923 1533 2969 tertium,
1564 2922 1616 2959 ad
1643 2932 1879 2969 regressum.
1912 2922 1962 2957 De
1994 2919 2124 2967 primo
2152 2920 2179 2941 ¹²
2203 2931 2211 2955 ε
2236 2920 2399 2966 «Opera

1356 2986 1463 3034 ipsa,
1483 2997 1570 3033 quae
1591 2996 1666 3032 ego
1687 2984 1812 3029 facio,
1834 2982 2101 3020 testimonium
2119 2981 2328 3029 perhibent
2349 2981 2397 3017 de

1357 3060 1441 3092 mc,
1470 3048 1564 3095 quia
1587 3050 1694 3084 Pater
1715 3046 1819 3083 misit
1844 3056 1905 3082 me
1929 3058 1937 3082 :
1967 3059 1984 3079 η
2019 3055 2107 3081 ecce
2132 3043 2397 3080 testimonium

1358 3110 1567 3148 dominicae
1592 3108 1810 3154 missionis,
1841 3107 1905 3144 vel
1934 3105 2227 3144 incarnationis.
2264 3107 2312 3141 De
2339 3115 2398 3139 se-

1358 3173 1489 3210 eundo
1507 3174 1578 3209 ¹³:«
1592 3171 1664 3217 Qui
1687 3171 1797 3208 dedit
1815 3170 2129 3217 redemptionem
2146 3167 2398 3214 semetipsum

1357 3247 1430 3284 pro
1464 3236 1673 3280 omnibus,
1707 3236 1817 3281 cujus
1852 3233 2118 3270 testimonium
2155 3228 2399 3277 temporibus

1358 3299 1437 3336 suis
1467 3300 1745 3336 confirmatum
1774 3300 1859 3333 est.-
1889 3310 1905 3330 »
1931 3305 2018 3331 ecce
2042 3291 2308 3330 testimonium
2329 3290 2399 3326 do-

1360 3361 1514 3397 minicae
1549 3358 1847 3407 redemptionis.
1892 3360 1942 3393 De
1975 3355 2087 3392 tertio
2124 3353 2150 3377 ¹⁸
2180 3365 2188 3390 :
2219 3353 2399 3389 «Virtute

1361 3434 1507 3471 magna
1535 3421 1756 3459 reddebant
1784 3418 1956 3466 Apostoli
1988 3416 2253 3453 testimonium
2272 3425 2399 3452 resur-

1359 3506 1477 3538 91'511l.
1499 3513 1593 3544 xxvi,
1614 3508 1644 3535 8.
1666 3521 1707 3526 —
1730 3504 1751 3522 '⁰
1774 3502 1860 3533 Psnl.
1882 3501 1961 3542 hoc,
1986 3503 2034 3531 10.
2056 3516 2095 3523 -
2117 3501 2141 3522 ¹¹
2165 3499 2264 3539 ibid„
2286 3500 2339 3530 33.
2362 3517 2395 3520 —

1364 3555 1389 3573 ¹²
1404 3555 1514 3593 Joan„
1536 3560 1570 3592 v,
1591 3553 1640 3584 36.
1661 3568 1699 3575 -
1722 3550 1893 3590 13ΙΊ“ι”ηι.,
1915 3557 1953 3590 11,
1974 3550 2006 3580 6.
2021 3564 2062 3572 -
2082 3548 2103 3567 ¹⁴
2125 3548 2211 3585 Act„
2237 3554 2284 3587 lv,
2305 3547 2356 3578 33.
