2633 3878
308 280 384 318 364

312 380 328 398 «
359 367 441 400 Non
471 373 665 400 cessamus
693 372 765 409 pro
797 360 911 398 vobis
943 363 1096 397 orantes
1127 361 1162 395 et
1193 360 1328 406 postu-

307 427 448 470 lantes,
469 428 509 460 ut
535 423 777 469 impleamini
808 422 1006 469 agnitione
1028 422 1135 467 ejus,
1159 420 1197 455 in
1221 420 1330 456 omni

305 487 492 532 sapientia
534 489 568 522 et
599 485 795 522 intellectu
815 483 990 532 spiritali.
1014 497 1030 515 u
1056 482 1246 529 Equidem
1269 481 1327 517 in-

307 549 459 585 tellectu
500 547 662 594 spiritali
696 547 879 594 impletur
905 573 915 590 ,
950 544 1010 580 cui
1032 543 1183 580 donum
1215 543 1328 579 intel-

306 610 424 647 lectus
447 610 630 646 divinitus
651 609 870 656 inspiratur.

623 716 802 750 ,tr-ticulus
827 713 1009 748 secundus.

356 798 685 836 considerationis
703 796 865 833 virilitas
885 796 1107 841 denotatur,
1128 806 1217 832 cum
1238 795 1329 831 diei-

306 865 390 899 tur;
414 864 458 897 Et
481 861 661 897 scrutabor
682 861 787 905 leqcm
812 864 921 895 tuam.
950 859 1125 896 Arduum
1151 859 1254 895 enim
1276 861 1331 894 est

304 924 400 969 legis
421 922 673 967 scrutinium,
692 922 742 958 ad
769 921 878 969 quod
910 931 989 957 non
1023 920 1163 957 sufficit
1189 920 1329 956 huma-

305 996 401 1022 num
421 985 644 1032 ingeniuln3
666 984 734 1020 sed
767 984 983 1030 coexigitur
1014 983 1192 1019 divinum
1211 983 1327 1019 bene-

306 1048 440 1084 ficium
468 1060 477 1092 3
512 1047 616 1083 unde
655 1046 841 1082 nimirum
880 1048 1133 1081 scrutatorem
1167 1044 1330 1092 requirit

307 1112 521 1144 strenuum.
557 1111 598 1144 Et
630 1111 740 1152 nota,
774 1107 883 1154 quod
916 1106 1001 1143 talis
1032 1109 1138 1142 actus
1167 1117 1248 1142 non
1274 1109 1330 1142 est

305 1171 519 1214 humanus,
554 1169 622 1205 scd
657 1169 812 1205 divinus
834 1197 845 1214 ,
877 1172 911 1204 ct
944 1171 1072 1204 tamen
1101 1168 1330 1205 hominibus

308 1236 550 1279 opportunus
567 1243 573 1266 :
591 1234 749 1278 propter
768 1231 938 1277 primum
951 1259 961 1276 ,
984 1230 1193 1276 mirabilis3
1209 1241 1329 1277 prop-

307 1297 361 1329 ter
394 1293 609 1329 secundum
628 1320 639 1336 s
673 1292 932 1337 venerabilis:
964 1295 1125 1339 propter
1150 1292 1327 1337 tertium,

307 1355 590 1391 desiderabilis.
623 1357 671 1390 De
704 1355 832 1401 primo
855 1357 864 1376 ¹
890 1366 898 1390 :
927 1368 943 1387 «
962 1357 1055 1390 Ecce
1086 1355 1183 1390 Deus
1204 1354 1329 1390 excel-

307 1428 370 1452 sus
391 1417 430 1452 in
456 1416 679 1452 fortitudine
711 1426 807 1461 sua,
835 1420 870 1453 et
898 1416 1030 1452 nullus
1063 1416 1098 1452 ei
1130 1416 1266 1452 similis
1290 1417 1330 1452 in

304 1478 604 1524 legislatoribus.
630 1479 721 1522 Quis
739 1478 879 1525 poterit
896 1479 1055 1514 scrutari
1075 1478 1158 1514 vias
1180 1478 1288 1524 ejus?
1309 1493 1325 1512 υ

305 1542 420 1576 Plane
450 1541 583 1575 arcelsa
618 1539 680 1575 nei
719 1540 895 1584 fortitudo
920 1543 993 1582 cst,
1024 1551 1111 1587 quse
1148 1540 1329 1576 humanae

304 1602 444 1637 mentis
475 1601 762 1648 simplicitatem
794 1601 844 1637 ad
875 1601 1159 1648 speculandam
1187 1602 1330 1638 divinae

305 1663 570 1709 dispositionis
615 1663 894 1700 sublimitatem
942 1664 1148 1700 sublevare
1189 1666 1328 1711 potest.

303 1726 434 1760 Nullus
451 1728 482 1760 ei
501 1726 635 1761 similis
662 1729 700 1760 'in
728 1727 1010 1771 legislatoribus,
1031 1726 1222 1773 quoniam
1255 1726 1330 1762 hoc

304 1787 385 1822 ficri
410 1798 490 1823 non
510 1790 635 1834 potest
653 1787 890 1823 humanitus,
909 1787 997 1830 Quis
1014 1798 1092 1833 erqo
1112 1789 1333 1824 scrutabitur

306 1851 379 1884 rias
415 1850 511 1894 ejus,
551 1849 716 1896 supple,
756 1849 829 1884 nisi
862 1849 1083 1885 sublevetur
1118 1849 1331 1885 divinitus?

303 1912 396 1946 Ecce
425 1910 616 1947 mirabilis
648 1910 846 1947 scrutandi
869 1914 993 1955 actus,
1026 1911 1119 1958 quia
1152 1922 1233 1947 non
1260 1912 1332 1947 hu-

302 1983 455 2008 manus
491 1975 540 2008 De
561 1973 734 2009 secundo
753 1976 794 2008 2;
821 1986 838 2005 «
866 1973 1028 2020 Spiritus
1055 1973 1189 2010 omnia
1220 1985 1328 2010 scru-

303 2037 415 2079 tatur,
438 2034 553 2070 etiam
581 2034 780 2081 profunda
812 2036 889 2070 Dei.
925 2034 1016 2078 Quis
1048 2035 1151 2070 enim
1173 2035 1241 2071 scit
1262 2036 1330 2072 ho-

302 2096 453 2133 minum
482 2107 568 2142 quae
599 2099 688 2132 sunt
706 2096 900 2142 hominis,
922 2096 995 2132 nisi
1023 2096 1178 2143 spiritus
1204 2097 1331 2133 homi-

302 2157 381 2203 nis,
404 2158 471 2204 qui
492 2158 531 2193 in
551 2158 635 2204 ipso
655 2161 710 2194 est
724 2159 741 2193 ’ἲ
762 2160 815 2195 lta
835 2163 871 2194 et
891 2169 978 2205 quae
998 2158 1062 2194 Dei
1081 2161 1189 2204 sunt,
1210 2169 1328 2195 nemo

302 2219 523 2266 cognoscit,
546 2219 618 2255 nisi
640 2219 795 2265 spiritus
816 2219 892 2255 Dei.
913 2222 987 2255 Nos
1007 2221 1136 2256 autem
1156 2231 1237 2256 non
1253 2221 1328 2256 hu-

298 2281 362 2326 jus
391 2281 530 2316 mundi
562 2281 741 2328 spiritum
777 2281 1001 2327 accepimus
1019 2309 1030 2325 ,
1051 2281 1120 2317 sed
1150 2276 1329 2328 spiritum

304 2342 370 2389 qui
393 2353 438 2378 ex
466 2345 540 2378 Deo
571 2345 646 2387 cst,
667 2345 708 2378 ut
737 2342 905 2378 sciamus
937 2353 1023 2389 quas
1044 2354 1067 2378 a
1088 2345 1164 2379 Deo
1186 2343 1331 2381 donata

303 2407 390 2440 sunt
416 2403 543 2440 nobis.
566 2418 583 2437 »
608 2407 657 2440 Ac
679 2404 708 2439 si
738 2406 869 2451 aperte
897 2404 1041 2440 diceret
1062 2417 1069 2440 :
1092 2404 1254 2452 Spiritus
1272 2405 1330 2441 di-

302 2466 417 2501 vinus
444 2468 635 2502 scrutatur
661 2469 808 2502 secreta
830 2466 964 2502 divina
984 2496 993 2507 ,
1017 2467 1114 2502 sicut
1132 2458 1331 2504 humanus

303 2528 501 2573 humanm
524 2531 559 2563 et
593 2529 725 2564 tamen
764 2527 829 2564 ille
868 2528 1025 2575 spiritns
1045 2557 1056 2574 ,
1090 2529 1158 2575 qui
1196 2529 1329 2567 divina

303 2594 511 2636 scrutatur,
533 2591 759 2627 hominibus
779 2591 1013 2638 inspicitur,
1034 2595 1076 2628 ut
1096 2592 1231 2629 divina
1251 2593 1329 2628 dis-

302 2653 442 2700 positio
464 2653 513 2689 ab
535 2654 764 2690 hominibus
793 2654 1059 2700 dignoscatur.
1088 2657 1182 2691 Ecce
1213 2666 1330 2692 vene-

303 2715 438 2751 rabilis
459 2716 656 2752 scrutandi
688 2720 818 2762 actus,
841 2717 933 2764 quia
954 2717 1124 2753 divinus.
1149 2721 1198 2754 De
1218 2718 1328 2755 tertio

304 2777 484 2813 scribitur
505 2780 517 2799 ³
541 2789 548 2813 :
575 2792 591 2811 «
613 2779 737 2824 Beati,
764 2779 831 2825 qui
858 2782 1075 2815 scrutantur
1107 2780 1331 2817 testimonia

305 2839 399 2883 ejus.
422 2853 438 2871 »
468 2841 560 2875 Eece
583 2840 855 2876 desiderabilis
875 2841 1074 2876 scrutandi
1093 2844 1213 2886 actus,
1236 2842 1331 2888 quia

303 2900 529 2936 hominibus
561 2904 819 2948 opportunus.
839 2902 938 2946 Quid
960 2902 1064 2938 enim
1085 2902 1328 2939 desiderabi-

304 2960 400 3005 lius,
421 2961 517 3008 quid
547 2963 805 3009 opportunius
835 2963 1009 3008 homini,
1030 2975 1151 3011 quam
1177 2964 1329 3001 beatifi-

306 3023 381 3059 cari
395 3024 412 3057 c!

639 3073 824 3106 Articulus
852 3074 991 3107 tercius.

353 3147 681 3184 Considerationis
715 3147 860 3184 utilitas
892 3151 1126 3194 annotatur,
1157 3161 1246 3185 cnm
1277 3160 1330 3185 se-

305 3210 436 3256 quitur
458 3222 465 3244 :
490 3211 532 3244 Et
553 3210 749 3244 custodiam
769 3211 884 3245 illam.
917 3210 1017 3245 Nihil
1048 3211 1151 3246 enim
1171 3210 1331 3257 prodest

305 3271 440 3307 notitia
460 3271 651 3316 veritatis,
677 3271 744 3307 ubi
775 3271 881 3307 deest
910 3271 1088 3307 custodia
1120 3271 1326 3308 charitatis.

306 3333 467 3368 Planum
488 3333 635 3380 quippe
654 3336 722 3377 est,
738 3332 831 3380 quia
851 3332 881 3368 si
903 3332 1068 3368 charitas
1089 3333 1211 3378 abest,
1233 3333 1329 3369 nihil

306 3395 465 3441 prodest
485 3394 680 3441 quidquid
701 3395 822 3430 adest.
845 3397 886 3431 Et
902 3397 1013 3440 nota,
1033 3394 1142 3442 quod
1161 3397 1217 3430 est
1244 3406 1330 3441 pcr-

351 3475 443 3514 ¹J0s¹1
462 3484 576 3515 xxxvl,
597 3477 648 3515 22,
669 3477 722 3506 2ν’ἶ·
736 3493 775 3499 -
795 3477 805 3494 ²
825 3476 833 3506 Ι
856 3475 945 3516 Cor„
970 3484 1006 3515 ll,
1034 3478 1139 3508 10-12.
1156 3493 1191 3497 —
1210 3475 1223 3496 ³
1240 3475 1329 3506 Psal.

307 3521 390 3560 hoc,
410 3524 442 3551 2.
469 3539 503 3543 -
530 3522 539 3539 ⁴
561 3522 669 3561 Proin,
692 3530 748 3561 111,
771 3525 819 3554 21.
847 3540 885 3546 —
914 3524 924 3541 '³
949 3524 1057 3562 Prov„
1081 3530 1210 3562 xxvut,
1233 3524 1263 3553 7.
1290 3541 1330 3546 —

1001 265 1273 309 EXPOSITIO
1304 267 1355 309 IN
1386 266 1733 311 PSALTERIUM.

1403 358 1495 395 utile
1515 369 1596 396 non
1616 361 1765 396 tantum
1785 360 1915 407 legem
1933 362 2031 398 seire
2043 388 2055 406 ,
2070 361 2140 398 sed
2160 364 2196 399 et
2215 361 2424 408 custodire,

1402 420 1500 457 sicut
1529 422 1720 468 probatur
1750 422 1891 470 triplici
1921 423 2093 469 ratione,
2116 422 2298 459 videlicet
2332 423 2426 471 quia

1403 481 1575 518 vivificat
1595 512 1607 526 ,
1638 484 1732 530 quia
1762 485 2045 532 sapientificat,
2078 484 2172 532 quia
2203 483 2424 522 beatificat:

1404 553 1574 589 quorum
1591 544 1763 590 primum
1782 546 1949 592 pertinet
1962 547 2013 583 ad
2033 545 2324 593 purgationem,
2340 555 2427 592 quoe

1404 604 1446 640 fit
1465 615 1534 652 per
1564 605 1899 652 justificationem3
1921 607 2139 644 seeundum
2159 634 2171 651 ,
2198 607 2250 643 ad
2280 606 2427 642 illumi—

1404 666 1623 712 nationem,
1645 678 1732 714 quae
1747 667 1789 703 fit
1807 679 1877 715 per
1896 669 2213 706 informationem
2221 681 2232 714 ;
2256 668 2425 714 tertium,

1405 728 1455 764 ad
1476 728 1877 774 consummationem,
1897 741 1985 777 quae
2012 732 2054 767 fit
2081 741 2151 778 per
2178 728 2429 766 beatitudinis

1405 790 1727 837 expectationem.
1760 793 1809 828 De
1833 792 1962 839 primo
1984 791 2022 829 ¹⁹:
2060 805 2077 827 «
2110 791 2269 830 Custodi
2300 792 2429 838 legem

1404 862 1534 888 meam
1552 854 1669 899 atque
1695 854 1902 891 consilium
1929 865 2085 900 meum,
2107 857 2144 891 et
2163 854 2233 890 erit
2250 853 2330 890 vita
2349 854 2431 891 ani-

1405 924 1478 949 mas
1497 915 1572 950 tuae
1593 925 1601 950 ε
1623 928 1641 950 »
1659 917 1765 961 leqem
1785 916 1891 962 dicit,
1913 919 2104 964 quantum
2121 915 2172 952 ad
2190 915 2407 952 necessaria
2415 927 2426 962 3

1405 978 1604 1020 consilium,
1618 980 1808 1024 quantum
1825 978 1876 1014 ad
1889 978 2113 1016 voluntaria
2129 977 2300 1014 instituta
2314 989 2324 1012 :
2340 987 2429 1013 eece

1406 1039 1583 1075 custodia
1594 1039 1693 1086 legis
1705 1040 1920 1076 vivificans.
1934 1042 1984 1077 De
1998 1039 2193 1076 secundo⁵
2207 1050 2216 1075 ε
2234 1038 2334 1083 «Qui
2347 1048 2430 1074 eus-

1404 1099 1503 1136 todit
1522 1100 1669 1146 legem,
1689 1101 1792 1137 filius
1813 1102 1968 1148 sapiens
1994 1104 2050 1137 cst
2072 1113 2080 1137 :
2102 1114 2118 1135 n
2144 1111 2232 1137 ecce
2252 1100 2430 1137 custodia

1405 1162 1501 1208 legis
1530 1163 1835 1210 sapientificans.
1862 1166 1909 1199 De
1941 1163 2052 1200 tertio
2070 1165 2082 1185 ὅ
2105 1175 2149 1199 :«
2164 1163 2235 1207 Qui
2263 1162 2431 1199 custodit

1404 1224 1531 1269 legem
1547 1252 1556 1269 ,
1579 1224 1716 1261 beatus
1734 1228 1789 1261 est
1810 1237 1818 1261 ε
1844 1239 1861 1259 »
1884 1236 1972 1262 ecee
1991 1225 2167 1263 custodia
2188 1225 2285 1272 legis
2303 1224 2428 1261 beati-

1404 1285 1542 1322 ficans.

1728 1337 1916 1371 Articulus
1942 1339 2104 1382 quartus.

1452 1411 1782 1448 considerationis
1801 1411 2060 1448 infallibilitas
2081 1412 2325 1458 subnotatur,
2342 1423 2430 1449 cum

1405 1473 1585 1510 subditur
1608 1486 1615 1510 :
1638 1476 1681 1510 In
1701 1476 1771 1510 toto
1792 1474 1894 1509 coi-dc
1921 1485 2006 1510 meo.
2042 1473 2230 1510 Fallibilis
2260 1476 2316 1510 est
2334 1474 2431 1521 legis

1405 1535 1666 1572 consideratio
1693 1564 1705 1580 ,
1750 1536 1779 1572 si
1820 1536 2102 1572 considerantis
2146 1536 2194 1572 sit
2241 1536 2430 1582 intentio,

1405 1601 1447 1634 ut
1477 1599 1716 1635 custodiatur
1749 1599 1985 1635 extrinsecus
2016 1609 2150 1635 coram
2180 1598 2430 1645 hominibus,

1405 1671 1487 1696 non
1518 1660 1747 1696 intrinsecus
1786 1671 1919 1696 coram
1951 1663 2042 1697 Deo.
2077 1660 2148 1697 llla
2177 1671 2272 1697 vero
2305 1661 2432 1697 eonsi-

1405 1722 1554 1758 deratio
1582 1732 1663 1759 non
1688 1721 1813 1768 fallit,
1847 1733 1935 1769 quae
1962 1732 2044 1758 non
2076 1721 2204 1758 solum
2235 1722 2430 1766 emerim,

1405 1783 1474 1820 sed
1519 1786 1555 1819 et
1593 1783 1752 1820 interius
1796 1783 1990 1820 custodire
2030 1783 2206 1820 intendit.
2247 1784 2432 1821 Custodia

1405 1845 1568 1892 quidem
1600 1845 1815 1882 extrinseca
1848 1856 1929 1882 non
1963 1848 2018 1882 est
2053 1844 2252 1892 perfecta,
2285 1855 2356 1882 nec
2392 1846 2432 1882 in

1405 1907 1524 1943 corde
1543 1907 1713 1954 perfecto
1743 1907 1939 1953 radicata;
1960 1907 2030 1943 sed
2059 1906 2238 1943 custodia
2256 1908 2337 1943 tam
2369 1917 2431 1943 ex-

1404 1968 1588 2013 trinseca,
1610 1979 1731 2015 quam
1760 1968 1988 2013 intrinseca,
2017 1971 2072 2004 cst
2099 1968 2294 2016 perfecta,
2325 1971 2360 2005 et
2391 1969 2432 2005 in

1405 2030 1523 2067 corde
1551 2030 1722 2077 perfecto
1753 2030 1927 2067 fundata.
1960 2032 2009 2066 De
2036 2030 2103 2066 tali
2135 2030 2311 2067 custodia
2340 2030 2434 2067 dicit

1404 2093 1596 2140 Propheta
1615 2104 1622 2128 :
1642 2095 1686 2129 In
1713 2097 1784 2129 toto
1805 2094 1906 2129 corde
1925 2103 1998 2128 meo
2012 2119 2020 2134 ‚
2044 2092 2086 2128 id
2106 2095 2179 2139 est,
2202 2093 2242 2129 in
2261 2093 2431 2140 perfecto

1405 2155 1543 2191 corde.
1578 2157 1620 2191 Et
1649 2157 1742 2191 nota
1772 2155 1821 2191 de
1849 2153 2021 2202 perfecto
2054 2154 2192 2200 corde,
2223 2154 2333 2202 quod
2366 2154 2432 2191 tali

1404 2217 1522 2253 corde
1545 2216 1736 2252 debemus
1763 2216 1804 2252 in
1825 2218 1946 2252 Deum
1967 2216 2146 2260 credere,
2169 2218 2245 2252 Deo
2266 2215 2432 2260 servire,

1405 2278 1457 2314 ad
1490 2280 1609 2314 Deum
1641 2277 1789 2314 venire.
1821 2278 1928 2313 Fidei
1962 2280 2018 2314 est
2038 2277 2210 2323 credere3
2233 2277 2335 2325 spei,
2356 2289 2433 2314 ser-

1404 2339 1506 2386 vire3
1542 2339 1760 2384 charitatis,
1785 2339 1932 2375 venire.
1964 2341 2013 2375 De
2046 2339 2233 2386 primo⁷z
2272 2352 2290 2374 ιι
2323 2339 2431 2376 Oculi

1404 2403 1556 2439 Domini
1582 2402 1897 2449 contemplantur
1934 2402 2160 2438 nniversam
2198 2404 2340 2438 terram
2351 2415 2362 2448 3
2396 2406 2432 2439 et

1403 2467 1579 2514 praebent
1607 2466 1877 2503 fortitudinem
1909 2466 1981 2511 iis,
2004 2465 2072 2512 qui
2107 2465 2277 2512 perfecto
2312 2465 2431 2502 corde

1404 2529 1568 2565 credunt
1592 2529 1631 2565 in
1664 2539 1753 2564 eum
1777 2541 1785 2564 :
1807 2541 1823 2561 η
1847 2527 1911 2564 hic
1934 2527 2090 2564 attende
2115 2527 2254 2563 credere
2277 2529 2433 2573 perfecto

1401 2592 1514 2627 corde.
1539 2593 1589 2627 De
1621 2590 1796 2627 secundo
1817 2591 1830 2612 ⁸
1852 2601 1861 2625 :
1890 2604 1907 2622 «
1928 2589 2136 2634 Salomon,
2156 2588 2212 2624 fili
2243 2588 2317 2633 mi,
2337 2588 2432 2625 scito

1407 2655 1528 2690 Deum
1547 2653 1668 2700 patris
1688 2652 1763 2698 tui,
1784 2655 1821 2689 et
1852 2651 1953 2688 servi
1984 2651 2018 2687 ei
2051 2650 2169 2687 corde
2188 2650 2360 2698 perfecto
2381 2663 2390 2687 :
2411 2665 2428 2685 »

1403 2715 1466 2751 hic
1497 2715 1655 2751 adverte
1689 2716 1822 2750 servire
1843 2715 2001 2760 perfecto
2022 2713 2137 2748 corde.
2170 2714 2219 2749 De
2250 2713 2365 2749 tertio
2386 2715 2399 2736 ⁹
2423 2725 2430 2748 :

1409 2791 1425 2810 «
1459 2781 1601 2816 Omnes
1635 2777 1696 2813 isti
1726 2777 1797 2812 viri
1833 2775 2067 2820 bellatores,
2105 2777 2141 2810 et
2173 2773 2344 2821 expediti
2381 2774 2433 2811 ad

1402 2838 1687 2885 pugnandum,
1709 2848 1800 2873 cum
1830 2837 1949 2873 corde
1975 2836 2147 2883 perfecto
2178 2839 2370 2872 venerunt
2393 2835 2432 2871 in

1404 2899 1560 2935 Hebron
1576 2899 1622 2946 (a)
1636 2927 1647 2945 ,
1669 2901 1711 2934 ut
1729 2898 2005 2935 constituerent
2019 2907 2154 2943 regem
2175 2896 2297 2933 David
2317 2908 2434 2945 super

1406 2960 1632 2997 universum
1661 2960 1788 2997 lsrael.
1819 2975 1836 2993 »
1872 2960 1997 2996 Omnes
2036 2961 2108 2994 virt
2134 2959 2318 2994 bellatores
2346 2961 2435 2995 sunt

1404 3033 1541 3060 omnes
1572 3025 1784 3070 martyres,
1806 3021 1873 3069 qui
1904 3021 2061 3057 fuerunt
2093 3019 2145 3056 ad
2172 3020 2432 3067 pugnandum
2484 3032 2591 3065 Marty-

1404 3084 1593 3132 cxpediti,
1614 3084 1758 3121 relictis
1784 3082 2068 3130 temporalibus
2084 3109 2095 3126 ,
2117 3081 2261 3129 quibus
2279 3081 2433 3119 fuerant
2452 3080 2509 3100 res.

1404 3147 1592 3194 impediti.
1622 3147 1664 3183 Hi
1696 3149 1866 3182 venerunt
1893 3147 2053 3191 perfecto
2084 3143 2212 3190 corde,
2242 3144 2336 3190 quia
2362 3154 2433 3191 per

1405 3208 1657 3245 dilectionem
1683 3207 1897 3255 perfectam
1919 3219 1926 3242 :
1958 3209 1997 3242 in
2027 3206 2189 3250 Hebron,
2219 3204 2261 3240 id
2288 3206 2368 3250 est,
2390 3204 2430 3240 in

1403 3270 1596 3307 visionem
1616 3270 1913 3317 sempiternam,
1934 3271 1975 3303 ut
2001 3269 2255 3303 constituerent
2285 3267 2404 3302 David
2415 3294 2428 3312 ,

1404 3332 1445 3368 id
1467 3336 1541 3377 est,
1561 3332 1773 3377 Christum,
1795 3332 1954 3377 aspectu
1975 3327 2278 3365 desiderabilem
2291 3354 2304 3373 ,
2325 3338 2431 3373 super

1403 3422 1416 3442 ⁶
1449 3422 1558 3459 Prov„
1596 3430 1700 3460 xxix,
1743 3422 1792 3451 18.
1829 3435 1868 3442 —-
1907 3417 1917 3438 ⁷
1949 3418 1975 3447 ll
2009 3415 2175 3456 Par-alili„
2215 3423 2272 3446 xvi
2287 3440 2297 3456 ,
2330 3418 2360 3449 9,
2391 3435 2430 3441 -

1407 3471 1418 3486 ‘⁵
1439 3469 1453 3500 l
1473 3468 1636 3509 paralip„
1656 3475 1780 3506 xxxin,
1800 3469 1830 3498 9.
1848 3482 1887 3488 -—
1907 3467 1919 3482 Ξ·
1945 3463 2040 3502 thid„
2061 3469 2126 3502 x11,
2149 3463 2200 3493 38.

1447 3525 1492 3564 (a)
1516 3524 1595 3556 Coet.
1616 3523 1698 3556 edit.
1719 3522 1845 3559 Ebron,
1865 3522 1895 3551 el
1914 3519 1961 3550 sic
1982 3517 2141 3558 deinceps.
