2633 3878
181 3136 222 3159 An
227 3132 284 3167 geli

152 3182 271 3210 quomo-

149 3215 272 3242 homini-

144 3256 200 3283 bus
221 3264 282 3283 ser-

145 3297 206 3324 vire
237 3297 283 3323 di-

145 3340 258 3366 cantur.

272 253 286 288 l
297 250 346 289 36

272 337 384 390 quod
414 335 724 388 appropinquat
758 337 844 377 Soli
876 340 1037 377 aeteruo
1058 367 1069 386 ,
1103 335 1292 386 oportet,

271 407 382 459 quod
401 407 453 446 sit
472 418 588 446 sacra
608 407 841 458 ordinati03
860 411 899 448 et
914 419 989 459 per
1009 406 1087 446 hoc
1105 403 1296 456 sequitur

271 477 382 530 quod
402 477 454 517 sit
473 477 703 524 deiformis,
734 479 832 531 quia
858 479 1011 519 format
1037 488 1131 517 eam
1162 475 1204 514 in
1231 473 1296 514 sui

270 551 527 598 creaturam,
545 549 699 601 partim
717 562 792 602 per
812 553 1009 589 naturam
1022 579 1031 597 ,
1047 546 1203 600 partim
1223 557 1298 597 per

273 620 476 671 gratiam,
509 620 663 672 partim
692 632 766 672 per
799 620 1010 671 gloriam:
1035 630 1110 670 per
1138 616 1295 668 imagi-

270 690 509 739 nationem,
532 703 605 742 ρει·
624 690 943 731 similitudinem
956 721 966 739 ,
988 701 1063 741 per
1082 688 1295 729 deiformi-

271 764 400 803 tatem
424 777 432 802 :
456 765 495 802 ει
515 763 607 802 idco
625 762 809 802 ascendit
833 762 885 802 ad
904 761 1058 801 inditas
1079 760 1298 800 illumina-

271 834 405 874 tiones
432 865 442 883 ,
483 833 710 874 ascendens
755 845 830 885 per
871 832 1153 872 influentiam.
1200 830 1300 870 Haec

272 908 414 945 autem
444 904 666 945 influentia
693 915 779 944 non
816 907 878 945 est
915 902 1161 956 simpliciter
1199 900 1300 953 quid

272 977 508 1017 increatum
529 990 537 1016 :
560 988 638 1016 nec
668 988 722 1017 ex
754 977 835 1016 hoc
867 975 1076 1028 sequitur,
1098 972 1212 1026 quod
1234 972 1298 1012 in·

274 1048 459 1088 fluentia}
486 1048 540 1087 sit
564 1047 804 1095 influentia,
831 1047 931 1099 quia
959 1046 1052 1086 haec
1083 1043 1303 1084 influentia

273 1119 491 1160 reducitur
511 1120 555 1159 in
573 1119 730 1168 Deum3
751 1119 852 1160 dicit
871 1118 986 1159 enim
1016 1115 1303 1157 continuatio-

275 1204 374 1232 nem
403 1203 499 1231 cum
530 1190 667 1244 primo
696 1190 925 1243 principio,
951 1194 991 1229 et
1015 1188 1304 1229 reductionem

278 1264 322 1303 in
341 1263 480 1315 ipsum
495 1294 505 1309 ,
528 1273 615 1302 non
640 1262 748 1302 sicut
775 1273 842 1301 res
871 1261 1044 1301 distans.
1068 1258 1185 1299 Unde
1205 1270 1306 1299 vera

277 1336 338 1374 εει
356 1333 594 1382 influentia,
618 1344 715 1385 quae
734 1332 968 1383 egreditur,
993 1333 1034 1371 et
1048 1329 1304 1381 regreditur,

279 1408 319 1447 et
340 1404 472 1445 Filius
493 1406 503 1426 ¹
532 1420 550 1442 (ι
570 1405 705 1445 exivit
724 1416 749 1443 a
771 1404 909 1452 Patre,
929 1406 970 1443 et
988 1402 1105 1442 venit
1123 1401 1166 1440 in
1187 1412 1308 1440 mun-

280 1477 398 1518 dum.
422 1490 440 1512 »
467 1475 583 1516 Unde
617 1475 740 1525 dicit,
764 1475 876 1527 quod
910 1477 972 1514 est
1002 1472 1230 1513 assimilata
1263 1472 1308 1511 in

281 1561 399 1590 sacra
430 1548 715 1597 ordinatione,
739 1547 910 1587 scientia
927 1578 938 1597 ,
967 1548 1008 1586 et
1025 1545 1210 1595 actione,
1234 1556 1310 1597 per

282 1620 362 1660 hoc
392 1618 503 1671 quod
531 1621 593 1659 εει
621 1618 674 1659 ad
694 1618 964 1667 deiformem,
983 1618 1191 1669 quantum
1210 1626 1307 1667 pos-

284 1690 403 1730 sibile
436 1692 518 1739 εει,
550 1689 778 1730 ascendens
806 1689 962 1741 partim
1000 1700 1076 1740 ρει·
1111 1690 1312 1727 naturam

284 1762 484 1813 imaginis
497 1793 506 1810 ,
524 1762 678 1813 partim
696 1773 769 1813 per
788 1764 986 1801 naturam
1008 1759 1310 1808 similitudinis,

283 1833 437 1874 scilicet
465 1833 635 1885 gratiae,
657 1832 811 1885 partim
838 1844 913 1885 per
942 1834 1139 1872 naturam
1160 1831 1311 1871 deifor-

286 1905 441 1944 mitatis
487 1903 649 1955 gloriae.
694 1903 744 1944 Et
778 1902 1177 1956 proportionaliter,
1214 1903 1316 1955 quia

286 1975 518 2016 ses-undum
550 1974 646 2026 plus
667 2006 679 2024 ,
717 1980 758 2015 et
793 1975 1027 2015 secundnm
1059 1974 1201 2014 minus
1223 2006 1232 2024 ,
1268 1976 1317 2014 ut

286 2060 419 2099 capax
440 2050 522 2096 est,
545 2049 586 2086 ει
606 2050 667 2086 εει
696 2046 740 2086 ιιι
769 2046 1089 2087 similitudinem
1116 2046 1314 2096 reducta3

288 2123 328 2160 ct
343 2132 396 2159 ex
418 2120 497 2159 hoc
518 2118 757 2159 hierarchia
777 2118 1017 2171 disponitur
1036 2131 1110 2171 per
1129 2121 1214 2159 tres
1233 2119 1319 2159 hie-

289 2191 497 2240 rarchias,
523 2194 571 2231 ut
596 2189 817 2242 tripliciter
843 2190 1063 2230 illustrata.
1082 2190 1133 2231 Et
1152 2203 1320 2232 necesse

291 2266 351 2303 est
381 2262 494 2314 quod
526 2262 726 2314 quaelihet
757 2262 911 2302 haheat
938 2264 1024 2302 tres
1053 2262 1236 2302 ordines.
1269 2262 1322 2302 Et

290 2335 429 2388 prima
468 2333 707 2375 hierarchia
745 2333 1043 2385 appropriatur
1081 2333 1218 2383 Patri3
1255 2346 1318 2374 se-

292 2406 430 2447 cunda
454 2437 464 2454 ,
499 2405 640 2455 Filio;
674 2406 799 2445 tertia
822 2437 833 2454 ,
866 2404 1041 2457 Spiritui
1083 2407 1240 2445 sancto.
1273 2405 1324 2446 Et

292 2478 407 2530 quod
434 2477 572 2529 prima
591 2477 832 2517 hierarchia
864 2476 1123 2516 assimiletur
1144 2476 1257 2516 Patri
1277 2477 1323 2517 in

296 2550 456 2599 tribus,
479 2551 519 2589 et
550 2549 733 2589 secunda
758 2548 804 2588 in
824 2548 958 2588 trihus
979 2547 1102 2597 Filio,
1126 2550 1166 2587 et
1198 2548 1247 2599 (α)
1279 2548 1324 2588 ιιι

296 2621 432 2660 trihus
453 2619 628 2672 Spiritui
663 2622 831 2667 sancto,
861 2619 970 2659 sicut
998 2618 1172 2671 patebit.
1196 2618 1321 2659 Suffi-

297 2694 449 2733 cientia
481 2695 623 2733 autem
657 2692 816 2732 horum
853 2691 1076 2744 tripliciter
1106 2691 1322 2743 accipitur.

299 2764 465 2813 Prima,
490 2775 542 2803 ex
575 2763 736 2803 ratione
766 2762 1095 2814 exemplaritatis
1125 2764 1323 2811 aeternae;

300 2835 507 2884 secunda,
529 2846 583 2874 ex
608 2834 855 2885 integritate
873 2833 1151 2882 hierarchiae;
1175 2833 1298 2873 tertia
1313 2864 1324 2883 ,

300 2905 537 2946 secundum
582 2904 899 2957 dispositionem
939 2904 1116 2945 coelestis
1154 2916 1324 2944 monar-

301 2976 423 3019 chiae.
459 2976 564 3017 Nota
594 2976 709 3028 quod
728 3008 739 3026 ,
768 2976 875 3017 sicut
902 2976 1065 3017 homini
1096 2987 1205 3016 caeco
1238 2987 1325 3015 ser-

302 3049 425 3089 viunt
466 3047 595 3089 stellae
639 3060 785 3089 omnes
809 3080 818 3097 ‚
856 3048 914 3088 sic
945 3048 1108 3089 homini
1137 3047 1330 3088 serviunt

304 3119 470 3171 angeli,
501 3119 736 3160 secundum
768 3119 881 3172 quod
912 3120 1085 3159 mittunt
1115 3117 1330 3158 mirabiles

302 3190 619 3231 illustrationes.
650 3189 766 3230 Unde
797 3193 987 3243 peccator
1014 3188 1327 3242 reprehenden-

304 3261 381 3301 dus
410 3265 491 3311 est,
526 3261 599 3314 qui
626 3261 812 3313 negligit
836 3261 936 3310 ista,
964 3264 1004 3301 et
1027 3260 1238 3313 adJ‘utoria
1263 3271 1330 3300 eo-

304 3344 417 3372 rum.
450 3332 499 3372 ln
534 3333 672 3385 prima
713 3331 950 3372 hierarchia
975 3333 988 3352 2
1017 3332 1117 3371 sunt
1157 3330 1331 3370 nomina

305 3402 384 3442 ista
409 3416 418 3442 ε
446 3402 628 3454 Thmui,
654 3403 903 3454 Cherubim,
936 3401 1173 3456 Seraphim.
1198 3402 1243 3442 In
1263 3413 1330 3443 se-

348 3509 359 3530 ¹
386 3508 495 3546 Joan.,
520 3512 668 3548 xv1,28.
689 3528 730 3535 —
754 3511 765 3529 ²
785 3510 898 3551 Dion„
925 3510 964 3541 de
989 3509 1069 3542 Coel.
1097 3510 1203 3548 Hier„
1225 3518 1255 3541 c.
1282 3516 1327 3542 vr.

308 3572 344 3579 —
367 3554 380 3577 ³
398 3555 557 3597 Dicebat;
576 3558 658 3597 qui‘?
679 3558 765 3590 saint
784 3559 1021 3591 Bonaventure
1040 3566 1117 3590 sans
1140 3557 1253 3590 doute.

966 239 1412 286 lLLUMlNATIONES
1439 239 1700 283 ECCLESIAE

1371 331 1529 382 cunda,
1554 329 1888 377 Dominationes‚
1914 328 2118 378 Virtutes,
2151 328 2393 374 potestates,

1373 401 1421 442 In
1444 401 1586 451 tertia,
1610 399 1896 453 Principatus,
1921 399 2205 451 Archangeli,
2225 401 2395 454 Angeli.

1372 472 1423 513 Et
1441 471 1765 523 distinguuntur
1784 469 2020 510 secundum
2042 470 2259 523 exemplar
2279 477 2401 514 aeter-

1371 555 1477 584 num
1502 574 1514 593 ,
1547 541 1660 594 quod
1699 544 1761 581 est
1790 540 1942 592 vigens
1963 572 1975 590 ,
2008 540 2209 592 fulgens,
2246 542 2400 585 calens.

1373 613 1482 655 Deus
1501 613 1686 661 trinitas,
1710 611 1846 659 Pater,
1869 610 2015 662 Filius,
2032 615 2074 653 et
2089 611 2269 666 Spiritus
2288 626 2404 655 sanc-

1372 688 1463 734 tus;
1491 687 1532 725 et
1564 685 1651 724 tota
1681 682 1861 723 essentia
1881 681 2018 723 Patris
2045 684 2090 724 ιιι
2114 684 2206 737 ipso
2224 716 2235 734 ‚
2256 687 2342 727 tota
2360 686 2405 727 in

1377 755 1498 805 Filio,
1519 757 1607 795 tota
1626 754 1671 795 in
1690 753 1849 807 Spiritu
1869 756 2028 796 sancto.
2049 754 2100 796 Et
2119 758 2208 797 tota
2224 757 2406 799 essentia

1378 825 1466 866 Filii
1490 826 1536 866 ιιι
1568 826 1679 878 ιρεο,
1701 827 1788 866 tota
1815 824 1860 865 in
1891 824 2038 876 Patre,
2059 828 2144 867 tota
2173 827 2219 867 in
2248 827 2406 881 Spiritu

1375 899 1531 938 sancto.
1565 896 1616 937 Et
1646 898 1732 937 tota
1763 898 1942 937 essentia
1973 896 2158 950 Spiritus
2193 899 2322 940 sancti
2360 899 2406 939 in

1377 968 1521 1018 Patre,
1551 969 1639 1009 tota
1667 968 1711 1007 in
1746 967 1875 1019 Filio,
1905 970 1994 1009 tota
2022 968 2196 1021 inipso.
2228 970 2272 1011 Si
2301 981 2407 1022 ergo

1375 1039 1612 1080 hierarchia
1626 1039 1747 1079 dehet
1766 1038 1991 1079 assimilari
2005 1038 2199 1080 Trinitati
2210 1071 2221 1090 ‚
2243 1042 2409 1094 oportet

1377 1111 1489 1165 quod
1520 1111 1576 1151 sit
1603 1110 1706 1151 ordo
1733 1110 1807 1164 qui
1838 1111 2086 1163 respondeat
2114 1111 2227 1152 Patri
2257 1124 2409 1154 secun-

1379 1182 1481 1223 dum
1502 1182 1616 1234 quod
1635 1182 1758 1222 estin
1788 1182 1944 1235 seipso,
1967 1185 2008 1223 et
2036 1184 2271 1226 secundum
2296 1185 2408 1237 quod

1381 1259 1443 1294 est
1460 1254 1503 1292 ιιι
1517 1253 1636 1301 Filio,
1653 1256 1694 1293 et
1715 1253 1951 1294 secundum
1971 1255 2084 1307 quod
2103 1258 2165 1296 est
2185 1255 2232 1295 in
2248 1255 2411 1308 Spiritu

1381 1328 1539 1365 sancto.
1561 1324 1763 1365 Similiter
1791 1327 1955 1377 oportet
1980 1325 2096 1378 quod
2127 1326 2179 1366 sit
2208 1326 2311 1367 ordo
2338 1327 2412 1379 qui

1380 1395 1629 1448 respondeat
1648 1395 1775 1445 Filio,
1797 1395 2031 1436 secundum
2051 1396 2165 1449 quod
2185 1399 2247 1437 est
2271 1397 2317 1437 in
2337 1396 2414 1438 Pa-

1382 1471 1460 1516 tre,
1475 1467 1574 1507 etin
1587 1466 1738 1519 εειρεο,
1755 1469 1796 1506 ει
1814 1467 1858 1506 ιιι
1877 1466 2038 1519 Spiritu
2057 1469 2213 1508 sancto.
2232 1466 2282 1508 Et
2299 1467 2412 1509 idem

1383 1541 1446 1579 est
1473 1538 1523 1579 de
1542 1537 1702 1590 Spiritu
1723 1539 1879 1578 sancto.
1903 1537 1974 1578 Ille
1995 1538 2109 1578 enim
2132 1538 2202 1580 Sol
2221 1539 2300 1580 sibi
2321 1551 2414 1593 pro-

1384 1610 1500 1649 ximo
1521 1608 1842 1649 similitudinem
1863 1611 1904 1648 et
1925 1609 2242 1661 expressionem
2261 1609 2313 1662 (a)
2330 1610 2412 1650 im-

1385 1679 1543 1732 primit.
1577 1678 1686 1720 Ordo
1723 1678 1840 1719 Patri
1876 1679 2135 1732 respondens
2172 1680 2405 1721 secundum

1387 1750 1501 1804 quod
1512 1754 1572 1791 est
1586 1750 1631 1790 ιιι
1643 1750 1794 1802 εειρεο,
1812 1752 1873 1790 εει
1889 1750 1991 1791 ordo
2003 1749 2288 1798 Thronorum.
2303 1750 2415 1792 Ordo

1387 1822 1646 1874 respondens
1683 1821 1825 1869 Patri,
1862 1821 2100 1862 secundum
2131 1822 2244 1874 quod
2275 1823 2337 1862 est
2371 1821 2418 1862 in

1390 1893 1496 1934 Filio
1515 1925 1524 1943 ,
1554 1896 1616 1933 est
1635 1893 1737 1933 ordo
1759 1893 2003 1934 Cherubim.
2031 1892 2140 1934 Ordo
2160 1893 2418 1946 respondens

1390 1964 1522 2012 Patri,
1543 1964 1774 2004 secundum
1796 1963 1907 2016 quod
1927 1966 1989 2004 εει
2007 1963 2052 2004 ιιι
2070 1963 2233 2016 Spiritu
2255 1967 2413 2015 sancto;

1391 2039 1452 2077 est
1471 2036 1573 2077 ordo
1595 2035 1830 2088 Seraphim.
1864 2035 1973 2076 Ordo
2004 2035 2262 2087 respondens
2287 2035 2416 2086 Filio,

1392 2108 1626 2148 secundum
1655 2107 1769 2159 quod
1797 2109 1860 2147 est
1884 2107 1929 2146 in
1957 2106 2099 2157 Patre,
2123 2111 2184 2147 est
2214 2107 2317 2148 ordo
2342 2107 2420 2148 Do-

1394 2179 1694 2229 minationum,
1717 2179 1835 2230 cujus
1866 2182 1928 2219 est
1963 2178 2187 2231 imperare.
2219 2178 2328 2220 Ordo
2356 2190 2419 2219 se-

1394 2250 1581 2291 cundum
1603 2250 1716 2302 quod
1735 2249 1866 2290 Filius
1896 2252 1958 2291 est
1981 2251 2026 2290 in
2052 2251 2211 2303 seipso,
2240 2253 2300 2292 est
2319 2251 2422 2292 ordo

1394 2321 1623 2364 Virtutum.
1657 2321 1766 2362 Ordo
1794 2322 2027 2362 secundum
2055 2321 2169 2374 quod
2200 2323 2263 2362 est
2292 2320 2424 2362 Filius

1395 2394 1438 2433 in
1454 2392 1611 2446 Spiritu
1633 2395 1799 2443 sancto,
1816 2395 1878 2433 est
1897 2394 2000 2434 ordo
2019 2393 2296 2435 Potestatum.
2313 2393 2424 2434 Ordo

1397 2465 1581 2518 Spiritus
1601 2465 1731 2505 sancti
1754 2464 1989 2505 secundum
2009 2465 2122 2517 quod
2143 2467 2205 2505 est
2219 2464 2265 2504 in
2280 2463 2421 2515 Patre,

1397 2539 1460 2577 est
1480 2536 1582 2576 ordo
1609 2535 1955 2589 Principatuum;
1978 2535 2211 2576 secundum
2237 2535 2350 2590 quod
2365 2537 2427 2576 est

1398 2608 1443 2647 in
1462 2606 1587 2658 Filio,
1610 2609 1672 2647 εει
1699 2606 1801 2647 ordo
1827 2606 2194 2658 Archangelorum
2208 2638 2218 2657 ,
2240 2618 2426 2660 quorum

1398 2681 1459 2719 est
1494 2681 1652 2719 secreta
1688 2677 1878 2718 revelare
1905 2692 1914 2727 ;
1945 2678 2181 2718 secundum
2214 2677 2328 2731 quod
2365 2679 2428 2718 est

1399 2748 1580 2802 Spiritus
1610 2751 1778 2789 sanctus
1808 2748 1854 2788 in
1878 2748 2037 2801 seipso,
2060 2751 2123 2789 est
2150 2748 2252 2789 ordo
2274 2749 2424 2800 Ange-

1398 2820 1551 2860 lorum.
1577 2818 1681 2859 Item
1701 2818 1862 2860 dicebat
1877 2821 1914 2870 ³,
1938 2819 2052 2872 quod
2078 2819 2208 2860 semel
2236 2819 2424 2860 confere-

1399 2892 1471 2932 hat
1490 2903 1588 2931 cum
1610 2902 1716 2941 uno,
1742 2890 1793 2931 de
1809 2902 1894 2943 quo
1916 2891 2062 2932 ordine
2077 2891 2225 2932 fuisset
2243 2890 2424 2932 Gabriel.

1400 2964 1451 3005 Et
1469 2964 1632 3005 dicebat
1650 2963 1740 3014 ille,
1762 2963 1874 3016 quod
1901 2963 1981 3004 sibi
2010 2963 2240 3005 revelatum
2262 2964 2398 3004 fuerat
2414 2995 2425 3015 ,

1401 3036 1514 3089 quod
1538 3038 1627 3076 erat
1645 3035 1696 3076 de
1722 3035 1860 3075 media
1880 3034 2122 3076 hierarchia
2145 3037 2187 3076 et
2213 3035 2264 3076 de
2288 3034 2428 3076 medio

1400 3107 1547 3148 ordine
1568 3138 1580 3157 ‚
1615 3106 1770 3147 scilicet
1805 3105 2032 3147 Virtutum.
2066 3105 2118 3147 Et
2150 3106 2233 3147 hoc
2259 3105 2428 3147 videtur

1401 3179 1523 3220 valde
1543 3188 1809 3229 congruum,
1831 3179 1879 3216 ut
1903 3176 1995 3227 ille,
2028 3177 2102 3229 qui
2129 3179 2219 3217 erat
2249 3175 2428 3216 nuntius

1402 3248 1682 3302 conceptionis
1701 3246 1795 3288 Filii
1824 3246 1915 3296 Dei,
1938 3247 1989 3288 de
2013 3247 2085 3288 illo
2114 3246 2260 3287 ordine
2289 3245 2427 3286 mitte-

1401 3325 1540 3372 retur,
1573 3321 1646 3375 qui
1681 3319 1784 3361 Filio
1813 3317 2123 3371 appropriatur.
2155 3317 2294 3368 Item,
2327 3316 2428 3370 quia

1403 3397 1492 3436 erat
1510 3393 1688 3435 nuntius
1714 3389 1978 3440 Mediatoris,
1998 3400 2246 3441 congruum
2270 3387 2350 3429 fuit
2378 3389 2428 3429 ut

1401 3468 1453 3509 de
1483 3464 1623 3506 medio
1657 3462 1804 3504 ordine
1842 3460 2094 3502 mitteretur.
2137 3459 2225 3501 Hoc
2266 3459 2427 3501 dictum

1424 3551 1466 3591 (α)
1476 3547 1589 3590 Suppl.
1598 3544 1834 3580 tertia—Cart.
1842 3543 1921 3576 edit.
1931 3542 2148 3577 similitudine
2157 3541 2426 3585 etexpressicne.

2447 607 2544 635 Triui-

2458 651 2526 679 tatis
2616 680 2618 683 ,

2435 692 2560 728 aequali-
2616 705 2621 710 -

2423 736 2480 763 tas.

2624 1572 2633 1610 ⁴2³
2623 1534 2633 1563 »ε
2623 1453 2633 1527 Ι-.,
2620 1409 2633 1444 :stt
2632 1387 2633 1390 „

2470 2887 2588 2924 Gabriel

2465 2939 2549 2974 cujus
2560 2958 2568 2973 ,

2459 2981 2570 3008 hierar·
2628 3014 2633 3017 Α

2447 3023 2520 3050 chiae
2539 3022 2586 3050 sit.
