2633 3878
300 285 376 323 3:54

298 371 427 406 missa.
450 370 500 405 De
528 368 639 405 tertio
662 370 672 390 ¹
696 380 704 404 ε
743 381 761 401 «
792 367 952 404 Domine
967 394 978 412 ,
1000 367 1097 404 doce
1127 378 1194 405 eos
1214 368 1319 405 viam

296 432 457 478 bonam,
479 443 549 480 per
562 443 682 479 quam
696 431 988 478 ingrediantur:
1010 445 1027 465 »
1051 441 1139 467 ecee
1161 430 1318 467 devotio

295 504 415 540 quam
434 493 621 531 Salomon
644 504 713 530 rex
730 493 825 541 petit
846 503 918 540 pro
935 491 1098 539 populo,
1120 493 1162 527 ut
1181 491 1320 528 doceat

293 555 478 591 Dominus
508 555 613 591 viam
644 555 759 592 honre
796 553 1057 602 operationis,
1094 564 1164 600 per
1200 563 1319 601 quam

291 615 560 663 ingrediantur
575 617 615 653 in
634 617 754 654 vitam
772 626 950 663 supernae
968 614 1173 651 felicitatis.

622 721 805 756 Articulus
825 722 989 765 quartus.

334 806 613 850 Justeficaetones
629 806 720 838 tuas.
743 803 825 838 Vox
842 804 897 838 est
917 801 1057 838 animae
1077 801 1191 838 avide
1203 801 1315 847 justi-

289 869 381 904 tiam
402 867 624 912 esurientis,
646 868 682 902 et
707 865 816 913 quod
836 865 1018 901 amiserat
1035 876 1104 912 per
1134 864 1313 912 culpam,

288 940 515 977 recuperare
534 939 605 976 per
621 927 889 976 poenitentiam
907 927 1075 964 sitientis.
1093 926 1193 971 Quid
1210 926 1314 962 enim

287 995 343 1029 est
372 991 623 1038 justificatio,
663 990 736 1026 nisi
771 989 923 1036 justitiae
960 988 1234 1035 recuperatio?
1273 990 1315 1024 Et

286 1055 475 1103 quoniam
495 1054 535 1090 in
555 1053 686 1090 multis
703 1052 932 1097 offenderat,
951 1062 1032 1087 non
1049 1050 1310 1097 singulariter,

284 1117 353 1154 sed
381 1116 582 1165 pluraliter
611 1115 766 1162 justitiae
795 1115 1077 1151 restitutionem
1112 1114 1310 1159 efflagitat.

283 1181 327 1217 Et
359 1182 465 1223 nota,
504 1178 613 1225 quod
637 1177 931 1224 Justificationes
964 1177 1043 1213 islae
1076 1178 1165 1212 sunt
1195 1175 1310 1213 avide

283 1239 510 1288 appetendas
524 1242 683 1286 propter
696 1238 889 1286 triplicem
908 1238 1175 1275 causalitatem
1191 1249 1199 1274 ε
1217 1237 1310 1284 quia

283 1305 442 1339 causant
487 1301 722 1348 puritatem,
772 1301 1011 1346 claritatem,
1059 1299 1306 1337 hilaritatem.

281 1366 448 1402 causant
475 1364 579 1402 enim
599 1363 807 1411 puritatem
826 1364 866 1399 in
886 1362 1200 1409 concupiscibili3
1225 1361 1309 1398 cla-

279 1427 432 1463 ritatem
472 1426 513 1462 in
559 1425 814 1471 rationabili,-
856 1424 1091 1461 hilaritatem
1128 1423 1168 1459 in
1215 1422 1308 1459 iras-

280 1489 400 1525 cibili.
437 1489 610 1526 Primum
642 1490 748 1535 patet
789 1497 860 1534 per
900 1485 1143 1523 Psahnistam
1178 1485 1308 1523 dicen-

276 1553 355 1588 tem
381 1549 395 1570 ²
428 1562 437 1587 :
480 1563 498 1584 «
535 1550 615 1587 Fiat
654 1560 720 1586 cor
757 1560 892 1585 meum
928 1547 1224 1584 immaculatum
1266 1547 1307 1583 in

271 1612 613 1659 justificationibus
645 1611 719 1648 tuis
744 1624 754 1646 .·
782 1625 800 1646 »
830 1621 918 1647 ecce
957 1610 1164 1647 causalitas
1198 1609 1305 1657 puri-

274 1676 372 1712 tatis.
407 1674 630 1712 Secundum
667 1673 790 1720 liquet
823 1683 893 1720 per
930 1673 1166 1720 Prophetam
1199 1671 1306 1719 psal-

273 1736 418 1773 lentem
454 1737 467 1760 ³
508 1749 515 1772 :
565 1749 582 1769 «
620 1735 773 1772 Faciem
817 1737 925 1770 tuam
968 1734 1150 1770 illumina
1188 1744 1306 1780 super

273 1810 430 1836 servum
447 1802 557 1835 tuum
571 1827 580 1844 ‚
602 1812 619 1832 n
645 1801 715 1834 etc.
741 1809 748 1833 :
771 1807 858 1834 ecce
880 1796 1086 1833 causalitas
1106 1795 1301 1833 claritatis.

272 1861 438 1898 Tertium
477 1860 595 1897 claret
634 1871 704 1907 per
735 1858 1100 1907 psalmographiam
1134 1858 1303 1905 loquen-

273 1927 349 1960 tem
368 1924 381 1944 ὅ
410 1935 416 1955 :
455 1936 472 1956 α
492 1921 712 1958 cantabiles
746 1921 843 1957 mihi
870 1923 979 1957 erant
1007 1919 1303 1966 justificationes

272 1990 363 2034 tuae,
385 2002 402 2021 »
427 1989 498 2024 etc.
521 1999 529 2022 :
553 1996 641 2023 ecce
662 1985 867 2023 causalitas
887 1983 1104 2020 hilaritatis.

699 2092 870 2133 Epilogus.

322 2175 515 2220 Distingue
535 2173 666 2220 itaque
684 2182 804 2208 voces
830 2170 969 2207 animae
993 2170 1045 2206 ad
1065 2168 1304 2206 satisfacien-

275 2237 370 2273 dum
399 2236 535 2273 anxiae.
579 2236 666 2271 Vias
697 2243 793 2269 meas
825 2233 1055 2268 annuntiavi.
1095 2233 1190 2266 Ecce
1225 2241 1303 2266 vox

274 2299 428 2346 pavidae
449 2300 608 2346 propter
639 2295 920 2332 reserationem
952 2293 1089 2340 culpae.
1119 2294 1165 2328 Ec
1193 2303 1302 2328 emau-

275 2362 366 2397 ἀίετέ
390 2371 456 2397 me.
486 2362 579 2396 Ecce
619 2368 694 2394 vox
725 2355 900 2404 providae
929 2356 1090 2402 propter
1120 2353 1303 2390 modera-

275 2423 420 2459 tionem
439 2432 575 2469 poenae.
600 2422 689 2456 Doce
708 2430 774 2455 me.
793 2421 886 2454 Ecce
909 2428 988 2454 vox
1006 2416 1166 2453 fervidas
1185 2427 1303 2463 prop-

274 2488 329 2522 ter
368 2483 686 2521 exonerationem
725 2479 983 2517 conscientiae.
1023 2479 1303 2524 Juscz'stcatz'ones

275 2554 368 2585 tuas.
399 2550 492 2584 Ecce
520 2557 599 2583 vox
624 2543 749 2581 avidae
776 2544 937 2590 propter
962 2540 1303 2588 recuperationem

270 2610 437 2657 justitiae.

638 2698 858 2727 vnnsmums
883 2698 933 2724 xi.

322 2803 380 2835 27.
400 2799 505 2834 Viam
519 2796 834 2842 Justificationzcm,
848 2795 919 2829 etc.
934 2791 1102 2829 Audistis
1115 2790 1304 2838 poeniten-

274 2865 352 2899 tem
361 2860 609 2897 humiliatum
623 2858 674 2895 ad
686 2855 967 2901 confitendum,
988 2857 1025 2892 et
1037 2854 1238 2891 anxiatum
1252 2853 1303 2890 ad

274 2922 604 2967 satisfaciendum,
615 2922 711 2958 sicut
719 2921 759 2957 in
767 2919 924 2957 duobus
933 2917 1134 2955 versiculis
1140 2927 1303 2964 praeam-

275 2985 382 3022 bulis
403 2987 459 3021 est
476 2987 687 3021 ostensum.
708 2985 816 3019 Nunc
837 2981 967 3018 audite
988 2980 1174 3017 eumdem
1193 2978 1301 3015 insti-

276 3051 410 3094 gatum
424 3046 475 3082 ad
488 3045 715 3094 proximum
730 3043 1030 3080 exhortandum.
1053 3042 1157 3078 Sicut
1171 3043 1302 3078 autem

276 3109 477 3146 instinctus
504 3107 572 3144 iste
602 3105 931 3154 quadripartitur,
951 3104 1004 3140 sic
1025 3106 1061 3141 et
1091 3102 1302 3139 versiculus

275 3171 344 3207 iste
366 3169 651 3218 quadripartito
675 3167 936 3213 distinguitur.
959 3168 1021 3202 Est
1039 3165 1143 3201 enim
1162 3166 1302 3200 sanctae

277 3232 555 3269 exhortationis
572 3230 771 3267 instinctus
789 3227 1034 3277 provisivus,
1054 3226 1301 3274 praelusivus,

275 3294 493 3342 prolativus
507 3321 520 3338 ,
560 3295 597 3330 et
639 3291 875 3340 praelativus.
921 3289 1087 3326 Intendit
1129 3297 1301 3335 namque

275 3357 465 3403 poenitens
481 3356 550 3392 iste
570 3354 752 3403 proximo
770 3352 1002 3401 providere,
1020 3350 1131 3399 quod
1150 3352 1206 3386 est
1221 3349 1302 3396 jus-

276 3417 386 3463 titiae3
416 3417 684 3464 provisionem
715 3415 957 3463 praevidere,
985 3413 1096 3461 quod
1127 3414 1183 3450 est
1208 3421 1301 3459 pru-

317 3501 329 3521 ¹
354 3500 379 3530 ll
404 3499 569 3541 Paralip.,
591 3507 640 3539 VI,
661 3500 713 3531 27.
729 3515 770 3522 -
791 3498 802 3517 ²
821 3496 912 3529 Psal.
934 3497 1010 3538 hoc,
1032 3497 1083 3528 80.
1103 3511 1146 3519 —
1163 3495 1177 3516 3
1202 3493 1299 3534 lbid„

277 3548 346 3579 135.
367 3563 407 3571 —
433 3547 447 3567 ⁴
472 3546 570 3587 ibid„
596 3548 650 3579 54.
674 3562 715 3569 —
737 3545 869 3584 ⁵1hid.,
897 3547 949 3578 29.
977 3544 1047 3568 ——0
1073 3542 1172 3583 lbid„
1193 3542 1244 3574 30.
1261 3559 1302 3565 —

993 278 1266 320 EXPOSlTlO
1297 279 1349 321 ΙΝ
1379 280 1728 326 PSALTERIUM.

1395 370 1534 409 dentiae
1559 385 1568 409 ε
1590 373 1864 421 praevisionem
1883 371 2078 419 proferre,
2106 369 2217 418 quod
2235 371 2291 407 est
2313 367 2418 406 forti-

1393 433 1552 481 tudiniS,
1589 446 1658 472 seu
1694 434 1933 480 constantiae3
1969 433 2009 469 in
2040 431 2259 480 prolatione
2297 433 2417 468 Deum

1391 496 1594 542 praeferre,
1633 507 1799 545 eamque
1833 497 1931 540 Deo,
1960 505 2041 532 non
2079 493 2153 530 sibi
2184 492 2414 538 attribuere,

1393 558 1504 604 quod
1525 562 1581 595 cst
1600 559 1827 596 humilitatis
1847 561 1913 595 aut
1934 555 2211 605 temperantiae.

1723 663 1910 699 Articulas
1932 663 2087 708 primus.

1437 745 1632 788 Quantum
1651 744 1703 781 ad
1718 744 1904 792 primum,
1926 744 2019 780 dicit
2034 742 2226 791 Propheta
2239 741 2279 778 in
2294 740 2419 789 poeni-

1389 805 1502 841 tentis
1522 806 1718 843 exhortari
1738 806 1928 854 cupientis
1957 815 2127 853 persona
2149 817 2157 840 :
2184 805 2289 841 Viam
2303 796 2416 849 jasti-

1387 868 1606 912 ficatz'onum.
1632 870 1705 904 Ista
1723 868 1786 905 via
1806 871 1862 905 est
1879 867 2142 913 exhortativa,
2161 868 2198 902 et
2216 863 2418 913 proximo-

1387 940 1476 967 rum
1513 931 1715 978 provisiva
1731 959 1743 977 ,
1782 943 1852 980 per
1891 935 1997 968 tuam
2038 931 2191 967 affectat
2225 928 2417 976 poenitens

1388 993 1606 1029 secundum
1628 994 1851 1031 instinctum
1867 993 2040 1040 justitiae,
2063 1003 2141 1028 non
2162 989 2415 1028 solummodo

1387 1053 1476 1099 sibi,
1488 1055 1556 1091 sed
1570 1055 1687 1092 ctiam
1701 1056 1883 1103 proximo
1894 1055 2117 1103 providere.
2133 1056 2174 1090 Et
2186 1055 2293 1096 nota,
2305 1051 2415 1100 quod

1383 1114 1425 1151 in
1459 1116 1727 1154 exhortatione
1763 1119 1896 1154 sancta
1928 1115 2094 1153 occurrit
2121 1113 2415 1151 exhortantibus

1384 1177 1524 1224 triplex
1535 1178 1620 1215 via:
1636 1178 1890 1216 videlicetvia
1904 1177 2141 1219 amovenda,
2154 1176 2218 1213 via
2232 1174 2415 1222 eligenda
2454 1186 2513 1254 ¹vta
2526 1186 2575 1214 tri-

2434 1235 2452 1262 p
2466 1235 2512 1255 ex.

1385 1242 1422 1275 et
1454 1239 1519 1276 via
1549 1240 1798 1288 inquirenda.
1837 1241 1963 1278 Prima
1995 1242 2050 1276 est
2079 1239 2145 1276 via
2175 1237 2414 1286 iniquitatis3

1383 1301 1557 1339 secunda
1575 1304 1631 1339 est
1649 1303 1714 1340 via
1732 1302 1920 1348 veritatis,
1941 1304 1978 1338 et
1997 1301 2106 1338 tertia
2125 1302 2181 1337 est
2199 1299 2264 1337 via
2283 1310 2415 1348 super-

1382 1372 1445 1400 nae
1463 1363 1638 1401 civitatis.
1662 1367 1712 1401 De
1732 1365 1860 1412 prima
1879 1364 1942 1401 via
1961 1374 2032 1411 per
2051 1362 2293 1400 psalmistam
2313 1361 2412 1398 dici-⁴·

1382 1426 1469 1462 tur⁵
1491 1437 1499 1462 ε
1527 1438 1544 1460 «
1571 1426 1683 1463 Viam
1699 1426 1914 1474 iniquitatis
1942 1436 2083 1462 amove
2102 1436 2126 1462 a
2143 1435 2223 1462 me.
2249 1437 2267 1460 n
2296 1425 2340 1461 Et
2358 1425 2414 1460 est

1381 1487 1573 1534 notabile,
1594 1488 1706 1536 quod
1724 1499 1806 1525 non
1826 1487 1920 1525 dicit
1937 1498 1977 1524 se
1999 1486 2264 1524 amovendum
2283 1496 2306 1522 a
2329 1485 2409 1531 vla,

1381 1549 1451 1585 sed
1484 1548 1591 1586 viam
1623 1550 1891 1587 amovendam
1917 1561 1941 1587 a
1975 1561 2015 1587 se
2035 1563 2046 1586 ε
2082 1560 2105 1586 a
2141 1548 2206 1586 via
2241 1557 2414 1595 namque

1382 1613 1602 1657 amovetur,
1624 1611 1694 1659 qui
1714 1611 1755 1648 in
1773 1611 1839 1649 via
1859 1613 1938 1658 est3
1961 1611 2032 1648 sed
2050 1611 2116 1648 via
2133 1611 2342 1648 amovetur
2362 1608 2413 1646 ab

1382 1681 1450 1718 eo,
1477 1672 1545 1720 qui
1566 1673 1750 1710 nondum
1768 1674 1809 1710 in
1833 1674 1898 1711 via
1923 1677 1999 1719 est,
2020 1673 2091 1710 sed
2118 1673 2159 1709 in
2181 1672 2292 1709 illam
2320 1670 2415 1708 inci-

1382 1733 1475 1770 dere
1506 1736 1663 1782 potest:
1696 1746 1785 1772 ecce
1815 1736 1880 1773 via
1899 1735 2136 1773 amovenda.
2168 1737 2220 1771 De
2240 1733 2413 1771 secunda

1380 1795 1444 1832 via
1463 1807 1534 1843 per
1553 1797 1786 1844 prophetam
1805 1797 1984 1845 psallitur
2003 1798 2015 1820 ⁶
2036 1809 2049 1833 .·
2076 1810 2093 1832 «
2113 1796 2224 1834 Viam
2242 1795 2412 1832 veritatis

1381 1857 1493 1904 elegi.
1517 1872 1533 1893 »
1561 1858 1788 1896 Notabiliter
1809 1860 1861 1896 ait
1879 1862 1975 1896 viam
1995 1861 2184 1904 veritatis,
2209 1868 2291 1894 non
2309 1856 2412 1893 veri-

1378 1920 1517 1965 tatem,
1544 1921 1734 1968 quoniam
1756 1921 1845 1957 finis
1864 1931 1946 1958 non
1974 1921 2152 1968 eligitur,
2169 1919 2240 1957 sed
2259 1930 2305 1956 ea
2325 1929 2413 1967 quae

1379 1984 1469 2018 sunt
1490 1982 1542 2018 ad
1561 1984 1681 2020 finem
1703 1995 1711 2019 :
1735 1994 1824 2020 ecce
1847 1983 1912 2020 via
1932 1983 2125 2030 eligenda.
2149 1985 2199 2019 De
2219 1981 2329 2019 tertia
2347 1980 2412 2018 via

1379 2043 1421 2080 in
1439 2044 1526 2091 ipsa
1543 2045 1869 2092 psalmographia
1885 2045 2066 2082 scribitur
2079 2044 2092 2066 ⁷
2111 2057 2122 2081 :
2147 2056 2166 2079 «
2190 2044 2301 2081 Viam
2318 2042 2411 2080 civi-

1379 2106 1467 2142 tatis
1504 2106 1720 2144 habitaculi
1746 2117 1829 2144 non
1862 2107 2108 2144 invenerunt.
2140 2120 2158 2141 n
2197 2109 2284 2143 Non
2319 2105 2413 2142 dicit

1379 2167 1575 2204 civitatem
1588 2196 1600 2214 ,
1642 2179 1764 2215 quam
1805 2170 2036 2215 praesentem
2071 2168 2303 2213 incolimus,
2341 2167 2411 2203 sed

1379 2239 1502 2276 quam
1535 2229 1708 2267 suturam
1743 2229 1978 2276 inquirimus
2012 2242 2020 2265 :
2057 2240 2144 2266 ecce
2181 2229 2243 2265 via
2283 2227 2411 2275 inqui-

1378 2291 1516 2327 reuda.

1697 2339 1885 2374 Articulus
1907 2338 2091 2374 secundus.

1427 2415 1623 2458 Quantum
1656 2413 1707 2450 ad
1738 2415 1970 2460 secundum.
2007 2414 2233 2462 subJ'ungit:
2272 2416 2409 2451 Instrue

1379 2486 1451 2520 me,
1473 2475 1618 2512 scilicet
1646 2475 1687 2511 in
1712 2485 1802 2512 mea
1829 2476 2164 2522 praemeditatione
2173 2504 2185 2523 ,
2205 2477 2285 2514 sive
2313 2487 2411 2524 prae-

1378 2537 1546 2582 visione,
1566 2539 1609 2574 ut
1626 2536 1860 2584 provideam
1889 2538 2080 2585 proximis
2108 2539 2326 2575 secundum
2352 2539 2410 2574 in-

1379 2599 1562 2635 stinctum
1581 2599 1823 2646 prudentiae,
1851 2609 1933 2636 non
1958 2600 2281 2647 impraemeditate
2295 2628 2307 2647 ,
2327 2611 2408 2637 non

1378 2660 1618 2708 improvide.
1638 2662 1681 2697 Et
1708 2663 1826 2706 nota,
1847 2662 1959 2708 quod
1990 2662 2177 2699 Dominus
2208 2662 2408 2710 tripliciter

1378 2722 1531 2759 instruit
1544 2722 1584 2758 in
1598 2723 1949 2770 praemeditatione,
1962 2724 2145 2762 videlicet
2158 2725 2405 2771 mundative,

1377 2783 1657 2830 illuminative‚
1679 2785 1989 2823 consummative
2009 2799 2021 2821 .·
2042 2797 2214 2833 quorum
2232 2787 2407 2835 primum

1378 2847 1526 2893 spectat
1550 2845 1601 2882 ad
1631 2846 1936 2894 conscientiam3
1956 2848 2173 2885 secundum
2205 2849 2257 2886 ad
2281 2848 2406 2886 scien—

1377 2909 1503 2955 tiam3
1536 2908 1694 2946 tertium
1729 2909 1781 2946 ad
1814 2910 2102 2957 praedicationis
2138 2910 2315 2958 gratiam.
2355 2913 2406 2948 De

1378 2972 1506 3019 primo
1527 2973 1540 2994 ⁸
1564 2984 1572 3008 :
1600 2985 1616 3005 «
1637 2972 1828 3008 Erudiens
1848 2983 1915 3009 eos
1940 2973 2094 3010 instruit
2113 2973 2340 3022 disciplina,
2364 2977 2407 3012 ut

1379 3036 1526 3071 avertat
1549 3034 1753 3071 hominem
1781 3035 1832 3071 ab
1868 3035 1915 3071 iis
1952 3046 2040 3083 quae
2071 3035 2178 3081 fecit,
2200 3037 2236 3073 et
2267 3035 2407 3074 liberet

1379 3107 1470 3133 eum
1489 3106 1513 3133 a
1531 3096 1718 3144 superbia
1739 3109 1748 3133 :
1770 3110 1788 3133 >2
1820 3107 1908 3134 ecce
1936 3098 2135 3135 instructio
2163 3098 2402 3136 mundativa.

1379 3160 1429 3196 De
1450 3159 1623 3196 secundo
1644 3159 1784 3196 dicitur
1799 3161 1812 3182 ⁹
1834 3171 1843 3196 :
1870 3173 1888 3194 «
1907 3160 2148 3198 Intellectum
2176 3160 2246 3197 tibi
2274 3160 2403 3206 dabo,

1379 3222 1415 3257 et
1434 3221 1623 3258 instruam
1642 3223 1678 3257 te
1701 3232 1710 3257 ε
1733 3234 1750 3256 »
1775 3232 1863 3258 ecce
1894 3222 2095 3259 instructio
2127 3221 2402 3259 illuminativa.

1378 3285 1429 3320 Dc
1449 3283 1559 3320 tertio
1580 3284 1626 3318 1⁰:
1650 3296 1667 3316 «
1688 3285 1877 3331 praepara,
1898 3287 1934 3322 et
1952 3284 2098 3321 instrue
2118 3287 2168 3331 te,
2189 3286 2226 3320 et
2245 3292 2404 3320 omnem

1378 3345 1671 3383 multitudinem
1707 3348 1842 3392 tuam,
1878 3357 1966 3394 quae
2003 3347 2233 3383 coacervata
2264 3347 2320 3381 est
2352 3344 2404 3381 ad

1376 3411 1411 3445 te
1434 3420 1442 3445 :
1464 3422 1483 3444 >³
1513 3408 1626 3455 quasi
1656 3407 1785 3444 dicat:
1808 3410 2005 3456 Praepara,
2026 3409 2064 3444 et
2089 3407 2234 3444 instrue
2253 3408 2288 3443 te
2306 3416 2405 3454 prae-

1379 3492 1391 3513 ⁷
1413 3491 1502 3523 Psal.
1525 3499 1599 3530 cvr,
1629 3492 1660 3523 4.
1680 3507 1721 3514 —
1742 3490 1756 3513 8
1773 3490 1854 3530 Job,
1876 3498 2005 3530 xxxui,
2028 3491 2076 3522 16.
2097 3507 2137 3513 —
2159 3490 2172 3511 9
2192 3489 2280 3522 Psal.
2306 3496 2403 3531 xxxi,

1379 3540 1409 3571 8.
1427 3557 1467 3563 --
1486 3540 1510 3562 ¹·
1533 3538 1662 3576 Ezeclc„
1684 3545 1832 3578 xxxviii,
1856 3540 1887 3570 7.
