2633 3878
1058 263 1300 307 PSALMUS
1332 264 1502 307 CXVIII.

643 396 814 438 Epilogus.

262 483 340 518 lloc
369 484 438 528 est,
472 479 582 529 quod
602 479 744 516 dicitur
775 489 846 527 per
875 478 1244 526 psalmographum,

217 546 404 592 tanquam
440 543 569 580 virum
601 542 780 590 {equitate
816 541 1026 587 adultum,
1065 551 1246 588 asperna-

215 610 340 643 torem
371 605 673 654 temporalium,
712 607 748 641 ct
784 603 1094 652 amplexatorem
1116 614 1246 640 mora-

214 669 312 707 lium
334 682 342 706 :
368 671 514 717 Propter
533 680 587 716 ea,
608 670 802 717 quantum
822 668 874 706 ad
894 667 1137 715 temporalia,
1159 678 1246 715 quae

216 733 419 781 despecta3
450 733 507 769 Ad
525 734 647 769 omnia
668 731 843 768 mandata
868 734 954 776 tua,
982 732 1176 778 quantum
1195 730 1247 767 ad

215 795 407 842 moralia,
429 806 517 843 quae
537 794 701 840 dilecta3
732 794 941 839 Diri'qebar,
973 795 1165 840 quantum
1196 792 1248 830 ad

215 857 423 894 rationalia
443 857 652 902 desideria,
674 866 761 904 quoe
782 855 928 892 directa
941 868 950 899 3
977 856 1122 892 Omnem
1151 857 1248 891 viam

214 921 374 966 iniquam
404 920 486 956 odio
516 921 651 965 habui,
690 920 882 966 quantum
921 918 972 954 ad
1008 916 1249 955 irrationalia

215 980 424 1028 desideria,
446 992 534 1030 quae
549 983 734 1019 correcta.

427 1141 769 1178 CAPITULUM
815 1140 1031 1177 NONL'M.

534 1264 756 1292 VERSICULUS
779 1263 926 1290 PRIMUS.

266 1363 345 1398 1⁶29.
390 1360 582 1396 Mirabilz'a
621 1359 825 1394 testimonia
862 1363 944 1403 tua,
983 1360 1053 1394 616.
1095 1359 1250 1394 Νο1111111

216 1422 432 1471 capitulum
456 1421 611 1470 incipit,
642 1424 678 1458 et
715 1431 868 1458 nonum
898 1420 1091 1457 ferculum
1127 1420 1249 1457 intro-

216 1485 341 1523 mittit.
378 1487 420 1522 ln
451 1484 674 1532 praejacenti
709 1484 879 1531 capitulo
913 1485 1145 1531 praesentata
1180 1483 1250 1521 suit

215 1547 447 1584 voluntariae
473 1546 699 1584 temeritatis
728 1545 961 1583 intermissio
975 1559 985 1593 3
1008 1546 1048 1582 in
1067 1546 1251 1593 praesenti

216 1619 310 1646 vero
347 1610 605 1657 praesentatur
638 1608 856 1654 judiciarias
899 1607 1114 1645 severitatis
1158 1619 1250 1655 pro-

214 1671 362 1708 missio.
398 1673 442 1708 Et
473 1672 579 1718 patet
610 1670 761 1707 ordinis
794 1671 919 1716 ratio,
951 1670 1142 1718 quoniam
1178 1670 1251 1707 ista

213 1732 423 1780 promissio
444 1734 502 1769 est
518 1731 624 1769 illius
647 1732 945 1769 intermissionis
966 1732 1136 1769 occasio.
1154 1734 1251 1769 Nam

214 1805 505 1843 nonnunquam
545 1795 810 1832 intermittitur
847 1795 983 1843 flagitii
1027 1795 1251 1840 temeritas,

214 1857 406 1901 Quoniam
423 1857 664 1905 promittitur
680 1857 819 1904 judicii
840 1858 1040 1895 severitas.
1061 1857 1252 1895 Promittit

213 1923 346 1958 autem
376 1920 566 1957 Dominus
596 1919 752 1966 justitiae
793 1920 1040 1957 severitatem
1077 1931 1148 1967 per
1191 1931 1251 1958 sa-

213 1982 370 2032 pientiae
399 1982 603 2020 veritatem
634 1994 642 2018 :
678 1981 851 2030 ideoque
884 1983 1059 2030 primum
1091 1985 1251 2021 octona-

214 2046 318 2083 rium
359 2050 528 2094 occupat
563 2045 704 2083 veritas
743 2046 964 2094 sapientiae3
1012 2047 1252 2093 secundum,

214 2108 401 2146 severitas
428 2108 597 2156 Justitiae.
632 2109 741 2146 Unde
774 2119 856 2146 non
894 2110 1066 2146 absurde
1102 2109 1253 2157 primus

55 2180 195 2216 ·*··e4.=id
216 2171 442 2209 octonarius
469 2171 643 2208 initiatur
681 2172 731 2209 ab
753 2172 828 2208 hac
864 2171 990 2209 littera
1028 2172 1126 2219 Phe,
1166 2183 1253 2220 quae

90 2310 177 2339 Sade.

213 2232 490 2281 interpretatur
528 2245 564 2271 os
598 2234 649 2271 ab
687 2245 770 2281 02203
812 2234 905 2282 quia
938 2234 1081 2272 veritas
1120 2238 1176 2272 est
1210 2246 1254 2271 os

214 2297 442 2346 sapientiae,
464 2298 684 2335 seeundum
706 2301 749 2343 (a)
780 2300 911 2335 autem
932 2308 956 2335 a
974 2298 1074 2335 Sade
1099 2298 1226 2336 littera
1240 2327 1251 2345 ,

215 2371 304 2408 quae
332 2360 607 2408 interpretatur
629 2361 794 2407 justitia.
823 2360 967 2398 Veritas
997 2371 1158 2409 quoque
1190 2372 1252 2398 sa-

214 2422 368 2470 pientiae
403 2422 655 2470 distinguitur
692 2423 734 2459 in
772 2422 1057 2470 speculativam
1072 2451 1083 2469 ,
1123 2423 1253 2471 primo

217 2484 469 2532 quaternario
495 2485 777 2533 conJugatam3
801 2490 837 2521 et
857 2485 1038 2531 activam,
1060 2485 1252 2535 secunda-

215 2547 275 2584 rio
295 2547 341 2594 (b)
363 2548 601 2596 copulatam.
625 2548 775 2585 Primus
795 2547 1070 2596 quaternarius
1091 2548 1253 2596 quadri-

215 2610 404 2658 partitur3
436 2611 530 2658 quia
550 2610 693 2648 divinite
713 2610 857 2648 veritas
877 2610 1077 2658 sapientiae
1097 2611 1252 2659 sapien-

217 2672 321 2709 tibus
350 2673 570 2710 seeundum
591 2683 750 2711 carnem
777 2673 1058 2719 absconditur,
1078 2673 1255 2722 parvulis

218 2735 449 2780 ostenditur,
466 2746 538 2784 per
560 2735 780 2773 orationem
801 2736 1020 2782 attrahitur,
1042 2747 1112 2784 per
1133 2736 1253 2773 dilec-

217 2797 367 2835 tionem
386 2797 589 2847 accipitur,
611 2798 710 2836 sicut
725 2798 786 2835 bis
806 2798 908 2836 binis
929 2799 1107 2836 versibus
1127 2799 1254 2846 aperi-

218 2863 291 2898 tur.
327 2859 478 2897 Primus
511 2871 648 2897 versus
681 2860 890 2909 praetendit
925 2861 1159 2909 sapientiam
1193 2872 1252 2898 sa-

217 2923 415 2970 pientibus
461 2924 689 2961 memoratis
742 2923 1017 2962 absconditam
1035 2953 1046 2971 ,
1092 2927 1255 2971 propter

178 3016 183 3022 .
219 2986 593 3034 contemplationem
621 2986 916 3034 incompletam.
949 2987 1047 3023 Cum
1077 2986 1183 3023 enim
1214 2987 1254 3024 in

220 3048 560 3096 contemplationis
579 3049 737 3096 negotio
763 3049 1014 3097 quadruplex
1032 3049 1255 3088 inveniatur

220 3110 320 3149 actio
335 3138 348 3157 ,
368 3110 514 3148 scilicet
543 3111 753 3149 admiratio
768 3104 785 3156 ,⁷
809 3111 1088 3159 perscrutatio,
1111 3111 1256 3150 illumi-

220 3173 352 3220 natio,
380 3173 610 3222 delectatio;
641 3173 825 3210 videntur
845 3173 1159 3221 contemplativis
1185 3186 1255 3213 sae-

221 3235 419 3274 cularibus
445 3236 534 3274 duae
559 3235 715 3285 primae,
738 3236 1051 3284 contemplativis
1076 3236 1257 3285 spiritua-

219 3299 324 3337 libus
372 3299 461 3337 duae
496 3299 751 3346 novissimae,
791 3299 979 3337 divinitus
1018 3299 1212 3348 deputatae
1245 3314 1253 3339 :

221 3361 332 3410 quod
358 3362 446 3400 luce
477 3362 621 3400 clarius
650 3363 823 3401 declarat
849 3362 1181 3411 Psahnographus
1214 3365 1256 3403 in

219 3434 390 3472 persona
417 3425 556 3464 talium
589 3425 848 3474 sapientium,
881 3425 1005 3464 taliter
1045 3425 1219 3465 elocutus
1245 3440 1253 3465 :

265 3507 273 3525 ¹
294 3505 386 3541 Psal.
404 3506 484 3548 hoc,
504 3509 555 3541 18.
574 3525 616 3532 —
635 3508 647 3527 ²
666 3507 787 3550 Eccli.,
810 3515 861 3549 xi,
881 3511 911 3541 4.
936 3524 978 3532 —
998 3507 1010 3527 ³
1032 3506 1128 3540 Psal.
1146 3511 1255 3555 cv,·7.

226 3571 260 3576 -
277 3552 290 3574 ⁸
310 3553 423 3593 Dion.,
442 3556 481 3587 cle
502 3555 581 3588 Coel.
605 3557 711 3597 Hier„
733 3567 762 3589 c.
787 3564 808 3588 1.
825 3575 865 3580 —
886 3557 898 3579 ⁵
914 3555 1004 3588 Psal.
1022 3556 1101 3596 1100,
1124 3559 1194 3590 119.
1219 3576 1252 3581 -

2274 272 2352 312 483

1322 356 1523 400 Mirabilia,
1545 356 1634 400 eto„
1655 355 1768 402 quasi
1795 356 1940 393 diceret
1951 370 1961 403 ς
1991 357 2101 405 quod
2120 358 2278 396 testatus
2298 363 2353 396 est

1320 419 1440 463 Deus,
1474 416 1636 454 miratus
1668 418 1705 453 et
1738 420 1928 456 scrutatus
1955 422 2011 456 est
2040 420 2196 458 animus
2226 432 2349 459 meus.

1321 482 1456 516 Nonne
1483 479 1594 516 vides
1614 482 1744 517 actum
1769 481 1968 528 duplicem
1990 483 2236 530 interjectum
2255 485 2354 522 inter

1321 541 1560 578 intellectum
1585 544 1622 579 et
1642 542 1725 589 ejus
1755 543 1972 590 objectum3
1995 547 2030 581 et
2050 545 2354 584 admirationem

1323 605 1360 640 et
1378 604 1728 650 perscrutationem
1742 633 1755 652 ,
1775 606 1875 643 inter
1898 605 2194 653 intelligentiam
2209 636 2222 654 ,
2241 611 2354 646 natu-

1322 665 1461 714 ralem,
1483 668 1520 703 et
1535 667 1767 714 sapientiam
1787 668 2030 716 spiritualem
2047 669 2066 704 ‘l

1660 775 1842 810 Articulus
1868 776 2023 820 primus.

1372 854 1430 890 Ad
1462 857 1592 891 actum
1627 865 1721 902 crgo
1755 856 2025 894 admirationIS
2049 859 2216 904 spectat,
2247 859 2358 907 quod

1325 919 1454 953 cantat
1475 928 1483 953 :
1505 919 1718 963 Mirabilia,
1740 918 1834 965 quia
1853 918 2052 957 mirabilia
2074 931 2157 958 non
2176 921 2357 968 dixisset,

1325 978 1398 1015 nisi
1415 978 1613 1016 miseratio
1635 980 1907 1027 praecessisset.
1929 981 2034 1018 Talia
2049 982 2249 1020 mirabiha
2269 987 2359 1021 sunt

1328 1042 1447 1080 verba
1466 1043 1630 1090 legalia,
1651 1043 1871 1080 secundum
1889 1043 2092 1082 historiam
2111 1048 2269 1094 aperta,
2289 1048 2359 1084 sed

1325 1104 1544 1142 secundum
1562 1105 1757 1143 theoriam
1784 1108 1933 1154 operta.
1955 1109 1998 1143 Et
2022 1110 2117 1145 nota
2140 1108 2244 1146 circa
2262 1119 2360 1157 prae-

1326 1167 1430 1205 dicta
1448 1167 1661 1215 mirabilia,
1677 1168 1788 1216 quod
1809 1169 2116 1217 contemplanda
2131 1174 2221 1209 sunt
2241 1183 2359 1220 prop-

1325 1232 1382 1267 ter
1407 1230 1480 1268 tria
1502 1243 1510 1266 :
1540 1231 1635 1279 quia
1660 1231 1777 1279 lecta3
1806 1231 1902 1280 quia
1928 1234 2045 1280 tecta3
2074 1233 2168 1281 quia
2193 1245 2275 1272 non
2300 1235 2360 1271 in-

1325 1293 1478 1340 tellecta
1498 1308 1508 1330 :
1537 1295 1728 1342 quoniam
1754 1295 1795 1332 in
1820 1295 2027 1344 scripturis
2057 1296 2268 1345 leguntur,
2289 1299 2360 1336 sed

1326 1355 1462 1402 figuris
1493 1359 1700 1404 teguntur,
1729 1360 1767 1394 et
1798 1357 1848 1395 ab
1881 1357 2145 1396 intellectibus
2180 1360 2361 1398 obscuris

1325 1428 1407 1455 non
1426 1418 1709 1466 intelliguntur.
1731 1421 1782 1457 De
1805 1420 1935 1468 primo
1962 1421 2096 1458 scribit
2114 1422 2361 1471 psalmogra-

1325 1481 1427 1528 phus
1447 1482 1458 1503 ²
1475 1493 1483 1517 ;
1506 1495 1523 1515 (1
1543 1481 1811 1520 Considerabo
1831 1482 2032 1520 mirabilia
2049 1484 2098 1521 de
2118 1484 2205 1532 lege
2226 1488 2293 1524 tua
2310 1498 2319 1523 ε
2339 1500 2357 1521 »

1327 1554 1417 1580 6666
1444 1543 1644 1581 mirabilia
1674 1544 1787 1582 lecta.
1824 1547 1875 1582 De
1908 1546 2085 1584 secundo
2115 1547 2286 1594 legimus
2314 1550 2360 1586 ²:

1331 1619 1348 1639 «
1368 1606 1560 1644 Mirabilia
1580 1617 1702 1654 opera
1722 1607 1923 1654 Altissimi,
1944 1611 1981 1645 et
2001 1609 2193 1656 gloriosa,
2215 1613 2253 1648 et
2273 1611 2361 1649 abs-

1328 1678 1473 1704 consa:
1494 1682 1511 1703 »
1537 1678 1626 1705 6666
1645 1668 1846 1706 mirabilia
1866 1670 2124 1719 abscondita,
2145 1673 2227 1710 sive
2247 1676 2359 1712 tecta.

1327 1731 1377 1766 De
1406 1730 1518 1767 tertio
1548 1741 1709 1778 quoque
1736 1731 1944 1778 psallimus
1970 1734 1984 1756 ³
2012 1746 2020 1770 :
2048 1737 2216 1773 «Patres
2240 1737 2363 1774 nostri

1326 1790 1367 1828 in
1388 1794 1558 1841 AEgypto
1578 1803 1661 1830 non
1682 1793 1959 1833 intellexerunt
1988 1796 2189 1836 mirabilia
2220 1800 2287 1837 tua
2309 1811 2317 1836 :
2341 1813 2357 1834 n

1329 1866 1416 1893 ecce
1434 1856 1635 1895 mirabilia
1651 1868 1734 1895 non
1751 1857 1962 1898 intellecta.

1639 1964 1829 2000 Artz'culus
1854 1965 2040 2002 secundus.

1375 2044 1433 2081 Ad
1460 2044 1694 2092 sapientiam
1713 2046 1957 2094 spiritualem
1975 2048 2089 2096 facit,
2112 2051 2224 2099 quod
2244 2051 2359 2090 dicit:

1331 2108 1547 2144 Testimom'a
1568 2111 1654 2151 τηεμ·
1670 2109 1784 2157 quasi
1805 2109 1880 2146 tuis
1902 2115 1988 2158 tua,
2008 2122 2091 2150 non
2106 2115 2198 2160 tuo,
2217 2115 2364 2153 scilicet

1328 2180 1399 2205 suo
1432 2169 1554 2206 modo
1587 2171 1857 2219 testificantia,
1888 2173 1965 2210 hoc
1998 2176 2055 2211 est
2088 2175 2364 2216 immaterialia

1328 2231 1601 2278 materialiter,
1622 2233 1850 2281 infiguralia
1869 2235 2100 2284 figuraliter,
2121 2237 2364 2288 intempora-

1328 2293 1382 2331 lia
1401 2295 1669 2342 temporaliter
1688 2296 1963 2343 significantia.
1985 2301 2119 2348 Neque
2142 2301 2248 2339 enim
2275 2313 2365 2351 pos-

1328 2357 1441 2394 sibile
1472 2361 1528 2394 est
1560 2357 1678 2396 nobis
1713 2359 1845 2398 lucere
1879 2361 2059 2400 divinum
2089 2364 2269 2413 radium,
2290 2367 2364 2404 nisi

1330 2420 1513 2457 varietate
1543 2431 1746 2459 sacrorum
1772 2423 2018 2462 velaminum
2042 2427 2261 2475 anagogice
2293 2429 2364 2466 cir-

1329 2482 1622 2529 cumvelatum,
1651 2486 1745 2522 teste
1778 2485 1964 2534 Dionysio
1987 2488 2013 2524 ⁴.
2038 2489 2082 2524 Et
2113 2490 2335 2528 notandum
2350 2520 2364 2539 ,

1329 2546 1439 2593 quod
1470 2546 1522 2584 ad
1554 2548 1908 2596 contemplandum
1944 2551 2080 2590 divina
2112 2554 2364 2604 testimonia,

1331 2609 1401 2647 tria
1420 2613 1510 2647 sunt
1538 2612 1761 2650 necessaria
1783 2625 1791 2649 :
1815 2613 1999 2653 videlicet
2024 2615 2200 2665 dilectio,
2227 2621 2272 2657 ut
2299 2631 2365 2658 ve-

1327 2672 1420 2709 ritas
1440 2672 1626 2720 diligatur
1634 2686 1646 2720 ;
1668 2674 1853 2723 directio,
1873 2679 1916 2714 ut
1945 2676 2128 2719 voluntas
2149 2680 2363 2730 dirigatur3

1329 2736 1495 2782 exactio,
1511 2738 1554 2772 ut
1567 2736 1753 2774 habilitas
1765 2738 1956 2786 exigatur.
1979 2742 2030 2778 De
2043 2741 2174 2790 primo
2188 2744 2201 2766 ⁶
2217 2754 2256 2781 z«
2269 2746 2364 2782 Prae-

1328 2798 1546 2836 varicantes
1580 2800 1761 2847 reputavi
1794 2812 1934 2839 omnes
1966 2807 2192 2851 peccatores
2226 2807 2337 2845 terrae
2350 2835 2363 2854 ,

1328 2860 1420 2898 ideo
1455 2860 1574 2898 dilexi
1607 2862 1830 2901 testimonia
1859 2866 1956 2902 tua:
1977 2879 1996 2901 »
2024 2866 2065 2904 in
2093 2878 2175 2916 quo
2205 2868 2363 2908 dilectio

1329 2923 1512 2960 veritatis
1537 2925 1587 2961 De
1612 2926 1788 2964 secundo
1808 2927 1822 2948 ⁶
1843 2939 1852 2963 :
1878 2941 1896 2962 «
1915 2929 2042 2976 Beati,
2057 2931 2126 2979 qui
2144 2934 2364 2971 scrutantur

1329 2985 1550 3024 testimonia
1577 2987 1660 3034 ejus
1689 3000 1698 3025 :
1724 3001 1742 3024 n
1765 2989 1807 3026 in
1832 3001 1912 3039 quo
1940 2991 2105 3031 directio
2134 2995 2360 3034 voluntatis.

1329 3049 1378 3084 De
1401 3048 1512 3086 tertio
1538 3051 1580 3086 ⁷:
1613 3063 1630 3085 «
1659 3052 1713 3088 Da
1738 3052 1837 3089 mihi
1865 3053 2106 3093 intellectum
2124 3085 2137 3103 ,
2165 3059 2208 3094 ut
2240 3058 2362 3098 sciam

1329 3110 1551 3150 testimonia
1570 3114 1636 3151 tua
1659 3125 1667 3150 :
1687 3127 1703 3149 »
1728 3114 1768 3151 in
1788 3125 1869 3163 quo
1889 3116 2040 3156 exactio
2060 3117 2286 3158 habilitatis.

1674 3220 1856 3257 Articulus
1883 3223 2020 3259 tertius.

1377 3299 1436 3337 Ad
1471 3302 1602 3337 actum
1629 3302 1971 3351 perscrutationis,
1996 3315 2065 3343 seu
2097 3307 2362 3358 investigatio-

1329 3363 1411 3409 nis,
1441 3362 1608 3409 pertinet
1634 3363 1745 3410 quod
1773 3364 1953 3403 sublucet
1977 3367 2091 3405 :Ideo
2118 3375 2283 3410 scrutata
2311 3380 2361 3412 est

1333 3436 1399 3469 ea,·
1421 3424 1533 3473 quasi
1555 3424 1684 3462 dicat:
1707 3429 1868 3474 propter
1894 3428 2107 3479 admirari,
2135 3434 2252 3483 coepit
2276 3447 2362 3485 per-

1332 3511 1343 3527 „-
1364 3509 1460 3548 thid„
1484 3512 1513 3540 2.
1532 3527 1572 3532 —
1595 3510 1601 3525 ⁷
1626 3508 1717 3542 Psal.
1738 3509 1818 3550 hoc,
1839 3513 1952 3545 125.—
1971 3514 2018 3557 (n)
2035 3515 2111 3558 Leq.
2128 3519 2364 3552 secundus.—

1332 3558 1375 3591 (m
1399 3557 1471 3595 Lm.
1493 3557 1641 3588 secunda
1662 3559 1890 3597 quater-uario.
