2633 3878
858 229 910 270 lN
940 225 1317 270 HEXAEMERON.
1350 227 1524 270 SERMO
1554 227 1698 270 xvul.

209 336 298 366 non
317 324 483 377 oportet
502 322 634 374 longe
652 321 714 362 ire
732 330 810 373 pro
827 330 875 359 re
896 329 993 371 quae
1013 329 1145 371 prope
1165 320 1240 358 est.

210 394 414 436 Describit
426 394 539 436 enim
555 392 737 446 Spiritus
752 390 883 431 sancti
894 389 1005 431 dona
1022 388 1245 442 Scriptura

209 480 285 522 per
304 470 455 519 totum,
470 466 582 508 unde
602 464 646 505 in
664 464 824 505 Joanne
842 462 941 504 dicit
953 463 964 484 ¹
983 476 992 503 z
1021 478 1039 501 «
1058 461 1179 503 Jesus
1190 462 1245 502 sa-

209 539 237 580 ti
243 542 372 592 gatus
385 550 437 578 ex
457 538 606 578 itinere
617 535 787 576 sedebat
807 534 865 574 sic
879 545 1006 586 super
1026 533 1201 574 fontem.
1218 547 1237 570 »

211 608 411 664 Sequitur
435 613 449 635 ²
471 621 481 650 :
516 623 535 646 «
562 607 641 657 Qui
671 606 825 647 biberit
852 617 906 647 ex
940 616 1077 658 aqua,
1113 615 1244 656 quam

209 693 291 734 ego
312 681 434 729 dabo,
456 681 529 722 fiet
557 679 601 719 in
636 690 685 720 eo
712 679 807 720 fons
839 688 962 730 aquae
992 674 1180 716 salientis
1200 675 1244 715 in

215 753 343 793 vitam
364 755 568 793 aeternam
587 766 596 793 ε
619 765 638 789 1)
657 763 767 804 aqua
787 752 849 791 est
867 748 1016 790 notitia
1036 747 1239 798 veritatis,

210 836 306 878 quae
328 825 441 865 sitim
463 823 692 876 extinguit.
715 822 833 863 Unde
848 821 1008 874 duplex
1029 832 1139 873 aqua
1156 819 1245 860 des-

209 896 406 948 cribitur,
434 896 590 937 scilicet
618 894 774 948 duplex
802 893 966 934 notitia.
999 891 1091 933 Una
1123 893 1244 932 exte—

207 967 314 1018 rior,
341 967 393 1008 de
412 980 498 1021 qua
525 967 598 1020 qui
624 966 758 1016 bibet,
788 965 885 1018 plus
917 964 1026 1014 sitit3
1056 963 1150 1005 haec
1183 966 1245 1004 est

208 1038 379 1087 notitia,
402 1051 500 1091 quae
520 1040 686 1079 tantum
706 1037 882 1090 quaerit,
905 1039 954 1077 ut
977 1035 1103 1084 sciat,
1126 1038 1167 1076 et
1187 1035 1244 1075 ibi

208 1110 327 1150 sistIt.
359 1109 451 1150 Alia
480 1109 678 1158 interIor,
710 1121 807 1162 quae
842 1108 896 1150 ad
933 1109 1111 1161 gustum
1143 1119 1241 1160 pro-

207 1181 341 1233 cedit,
374 1184 416 1222 et
441 1182 623 1223 interius
653 1193 729 1235 per
763 1181 1005 1234 gratiarum
1036 1180 1146 1221 dona
1176 1192 1243 1221 re-

206 1254 319 1306 ficit,
342 1254 393 1296 de
421 1266 507 1307 qua
527 1254 540 1276 ⁸
565 1269 573 1296 :
609 1270 627 1293 (ι
658 1253 739 1303 Qui
768 1253 900 1295 credit
936 1252 982 1292 in
1013 1264 1105 1303 me,
1138 1251 1246 1292 sicut

207 1325 309 1366 dicit
339 1325 559 1380 Scriptura
576 1357 588 1376 ,
632 1326 812 1366 flumina
854 1325 905 1366 de
951 1326 1102 1365 ventre
1151 1324 1245 1376 ejus

207 1397 342 1438 fluent
379 1410 503 1452 aquae
549 1398 677 1440 vivae.
719 1397 805 1438 Hoc
843 1397 950 1438 dixit
992 1396 1043 1437 de
1082 1395 1246 1449 Spiritu

208 1472 352 1510 sancto
377 1503 386 1520 ,
437 1481 565 1522 quem
609 1469 822 1522 accepturi
869 1471 987 1509 erant
1030 1467 1246 1508 credentes

207 1540 252 1580 in
290 1552 404 1580 eum.
448 1556 467 1578 n
509 1540 603 1581 Istae
639 1543 739 1580 sunt
767 1540 780 1561 ⁶
820 1556 839 1579 «
877 1551 1000 1592 aquae
1034 1538 1085 1580 de
1116 1538 1243 1579 fonti-

206 1611 286 1652 bus
321 1610 572 1663 Salvatoris,
616 1626 635 1650 J>
681 1611 837 1652 scilicet
875 1610 1037 1651 notitiae
1079 1609 1242 1662 gratia-

205 1695 305 1724 rum
325 1683 560 1724 reficientes
577 1683 757 1724 animas.
772 1682 900 1724 Juxta
913 1682 1006 1723 haec
1023 1681 1244 1734 mysteria,

204 1758 266 1796 est
300 1755 559 1808 mysterium
596 1754 707 1807 ligni
744 1755 867 1805 vitae,
909 1757 950 1795 et
988 1753 1244 1807 mysterium

203 1827 313 1880 ligni
342 1827 524 1868 scientiae
548 1827 650 1868 boni
672 1829 713 1869 et
739 1827 840 1867 mali
863 1841 870 1868 :
901 1825 975 1879 qui
1003 1826 1118 1866 enim
1149 1827 1244 1865 tan-

204 1901 294 1939 tum
309 1898 464 1951 quaerit
482 1898 691 1950 notitiam,
708 1900 854 1950 gustat
871 1898 922 1951 (a)
945 1898 1067 1950 ligno
1084 1897 1185 1937 boni
1205 1899 1246 1937 et

204 1970 320 2011 mali.
343 1969 393 2011 Et
412 1970 494 2011 hoc
513 1970 733 2023 signatum
752 1973 814 2012 est
827 1970 874 2010 in
897 1969 1004 2011 isaia
1020 1970 1184 2010 dicente
1199 1969 1212 1990 ⁵
1232 1983 1240 2009 :

211 2055 229 2079 (1
257 2040 339 2082 Pro
375 2053 448 2092 e0,
478 2041 592 2094 quod
614 2042 768 2094 abJecit
799 2041 983 2094 populus
1011 2040 1082 2081 ille
1111 2052 1244 2093 aquas

204 2111 341 2162 Siloe,
370 2125 468 2166 quae
495 2116 675 2154 currunt
709 2125 808 2154 cum
841 2112 1030 2163 silenti03
1064 2111 1244 2152 adducet

203 2182 408 2224 Dominus
428 2197 557 2238 super
576 2196 647 2226 005
667 2197 819 2238 aquaS,
843 2198 863 2222 >³
896 2187 973 2225 etc.
998 2182 1117 2225 Unde
1143 2183 1244 2224 dicit

204 2254 490 2310 Hieronymus
518 2261 532 2284 ⁶
557 2272 566 2298 ε
594 2272 613 2296 (ι
639 2257 774 2310 Aquae
794 2255 906 2298 Siloe
935 2258 1117 2297 currunt
1143 2267 1242 2297 cum

204 2339 365 2380 magno
387 2341 626 2371 murmure.
649 2329 766 2382 Ergo
785 2329 958 2371 videtur
984 2327 1097 2382 quod
1117 2327 1240 2369 intel-

172 2397 335 2449 -lectus
364 2401 472 2442 alius
503 2401 562 2442 ibi
593 2403 671 2443 est.
706 2402 842 2454 Aquae
882 2403 1101 2442 currentes
1141 2412 1241 2440 cum

204 2470 382 2522 silentio,
418 2476 516 2513 sunt
537 2484 669 2513 sacrae
693 2471 944 2526 Scripturae,
970 2484 1067 2525 quae
1092 2471 1174 2512 nisi
1195 2471 1240 2511 in

205 2541 369 2583 silentio
381 2543 539 2584 addisci
557 2556 645 2585 non
666 2547 858 2597 possunt,
877 2546 919 2584 et
937 2543 995 2583 ibi
1017 2543 1066 2583 fit
1085 2542 1242 2583 illumi-

205 2613 332 2654 natio.
356 2628 375 2651 »
401 2613 448 2654 In
468 2615 644 2668 signum
663 2615 796 2668 huJus
814 2615 975 2656 dictum
994 2616 1057 2655 est
1071 2625 1182 2655 caeco
1197 2614 1210 2636 ⁷
1229 2629 1237 2655 :

212 2698 231 2723 (1
250 2683 384 2737 Vade,
407 2685 504 2728 lava
522 2687 567 2728 in
586 2688 797 2728 natatoria
817 2686 949 2739 Siloe,
973 2686 1089 2740 quod
1104 2686 1240 2728 inter-

206 2760 396 2809 pretatur
434 2757 585 2800 Missus
614 2774 622 2800 :
659 2774 678 2797 »
724 2771 848 2813 aquae
882 2758 998 2800 enim
1035 2758 1126 2799 istae
1165 2770 1241 2811 per

205 2828 509 2872 revelationem
534 2833 648 2872 sunt.
678 2829 760 2872 Sed
784 2832 948 2884 oportet
972 2829 1092 2884 prius
1116 2829 1240 2871 linire

205 2902 349 2944 oculos
379 2903 468 2945 luto
498 2916 552 2945 ex
584 2907 710 2959 sputo
736 2907 777 2945 et
806 2903 984 2957 pulvere
1017 2902 1066 2956 (b)
1095 2903 1202 2944 facto
1227 2918 1235 2943 :

205 2973 336 3016 saliva
371 2979 433 3016 est
462 2976 697 3030 sapientia3
727 2975 893 3034 pulvis,
926 2987 1025 3016 caro
1057 2974 1235 3026 Christi;

204 3044 376 3098 lutura,
399 3047 504 3088 fides
522 3048 574 3089 de
597 3048 802 3102 mysterio
818 3047 1137 3089 incarnationis.
1160 3047 1240 3098 Qui

206 3120 349 3159 autem
369 3122 571 3172 quaerunt
592 3123 606 3146 ⁸
627 3119 773 3172 Rasin,
795 3121 836 3161 et
855 3118 992 3160 filium
1015 3118 1237 3172 Romeliae,

206 3192 306 3231 sunt
343 3191 418 3244 qui
448 3194 648 3245 quaerunt
684 3192 916 3234 exteriores
945 3191 1152 3233 scientias.
1187 3191 1239 3234 Et

206 3261 299 3304 ideo
331 3263 526 3318 princeps
548 3264 827 3319 Assyriorum
851 3263 1141 3305 dominabitur
1161 3264 1236 3316 eis,

205 3333 308 3386 quia
326 3333 532 3378 Dominus
550 3336 700 3379 voluit.
725 3335 777 3378 Et
799 3335 881 3377 hoc
905 3334 1142 3376 notandum
1159 3339 1237 3388 est,

207 3404 321 3457 quod
347 3405 426 3447 filii
457 3406 585 3449 Israel
614 3407 861 3450 habuerunt
892 3417 997 3448 vasa
1032 3409 1240 3459 argentea

250 3510 263 3532 ¹
278 3511 386 3553 loun„
405 3521 451 3555 iv,
476 3516 508 3547 6.
530 3532 572 3539 -
592 3516 607 3538 ²
627 3514 727 3557 111111,
749 3516 800 3548 14.
823 3531 859 3538 -
883 3515 897 3536 ⁸
915 3515 1024 3553 Joan.,
1045 3521 1106 3555 vn,
1129 3515 1182 3547 38.
1199 3532 1233 3539 -

209 3557 223 3579 ⁶
241 3558 320 3601 Isth,
341 3568 404 3602 111,
423 3563 454 3595 3.
475 3579 516 3587 -
542 3564 553 3582 ⁶
577 3564 655 3603 1sa.,
680 3571 753 3604 vni,
773 3565 803 3596 6.
824 3581 866 3587 -
891 3563 903 3582 ⁸
927 3562 1082 3603 Hieron„
1103 3563 1137 3594 in
1157 3562 1238 3602 Iso..

2270 231 2347 272 115

1320 317 1493 371 AEgypti
1516 331 1525 358 ι
1546 318 1618 358 sed
1639 320 1783 371 postea
1803 331 2025 373 nunquam
2046 318 2183 361 voluit
2209 319 2350 361 Domi·

1318 401 1400 430 nus
1427 390 1540 442 quod
1567 393 1882 431 reverterentur
1907 390 1952 431 in
1987 390 2235 444 AEgyptum.
2273 390 2349 433 Hae

1319 463 1421 501 sunt
1449 460 1781 502 illuminationes
1806 460 2026 501 duodecim
2047 462 2351 504 intellectuales

1318 533 1362 573 in
1381 532 1575 586 paradiso
1593 533 1747 574 mentis
1769 533 1986 584 humanae,
2009 533 2066 574 ita
2086 535 2198 587 quod
2216 535 2349 577 unde-

1319 604 1430 645 cima
1448 607 1510 645 est
1528 605 1699 657 lignum
1720 605 1906 646 scientiae
1923 604 2023 646 boni
2044 607 2086 646 et
2101 606 2203 647 mali
2219 619 2229 657 3
2245 607 2350 648 duo-

1319 675 1482 718 decima
1504 680 1647 718 autem
1667 680 1729 718 est
1745 677 1919 730 lignum
1936 678 2051 719 vitae.

1604 829 1833 874 SERMO
1874 830 2068 875 XVIII.

1321 940 1500 984 Quomodo
1526 942 1722 978 intellectus
1748 943 1940 978 ordinatur
1965 943 2015 978 ad
2041 943 2223 989 affectum,
2256 946 2289 979 et
2315 945 2358 981 de

1668 1003 1851 1046 fruct-ibus
1876 1012 2006 1039 eorum.

1374 1107 1387 1129 ⁹
1406 1106 1588 1149 Protulit
1602 1110 1718 1150 terra
1734 1107 1903 1150 herbam
1923 1109 2161 1161 virentem,
2177 1112 2253 1152 etc.
2272 1110 2359 1152 Dic-

1321 1181 1414 1219 tum
1432 1180 1494 1219 est
1511 1190 1654 1231 supra,
1672 1179 1785 1232 quod
1797 1179 1880 1220 illae
1897 1179 2073 1221 theoriae
2093 1180 2359 1223 reducuntur

1321 1252 1374 1294 ad
1388 1252 1770 1294 considerationem
1787 1252 1998 1306 duplicem
2019 1268 2027 1294 :
2051 1253 2105 1294 ad
2124 1253 2358 1296 considera-

1319 1322 1481 1364 tionem
1504 1335 1776 1365 successuum
1801 1328 2068 1378 temporum,
2097 1328 2137 1366 et
2158 1325 2238 1367 51111
2263 1339 2357 1369 mu-

1319 1397 1394 1435 tuo
1409 1395 1834 1447 correspondentium
1851 1395 1897 1436 in
1911 1396 2224 1448 gubernatione
2237 1410 2360 1439 mun·
2377 1392 2381 1395 ’

1320 1467 1386 1519 di,
1410 1470 1451 1508 et
1477 1467 1535 1507 sic
1562 1467 1862 1520 intelliguntur
1889 1480 1965 1521 per
1991 1469 2174 1517 semina;
2205 1471 2361 1511 consis-

1319 1540 1417 1578 tunt
1437 1538 1564 1578 etiam
1587 1538 1698 1579 circa
1719 1538 2100 1581 considerationem
2122 1540 2359 1584 salubrium

1321 1609 1767 1663 circumspectionum,
1792 1610 1861 1651 vel
1880 1611 2177 1664 refectionum,
2202 1613 2359 1666 quibus

1320 1681 1463 1722 anima
1502 1681 1720 1732 reficitur,
1762 1687 1804 1722 et
1848 1682 1907 1723 sic
1945 1683 2249 1737 intelliguntur
2285 1698 2361 1739 per

1318 1753 1482 1795 fructus
1507 1768 1514 1793 :
1549 1756 1590 1794 et
1615 1754 1674 1795 sic
1698 1753 1767 1795 ille
1795 1754 1960 1796 fructus
1986 1759 2048 1797 est
2071 1757 2269 1808 decorus,
2292 1770 2357 1799 se-

1320 1825 1510 1866 cundum
1543 1825 1657 1878 quod
1681 1825 1773 1878 ipso
1806 1828 1996 1868 reficitur
2025 1828 2280 1880 intellectus;
2319 1833 2361 1871 et

1320 1899 1381 1936 est
1411 1896 1602 1949 sapidus,
1633 1897 1867 1939 secundum
1898 1899 2011 1952 quod
2047 1900 2138 1954 ipso
2170 1902 2360 1944 reficitur

1320 1966 1528 2008 affectus:
1567 1968 1640 2009 sed
1671 1969 1764 2010 haec
1798 1971 1970 2012 refectio
2001 1972 2142 2013 adhuc
2166 1973 2217 2014 ad
2246 1973 2359 2015 aliud

1319 2038 1554 2080 ordinatur.
1584 2039 1751 2081 Dictum
1778 2044 1840 2082 est
1868 2045 2033 2094 autem,
2061 2043 2264 2097 quoniam
2293 2045 2359 2085 in-

1319 2110 1511 2152 tellectus
1528 2111 1766 2153 illustratur
1779 2124 1854 2166 per
1869 2113 1946 2154 has
1961 2113 2162 2167 theorias,
2181 2118 2231 2156 ut
2246 2115 2359 2158 ultra

1318 2182 1572 2236 procedatur
1604 2182 1656 2223 ad
1679 2184 1944 2235 gustandum
1975 2185 2069 2238 ejus
2090 2186 2298 2239 fructum,
2319 2190 2359 2228 et

1319 2254 1398 2295 hoc
1430 2265 1602 2295 necesse
1636 2257 1713 2296 est.
1741 2254 1820 2304 Qui
1854 2255 1968 2298 enim
1997 2257 2051 2298 ad
2081 2257 2162 2299 hoc
2190 2261 2357 2300 tantum

1317 2325 1504 2376 laborat,
1529 2328 1578 2367 ut
1597 2325 1701 2367 sciat
1725 2327 1828 2380 quid
1849 2330 1890 2369 et
1908 2330 2122 2382 quomodo
2141 2330 2354 2385 loquatur,

1317 2397 1498 2438 interius
1516 2410 1679 2449 vacuus
1695 2402 1903 2451 remanet,
1923 2404 1971 2441 ut
1988 2401 2088 2443 dicit
2104 2401 2353 2456 Gregorius,

1317 2469 1369 2510 ab
1389 2469 1557 2510 interna
1575 2469 1799 2512 devotione
1823 2485 1833 2511 :
1863 2471 1965 2525 quia
1984 2475 2220 2515 secundum
2243 2475 2355 2529 Apo-

1317 2539 1474 2581 stolum
1494 2540 1523 2563 ¹⁰
1537 2540 1647 2581 fiunt
1666 2555 1685 2579 (1
1696 2541 1816 2583 velut
1829 2554 1887 2584 aes
1904 2555 2075 2595 sonans,
2093 2548 2168 2586 aut
2187 2547 2356 2600 cymba-

1316 2611 1408 2653 lum
1421 2612 1623 2653 tinniens.
1647 2626 1665 2650 »
1691 2611 1935 2655 Illustratur
1951 2619 2097 2658 autem
2118 2617 2356 2661 intellectus

1316 2683 1539 2725 duodecim
1562 2683 1722 2735 modis,
1739 2687 1787 2726 ut
1805 2685 1964 2728 dictum
1984 2691 2065 2738 est3
2088 2689 2161 2730 sed
2180 2689 2223 2730 in
2245 2701 2355 2744 qua-

1315 2759 1413 2798 tuor
1447 2756 1583 2798 modis
1615 2756 1776 2798 ultimis
1812 2758 1966 2801 melius
2000 2760 2188 2812 dicetur,
2223 2774 2354 2816 quam

1316 2829 1536 2872 dicebatur
1556 2829 1694 2882 011115,
1728 2833 1778 2872 ut
1809 2831 1944 2883 idem,
1980 2833 2094 2886 quod
2115 2835 2354 2888 ponebatur

1316 2903 1361 2943 111
1390 2900 1617 2943 111111001ωο
1648 2901 1768 2953 1000,
1797 2906 1982 2957 ponatur
2016 2904 2060 2945 in
2086 2905 2350 2950 duodecimo.

1318 2974 1392 3016 Illa
1420 2985 1524 3026 ergo
1545 2975 1748 3026 quatuor,
1780 2975 1938 3028 quibus
1966 2976 2104 3018 utitur
2135 2977 2354 3033 Scriptura

1316 3051 1358 3089 et
1382 3046 1622 3088 illustratur
1647 3045 1817 3097 anima,
1847 3050 1947 3088 sunt
1977 3051 2161 3102 quatuor
2189 3051 2351 3094 civium

1315 3119 1512 3175 praesidia
1527 3150 1537 3169 ,
1577 3117 1653 3171 qui
1688 3121 1787 3159 sunt
1827 3120 2001 3173 spiritus
2039 3122 2291 3165 hierarchici
2329 3138 2352 3167 e

1316 3193 1492 3241 directo;
1515 3189 1618 3230 item
1631 3189 1823 3231 hostium
1837 3193 2070 3234 certamina
2089 3206 2143 3235 ex
2163 3195 2348 3250 obliquo,

1315 3267 1364 3307 ut
1383 3265 1497 3317 patet
1509 3261 1560 3303 de
1573 3260 1710 3302 tribus
1729 3261 1947 3305 hostibus:
1967 3265 2208 3316 gratiarum
2222 3267 2348 3320 dona,

1316 3349 1339 3378 0
1373 3334 1541 3376 vicino:
1581 3332 1824 3384 figurarum
1853 3334 2004 3387 signa,
2041 3348 2064 3377 e
2096 3335 2347 3394 longinquo.

1317 3457 1394 3482 νηί,
1416 3465 1458 3472 .-.
1485 3447 1493 3464 ⁷
1512 3446 1622 3486 Joan.,
1643 3452 1694 3486 lx,
1715 3447 1746 3477 7.
1769 3463 1810 3470 -
1832 3447 1844 3465 ⁸
1862 3447 1940 3487 Isa.,
1963 3455 2038 3490 vin,
2063 3451 2094 3482 6.
2115 3468 2155 3476 -
2175 3451 2190 3474 ⁹
2209 3453 2303 3494 Gen„
2324 3463 2350 3497 1,

1318 3499 1368 3530 12.
1384 3513 1423 3520 -
1443 3495 1469 3514 ¹⁰
1488 3495 1500 3527 1
1522 3494 1615 3533 Cor„
1639 3500 1715 3533 xm,
1746 3495 1774 3526 1.

1359 3562 1404 3603 (α)
1426 3558 1543 3602 Suppl.
1564 3558 1665 3590 (10-
1688 3557 1735 3599 (ὁ)
1757 3558 1837 3591 coet.
1857 3559 1941 3593 edit.
1963 3564 1996 3594 et
2015 3566 2114 3604 sputo
2133 3573 2176 3597 ex
2192 3566 2346 3607 pulvere.
