2633 3878
81 1197 202 1230 Figura-

61 1246 73 1261 .·
86 1245 125 1262 rn
150 1237 202 1263 mi-

81 1278 184 1304 rabilia

61 1322 87 1344 1.-
101 1319 198 1353 pllcia.

226 272 301 310 342
920 257 1196 302 EXPOSlTlO
1225 255 1280 297 IN
1309 253 1658 298 PSALTERIUM.

224 358 321 404 legis
340 356 405 392 Dei
429 354 606 391 distincte
627 357 663 390 et
682 354 815 400 aperte
844 350 898 387 ad
926 347 1226 394 intelligendum
1241 373 1254 391 ,

225 423 261 455 et
280 417 553 454 intellexerunt
582 426 672 452 cum
691 414 908 461 legeretur-3
930 426 946 444 υ
971 420 1059 448 0000
1078 408 1254 456 prudens

223 480 351 522 lectio,
367 489 447 526 qua
461 477 650 514 imbuitur
660 475 823 523 legentis
835 474 949 511 ratio.
969 474 1018 509 De
1030 469 1204 507 secundo
1220 470 1251 506 ¹:

228 559 244 573 «ι
268 543 457 588 Legerunt
482 539 523 576 in
553 537 756 576 volumine
786 536 885 583 legis
920 532 1072 570 Domini
1098 531 1164 568 Dei
1195 531 1254 567 sui

224 607 361 651 quater
381 603 421 638 in
441 602 503 638 die
519 630 529 647 ,
552 605 587 638 et
608 603 746 648 quater
771 600 811 635 in
830 599 944 634 nocte
965 594 1252 632 confitebantur

225 670 261 702 et
293 665 514 701 adorabant
544 664 752 700 Dominum
786 663 908 697 Deum
941 669 1058 696 suum
1080 670 1088 694 :
1111 670 1129 691 n
1163 667 1252 694 ecce

222 727 406 775 frequens
424 726 565 772 lectio,
593 736 672 773 qua
700 725 882 760 movetur
903 720 1069 758 affectio.
1099 722 1149 756 De
1178 721 1252 755 ter-

222 789 276 826 tio
290 789 303 810 ²
322 801 330 825 :
354 803 372 821 «ι
391 791 508 835 Leges
527 787 650 824 verba
669 785 766 832 legis
782 784 900 831 hujus
918 793 1055 820 coram
1075 781 1184 818 omni
1201 782 1252 817 ls-

186 871 190 874 -
221 851 325 895 rael,
346 850 597 887 audientibus
618 848 718 894 illis,
740 861 756 881 n
782 850 854 883 etc.
878 858 886 882 :
910 856 998 882 ecce
1017 847 1154 892 patens
1173 843 1253 879 lec-

222 913 298 958 tio,
321 923 400 960 qua
421 912 622 948 instruitur
641 909 887 947 audientium
905 906 1132 944 multitudo.

539 1017 721 1052 Arni-ulus
747 1014 934 1051 secundus.

270 1103 470 1138 Min-abillo.
494 1102 571 1137 Hoc
591 1099 724 1136 scribit
744 1100 936 1145 quantum
956 1094 1008 1132 ad
1028 1096 1160 1131 actum
1179 1092 1252 1129 ad-

222 1164 452 1200 mirationis.
474 1162 582 1199 Actui
610 1161 715 1197 enim
734 1158 912 1196 lectionis
940 1155 1114 1193 succedit
1146 1157 1253 1191 actus

222 1225 493 1262 admirationis
513 1251 524 1268 ,
557 1223 652 1270 quia
682 1222 779 1259 dum
809 1221 978 1267 legimus
1011 1218 1253 1265 Scripturas,

221 1288 349 1324 statim
367 1286 577 1322 incidimus
597 1286 639 1321 in
657 1284 817 1330 figuras.
847 1285 890 1319 tit
910 1284 1003 1318 nota
1019 1309 1031 1326 ,
1053 1279 1164 1327 quod
1182 1278 1254 1315 ista

220 1350 439 1396 figurarum
460 1347 658 1384 mirabilia
678 1349 766 1382 sunt
795 1343 986 1391 triplicia,
1019 1342 1116 1388 quia
1146 1351 1252 1388 quae-

221 1411 314 1448 dam
333 1413 422 1446 sunt
446 1408 644 1446 mirabilia
665 1410 858 1455 quantum
886 1405 940 1442 ad
970 1415 1087 1441 usum
1102 1416 1113 1450 3
1146 1413 1253 1450 quee-

220 1474 328 1518 dam,
348 1475 541 1520 quantum
557 1471 609 1507 ad
628 1470 808 1507 auditum
818 1482 829 1515 5
849 1467 1046 1516 quaedam,
1059 1467 1253 1514 quantum

218 1535 270 1572 ad
289 1534 543 1572 intellectum.
578 1533 750 1569 Primum
781 1531 948 1578 pertinet
982 1529 1034 1566 ad
1065 1527 1253 1575 figurales

219 1596 494 1646 operationes3
516 1594 736 1632 secundum
750 1621 761 1638 ,
795 1592 848 1629 ad
876 1590 1063 1638 figurales
1084 1590 1252 1627 locutio-

217 1671 286 1696 nes
303 1672 312 1705 ;
329 1658 483 1695 tertium
493 1686 503 1702 ,
523 1656 576 1693 ad
591 1655 777 1702 figurales
791 1654 974 1691 visiones.
999 1655 1049 1689 De
1066 1652 1198 1700 primo
1213 1653 1249 1688 ³:

222 1738 237 1753 ι(
255 1719 445 1758 Mirabilia
465 1729 587 1766 opera
608 1717 790 1754 altissimi
817 1715 958 1761 solius,
993 1717 1030 1751 et
1057 1713 1251 1760 gloriosa,

217 1788 253 1820 et
274 1783 469 1819 absconsa
486 1810 497 1826 ,
520 1784 556 1816 et
574 1780 701 1816 invisa
722 1789 842 1826 opera
862 1777 967 1813 illius
990 1789 998 1812 :
1022 1790 1040 1810 ›>
1063 1786 1152 1812 ecce
1179 1775 1253 1811 mi-

216 1845 358 1881 rabilia
380 1843 609 1890 figuralium
636 1841 913 1889 operationum
926 1867 939 1884 ,
960 1839 1055 1886 quia
1074 1837 1251 1874 visibiles

217 1907 281 1943 Dei
312 1906 470 1942 facturae
495 1934 504 1949 ,
542 1903 802 1940 invisibilium
833 1904 922 1938 sunt
955 1902 1104 1947 figurae.
1145 1899 1251 1936 [nde

217 1968 422 2015 Dionysius
441 1995 452 2011 ,
490 1967 531 2002 in
568 1965 734 2013 epistola
771 1964 824 2000 ad
858 1963 1020 1999 beatum
1058 1964 1251 1999 Joannem

217 2029 439 2078 apostolum
453 2029 494 2064 in
504 2028 688 2065 pathmos
702 2026 873 2063 insulam
888 2025 1128 2072 relegatum:
1153 2037 1170 2058 α
1184 2025 1251 2060 Ve-

216 2105 256 2130 re
273 2123 283 2139 ,
298 2093 444 2141 inquit,
464 2091 664 2128 manifeste
685 2089 877 2136 imagines
895 2091 985 2125 sunt
1003 2086 1177 2123 visibilia
1192 2086 1250 2122 in-

216 2155 444 2192 visibilium.
461 2168 478 2187 u
500 2154 609 2192 Idem
623 2163 783 2200 quoque
797 2151 838 2187 111
848 2150 1016 2198 epistola
1031 2149 1084 2186 ad
1095 2149 1223 2186 Titum
1240 2162 1248 2183 :

221 2234 237 2251 a
257 2218 507 2266 Apparentis‚
542 2215 696 2262 inquit,
729 2214 858 2251 omnis
887 2212 1029 2249 mundi
1073 2211 1250 2259 operatio

219 2285 275 2316 est
294 2279 552 2316 invisibilium
570 2277 636 2313 Dei
662 2275 894 2323 propositio.
919 2290 935 2306 υ
961 2276 1011 2310 De
1031 2273 1207 2310 secundo
1239 2285 1247 2308 :

223 2356 238 2374 κ
259 2340 448 2378 Mirabilia
468 2338 690 2376 testimonia
710 2341 777 2374 tua
798 2348 839 2373 :n
865 2346 955 2373 ecce
975 2334 1174 2372 mirabilia
1204 2334 1250 2370 fi-

219 2403 417 2450 guralium
435 2401 661 2438 lectionum.
689 2402 738 2435 De
772 2398 883 2435 tertio
914 2398 926 2419 ³
950 2410 958 2434 ι
984 2411 1001 2432 1(
1022 2396 1107 2433 Dixi
1137 2396 1221 2433 viro
1239 2425 1249 2442 ,

220 2465 287 2512 11111
306 2464 466 2500 indutus
490 2466 570 2500 erat
588 2462 701 2499 lineis
715 2490 727 2507 ,
750 2460 818 2508 qui
838 2459 965 2496 stabat
988 2469 1104 2506 super
1125 2468 1251 2505 aquas

219 2526 391 2563 fluminis
413 2537 422 2561 :
443 2535 652 2573 usquequo
671 2523 760 2559 finis
779 2522 925 2558 horum
943 2520 1187 2558 mirabilium
1200 2521 1218 2556 ⁵?
1231 2534 1247 2553 »

220 2599 309 2625 ecce
328 2587 527 2625 mirabilia
546 2585 775 2634 figuralium
795 2584 1006 2621 visionum.

557 2690 747 2726 ,articulus
775 2691 917 2724 tertius.

268 2777 317 2811 Et
333 2775 573 2810 considerabo.
594 2774 659 2810 Hic
679 2773 850 2819 tangitur
865 2775 973 2809 actus
990 2771 1253 2817 investigatio-

222 2839 294 2874 nis.
325 2837 434 2873 Actui
465 2836 736 2872 admirationis
761 2834 934 2871 succedit
959 2836 1068 2870 aetus
1096 2832 1254 2869 investi-

225 2899 404 2946 gationis.
425 2899 522 2934 Cum
541 2897 646 2934 enim
665 2897 707 2933 in
725 2896 891 2933 lectione
914 2894 1118 2942 Scripturae
1136 2893 1253 2930 nobis

225 2962 434 2998 occurrunt
453 2959 608 3006 figurae,
630 2959 671 2994 in
691 2958 835 3005 quibus
855 2960 912 2993 est
931 2958 1068 3004 operta
1085 2956 1166 2993 sive
1187 2966 1254 2992 ve-

223 3022 303 3059 lata
323 3022 461 3058 veritas
481 3031 551 3068 per
579 3020 773 3068 quasdam
793 3018 1080 3066 metaphoricas
1101 3020 1255 3066 opertu-

225 3096 308 3129 ras,
332 3083 624 3120 considerantes
654 3081 956 3127 investigamus,
989 3083 1026 3116 et
1059 3080 1255 3117 velaturas

1326 348 1389 382 tur
1401 347 1415 368 ⁵
1438 357 1447 382 :
1475 358 1493 379 11
1508 343 1733 392 Diligentius
1751 344 1986 391 praeparate,
2007 345 2045 380 et
2063 344 2256 382 curiosius
2271 345 2354 392 agi-

1327 409 1383 452 te,
1403 410 1440 444 et
1459 406 1701 444 considerate
1720 405 1876 450 locum,
1896 403 1966 441 ubi
1987 404 2036 441 sit
2052 415 2122 452 pes
2142 406 2268 452 ejus.»
2288 407 2354 444 Hic

1325 468 1510 506 notantur
1541 468 1614 505 tria
1643 467 1856 515 diligentiae
1880 466 2049 514 praefatae
2074 467 2356 514 congruentia,

1325 533 1460 578 utpote
1480 540 1699 578 praeparare
1719 528 1912 566 rationem
1931 528 2088 575 figurae,
2116 538 2232 575 agere
2258 539 2357 566 con-

1327 592 1584 629 tinuationem
1604 591 1832 637 Scripturce,
1854 589 2104 627 considerare
2123 589 2271 638 pedem
2290 589 2355 627 lit-

1325 658 1417 691 terae
1430 682 1441 698 ,
1465 665 1514 690 ne
1535 653 1633 700 quid
1650 651 1871 688 inveniatur
1891 651 2096 699 proposito
2119 662 2356 699 repugnare.

1326 717 1402 753 Sed
1421 716 1518 752 forte
1540 715 1689 750 dicetur
1709 713 1759 750 ab
1779 713 1915 760 aliquo
1929 741 1939 758 ,
1966 713 2077 761 quod
2104 723 2187 750 non
2217 713 2272 750 510
2301 716 2359 750 051

1326 779 1367 814 111
1395 777 1582 825 praedicto
1615 775 1789 823 eloquio.
1822 776 1904 812 Imo
1935 775 2202 822 proculdubio
2225 787 2233 811 :
2268 778 2359 812 sunt

1327 839 1433 876 enim
1450 838 1573 875 verba
1592 837 1730 883 Saulis,
1752 837 1793 873 in
1809 837 1942 874 Gabaa
1956 836 2167 882 existentis,
2183 837 2358 885 Ziphaeos

1325 900 1500 947 rogantis
1519 899 1567 936 de
1589 899 1795 936 traditione
1817 899 1940 936 David
1959 899 2000 935 in
2020 898 2176 936 deserto
2196 899 2291 947 Ziph
2315 899 2357 936 in

1327 963 1426 999 colle
1455 961 1622 999 Hachilae
1640 959 1837 999 latitantis.
1860 961 1952 998 Saul
1971 961 2246 1008 interpretatur
2266 962 2355 998 abu·
2377 970 2456 998 Saul.

1325 1031 1378 1064 sio
1390 1055 1403 1073 ,
1421 1027 1532 1075 quod
1550 1037 1632 1063 non
1652 1027 1836 1064 convenit
1853 1026 1928 1062 nisi
1948 1026 2088 1073 511111ος
2103 1027 2236 1064 Gabaa
2255 1027 2356 1063 collis
2377 1041 2488 1070 Gabaa.

1326 1089 1484 1125 altitudo
1506 1117 1518 1134 ,
1551 1088 1662 1136 quod
1691 1088 1771 1125 alto
1805 1088 1990 1125 convenit
2018 1087 2178 1134 officio,
2215 1087 2356 1136 Ziphaei
2377 1103 2498 1138 ffiphaei,

1324 1155 1485 1197 florentes
1506 1152 1568 1189 vel
1587 1155 1848 1198 germinantes,
1871 1152 2008 1199 quales
2027 1155 2116 1190 sunt
2134 1151 2354 1200 sapientes;

1326 1214 1452 1250 David
1471 1218 1619 1260 aspectu
1645 1215 1920 1257 desiderabilis,
1942 1214 2071 1262 qualis
2091 1217 2147 1251 est
2166 1213 2358 1262 sapientia
2378 1227 2484 1254 David.

1325 1276 1529 1322 salutaris3
1551 1276 1645 1324 Ziph
1668 1278 1732 1322 {los
1750 1276 2038 1323 interpretatur,
2058 1287 2129 1323 per
2149 1275 2262 1324 quod
2283 1275 2356 1312 flos
2378 1291 2499 1329 Ziphaei.

1326 1338 1575 1375 scientiarum
1594 1338 1836 1385 significatur
1849 1350 1860 1384 3
1875 1337 2043 1375 Hachilae
2056 1340 2252 1384 suscipiens
2262 1349 2356 1383 eum,
2378 1355 2510 1383 Haohitae

1326 1401 1438 1448 quod
1457 1404 1513 1437 est
1530 1400 1653 1437 altum
1675 1399 1853 1446 ejusdem
1866 1399 2036 1436 soientiae
2049 1401 2354 1436 sacramentum.

1325 1463 1428 1507 Quid
1448 1473 1541 1509 ergo
1565 1462 1706 1499 volunt
1724 1462 1806 1498 haec
1826 1461 1961 1499 omnia
1986 1464 2022 1499 et
2039 1461 2164 1498 verba
2192 1461 2358 1498 circum-

1325 1525 1558 1572 adJacentia,
1577 1524 1651 1561 nisi
1670 1523 1780 1572 quod
1798 1524 1935 1561 stultus
1950 1524 1992 1560 in
2012 1524 2092 1561 alto
2110 1523 2241 1560 officio
2261 1534 2355 1561 con·

1325 1588 1498 1632 stitutus,
1529 1587 1724 1634 sapientes
1754 1589 1892 1633 rogat,
1918 1589 1960 1623 ut
1981 1597 2053 1634 per
2077 1597 2144 1624 eos
2168 1584 2358 1634 sapientia

1325 1649 1504 1686 salutaris
1537 1649 1578 1686 in
1611 1648 1861 1686 scientiarum
1892 1648 2013 1694 flore,
2039 1648 2082 1685 in
2111 1648 2270 1695 figurali
2293 1659 2356 1685 se-

1326 1714 1430 1748 creto
1455 1711 1609 1748 latitans
1624 1740 1636 1757 ,
1665 1711 1851 1758 patefiat,
1875 1710 2138 1758 praeparando
2161 1711 2356 1748 rationem

1324 1774 1479 1820 figurae,
1498 1773 1653 1820 agendo
1674 1772 2009 1811 continuationem
2026 1772 2245 1821 Scripturae,
2263 1783 2356 1810 con-

1325 1835 1538 1874 siderando
1557 1835 1701 1883 pedem
1726 1834 1903 1871 litteralis
1926 1834 2114 1871 lecturae‘?
2143 1834 2258 1879 Quod
2287 1837 2358 1872 etsi

1324 1898 1550 1936 faciendum
1569 1900 1767 1945 pensetur,
1793 1896 1887 1944 quia
1907 1899 2040 1933 tamen
2058 1906 2141 1933 non
2159 1907 2208 1933 ex
2229 1896 2355 1933 chari-

1323 1964 1400 1998 tate
1413 1989 1425 2006 ,
1449 1960 1519 1996 sed
1546 1970 1595 1996 ex
1629 1958 1841 2006 cupiditate
1875 1958 2100 2006 requiritur,
2130 1959 2358 2007 mancipare

1327 2023 1507 2060 effectum
1523 2032 1606 2058 non
1624 2023 1808 2067 meretur,
1832 2021 1930 2057 sicut
1950 2020 2072 2058 David
2096 2021 2137 2057 in
2156 2021 2357 2069 praemisso

1326 2086 1414 2122 1000
1436 2085 1618 2132 quaesitus
1635 2083 1794 2131 legitur,
1815 2093 1897 2121 non
1916 2083 2109 2120 inventus.
2128 2083 2245 2120 Multa
2260 2094 2359 2131 quo-

1327 2158 1403 2194 que
1422 2150 1503 2183 tam
1523 2145 1806 2193 praecedentia,
1827 2156 1949 2193 quam
1969 2145 2174 2192 sequentia
2193 2148 2360 2192 possunt

1325 2208 1549 2256 praehabitae
1574 2208 1749 2256 coaptari
1774 2207 1993 2254 sententiae3
2016 2208 2130 2255 quia,
2152 2207 2250 2244 sicut
2268 2207 2357 2244 Dio-

1326 2271 1460 2318 nysius
1479 2271 1521 2306 in
1539 2272 1715 2316 Arzqeli'ca
1733 2270 1946 2306 Hierarchia
1966 2271 1978 2291 ⁶
1996 2282 2038 2306 :«
2057 2272 2143 2307 Non
2161 2269 2359 2307 dubitabit

1325 2333 1533 2381 perspicax
1549 2333 1704 2370 animus
1722 2332 1886 2380 pulchre
1903 2332 2167 2369 invisibilibus
2181 2332 2355 2369 adunare

1325 2394 1507 2431 visibilia.
1531 2409 1548 2429 »
1573 2394 1796 2431 Secundum
1827 2394 2018 2439 innuitur,
2048 2394 2120 2431 ubi
2149 2394 2293 2441 legitur
2311 2392 2324 2413 ⁷
2345 2404 2354 2430 ε

1331 2472 1347 2491 (1
1367 2457 1495 2494 Mittite
1516 2458 1558 2493 in
1577 2457 1715 2502 Cedar,
1734 2459 1770 2493 et
1789 2456 2031 2494 considerate
2052 2456 2316 2492 vehementer.
2336 2470 2354 2490 »

1327 2519 1451 2556 Cedat·
1491 2520 1638 2555 tenebrae
1673 2518 1736 2555 vel
1772 2519 1921 2564 nigredo
1963 2519 2258 2566 interpretatur,
2288 2529 2360 2565 per
2379 2533 2483 2562 cedar,

1328 2581 1439 2629 quod
1456 2581 1666 2618 tenebrosa
1684 2581 1874 2618 sententia
1892 2580 2131 2627 designatur.
2150 2580 2210 2618 Ad
2229 2580 2359 2617 111105-
2403 2615 2407 2617 .

1326 2645 1532 2692 tigandam
1551 2646 1683 2681 autem
1704 2644 1936 2681 sententiam
1955 2644 2227 2692 tenebrosam,
2242 2655 2360 2693 opor-

1326 2710 1379 2743 tet
1399 2707 1550 2744 mittere
1570 2705 1866 2753 intelligentiam
1895 2706 2158 2753 luminosam,
2181 2709 2218 2744 et
2240 2707 2358 2744 vehe-

1327 2769 1517 2806 mentiam
1542 2768 1772 2805 studiosam.
1795 2768 1966 2804 Tertium
1985 2771 2155 2815 notatur,
2175 2768 2246 2805 ubi
2265 2769 2358 2806 scri-

1327 2830 1432 2867 bitur
1451 2831 1464 2852 s
1486 2842 1494 2866 :
1521 2829 1649 2874 «Quis
1678 2829 1941 2866 consideravit
1968 2830 2136 2866 verbum
2154 2829 2267 2875 ‚illius
2279 2857 2292 2876 ,
2323 2833 2360 2868 et

1329 2892 1510 2929 audivit?
1527 2905 1544 2926 ›>
1566 2893 1607 2928 ln
1625 2901 1704 2938 quo
1724 2893 1860 2928 notare
1880 2902 2111 2938 possumus,
2132 2894 2280 2939 quanta
2297 2903 2357 2930 re-

1329 2953 1525 3000 verentia,
1547 2955 1584 2989 et
1602 2953 1794 2989 reverenti
1813 2953 1997 2990 instantia
2017 2953 2207 2990 debemus
2226 2954 2357 2992 Domi-

1330 3028 1427 3053 num
1445 3015 1689 3064 praevenire,
1716 3018 1758 3051 ut
1776 3014 1980 3051 valeamus
2008 3026 2182 3053 reserare
2203 3019 2240 3053 et
2269 3027 2358 3054 eru-

1331 3079 1413 3116 dire
1428 3108 1439 3125 ,
1479 3089 1565 3126 quae
1602 3088 1675 3114 nec
1713 3076 1962 3113 considerare
2005 3077 2222 3115 sufficimus
2237 3107 2248 3124 ,
2286 3089 2359 3116 nec

102 3170 206 3197 θεέ,
224 3145 454 3193 hujusmodi
466 3145 666 3192 deponere
676 3143 918 3180 laboramus.
935 3142 1011 3179 Sed
1024 3145 1131 3188 nota,
1144 3141 1256 3189 quod
1330 3141 1467 3178 audire
1495 3152 1503 3176 :
1527 3140 1621 3187 quia
1649 3139 1825 3187 profecto
1851 3139 1893 3175 in
1920 3139 2064 3176 talibus
2088 3140 2179 3187 plus
2202 3141 2360 3189 proficit

82 3211 193 3237 erano
227 3207 488 3245 consideratio
522 3207 596 3243 ista
614 3205 796 3243 facienda
826 3208 882 3241 est
913 3214 1004 3241 cum
1023 3203 1254 3250 diligentia,
1330 3204 1475 3250 oratio,
1514 3214 1636 3251 quam
1669 3202 1871 3239 meditatio
1905 3214 1914 3238 ε
1947 3203 2028 3240 imo
2062 3213 2197 3239 secure
2227 3202 2358 3239 audeo
2408 3216 2519 3244 ontio-

78 3260 200 3321 ζῇζῗα,
227 3270 500 3315 vehementia,
519 3268 742 3305 reverentia
762 3279 771 3303 :
795 3269 930 3314 utpote
952 3265 1159 3311 diligenter
1185 3275 1254 3301 ex·
1331 3267 1480 3312 dicere,
1514 3264 1625 3313 quod
1648 3264 1819 3301 brevitas
1852 3264 2040 3301 orationis
2068 3273 2359 3311 nonnunquam
2377 3257 2424 3284 ¹³³⁵
2443 3258 2499 3285 *³⁵-

68 3343 106 3361 ΣΞ
115 3323 208 3369 ςὲᾶῐὶε
227 3331 424 3379 plorando
439 3359 451 3377 ,
471 3331 723 3367 vehementer
755 3328 1004 3372 laborando,
1033 3328 1256 3363 reverenter
1330 3329 1510 3376 impetrat
1531 3327 1642 3375 quod
1667 3326 1871 3374 prolixitas
1895 3325 2160 3363 meditationis
2183 3335 2266 3361 non
2288 3335 2358 3372 pe-

230 3393 396 3430 orando.
418 3394 594 3437 Quorum
613 3392 788 3440 primum
815 3390 1048 3435 insinuatur,
1069 3388 1139 3425 ubi
1160 3387 1254 3426 dici·
1330 3392 1466 3426 netrat.

274 3479 284 3499 ¹
305 3479 330 3508 il
352 3477 467 3517 Esdr„
488 3485 542 3518 lx,
562 3479 594 3510 3.
613 3495 655 3502 —
674 3477 688 3499 ²
707 3477 820 3512 Dent..
844 3484 948 3518 xxm,
971 3478 1021 3508 11.
1045 3491 1085 3499 —-
1106 3475 1120 3498 ³
1137 3474 1254 3515 Eccli„
1330 3474 1344 3495 ⁴³
1362 3473 1476 3513 Dion,
1499 3472 1539 3504 de
1557 3472 1628 3505 coel.
1649 3471 1835 3512 Hierarch„
1860 3481 1888 3503 c.
1912 3479 1935 3504 1.
1951 3488 1991 3495 —-
2009 3472 2018 3489 ⁷
2034 3471 2166 3510 Jerem„
2188 3479 2227 3511 1¹,
2248 3473 2298 3504 10.
2313 3488 2355 3496 .-

231 3532 283 3565 ;-;1,
311 3526 340 3556 4.
362 3541 401 3546 -
431 3525 443 3546 δ
468 3525 564 3566 Dan.⁷
592 3532 660 3564 111,
689 3527 719 3556 G.
747 3542 786 3548 -
812 3524 855 3555 51
889 3524 978 3565 Κεφ,
1008 3530 1115 3560 xx111,
1143 3523 1194 3554 22.
1215 3539 1256 3546 —
1332 3526 1341 3539 ³
1363 3520 1459 3561 thid„
1480 3521 1651 3560 xx111,18.
