2633 3878
881 192 935 235 IN
965 191 1343 234 HEXAEMERON.
1372 193 1547 236 SERMO
1577 196 1719 239 XXIII.

231 287 439 340 paritione
459 291 471 313 ¹
494 289 605 340 (quae
626 286 689 327 est
710 283 865 336 regula
883 283 1079 324 omnium
1097 282 1266 335 appari-

231 357 409 411 tionum)
434 358 599 400 Domini
619 357 665 398 in
685 357 842 406 monte,
862 356 1150 408 apparuerunt
1167 365 1267 394 cum

232 429 396 472 Christo
418 430 584 484 Moyses
613 430 654 469 et
683 426 815 477 Elias,
850 428 898 467 ut
933 424 1040 466 nihil
1073 424 1267 465 credatur

231 514 384 544 verum
414 501 483 543 vel
513 499 773 549 revelatum,
806 497 889 538 nisi
922 496 1037 550 quod
1067 498 1268 537 consonet

231 572 349 626 Legi,
384 571 618 626 Prophetis,
646 572 688 611 et
720 568 968 622 Evangelio.
1002 568 1131 609 Debet
1161 579 1267 621 ergo

231 644 585 697 contemplativus
606 654 697 684 esse
716 641 908 691 humilis,
930 643 971 682 et
990 641 1268 693 cIrcumspec·

230 720 314 768 tus,
337 719 386 758 ut
399 728 485 757 non
501 716 552 757 ad
566 718 692 769 caput
706 714 897 756 draconis
912 713 1056 755 veniat
1071 725 1146 766 per
1158 724 1268 766 prae-

231 787 534 840 sumptionem,
556 787 624 829 vel
644 787 690 827 in
717 786 894 827 caudam
928 784 1173 826 involvatur
1192 796 1268 837 per

230 870 433 900 errorem.
470 857 521 900 Et
549 858 643 900 ideo
678 857 835 899 mulier
865 858 900 908 ²,
939 856 1096 897 scilicet
1126 856 1269 897 anima

229 929 558 982 hierarchizata,
589 930 704 972 videt
733 930 839 972 duas
869 929 1037 971 divinas
1066 929 1265 980 visiones,

229 1001 384 1043 scilicet
403 1014 545 1044 arcam
565 1005 606 1043 et
626 1002 857 1044 civitatem.

553 1163 746 1210 SERMO
778 1164 942 1208 XXIII.

230 1279 332 1323 Quod
358 1281 485 1315 anima
511 1280 792 1326 contemplativa
820 1279 919 1315 debet
944 1277 1168 1314 considerare
1195 1277 1267 1313 Ec-

277 1340 422 1375 clesiam
456 1340 696 1381 militantem,
742 1339 1028 1384 descendentem,
1066 1341 1100 1374 et
1144 1348 1268 1374 ascen-

279 1399 431 1435 dentem.

282 1509 296 1530 ³
324 1509 446 1551 Fecit
470 1508 583 1550 Deus
615 1507 698 1550 duo
720 1519 878 1562 magma
897 1508 1163 1559 luminaria,
1186 1510 1267 1548 etc.

228 1579 396 1621 Dictum
425 1582 488 1620 est
525 1580 738 1633 quomodo
771 1580 914 1620 anima
936 1579 1270 1620 hierarchizatur

228 1651 274 1691 in
301 1651 635 1692 consideratione
675 1651 783 1692 lucis
816 1651 990 1703 solaris,
1032 1651 1269 1692 secundum

227 1722 342 1776 quod
370 1722 433 1763 sol
452 1725 515 1763 est
535 1723 712 1775 vigenS,
736 1723 976 1776 splendens,
1002 1722 1163 1774 calens,
1186 1721 1266 1763 Pa-

226 1796 305 1845 ter,
325 1793 486 1846 Filius,
516 1798 557 1836 et
590 1794 774 1848 Spiritus
795 1797 988 1846 sanctus3
1013 1798 1055 1836 et
1082 1795 1174 1836 haec
1206 1797 1269 1835 est

227 1866 350 1919 origo
369 1867 564 1908 omnium
583 1867 951 1909 illuminationum
963 1899 977 1919 ,
1000 1866 1068 1909 vel
1088 1867 1265 1908 irradia-

226 1937 393 1980 tionum
410 1970 421 1989 ,
442 1938 487 1978 in
518 1939 684 1980 ratione
706 1939 942 1981 existentiae
959 1971 972 1990 ,
999 1939 1263 1990 influentiae,

225 2009 508 2062 praesidentiae
526 2025 536 2061 3
568 2013 609 2051 et
637 2011 751 2064 quod
789 2011 858 2052 illa
893 2011 1151 2052 assimilatur
1180 2011 1267 2052 Soli

225 2082 461 2123 secundum
490 2083 853 2135 conformitatem,
887 2087 928 2125 et
954 2086 1127 2137 propter
1154 2083 1263 2125 inte-

225 2154 426 2208 gritatem
446 2154 722 2197 hierarchicae
744 2155 1043 2209 dispositionis,
1067 2158 1108 2196 et
1135 2167 1265 2209 prop-

223 2229 288 2268 ter
306 2227 543 2268 triformem
563 2229 797 2280 aspectum.
824 2227 877 2268 Et
905 2230 1005 2268 sunt
1026 2239 1098 2268 sex
1124 2227 1264 2269 consi—

224 2298 463 2340 derationes
492 2298 770 2341 hierarchicae
798 2330 808 2350 ,
849 2299 893 2339 in
926 2299 1262 2341 consideratione

163 2425 169 2429 ἱ
223 2371 442 2413 militantis
460 2371 675 2423 Ecclesiae,
697 2371 741 2412 in
759 2384 845 2425 qua
865 2374 927 2412 est
949 2372 1164 2413 distinctio
1195 2385 1262 2414 se-

222 2442 411 2483 cundum
438 2442 648 2483 rationem
662 2454 958 2495 processuum,
983 2455 1256 2495 ascensuum,

222 2516 264 2554 et
285 2514 605 2555 exercitiorum.
636 2513 689 2555 Et
713 2514 772 2554 sic
796 2514 1090 2555 consideratur
1113 2513 1260 2574 Eccle-

222 2585 303 2637 sia,
329 2588 370 2628 et
395 2598 482 2628 non
511 2585 646 2637 aliter,
676 2585 722 2626 in
741 2597 827 2638 qua
859 2588 922 2626 est
946 2597 1085 2626 unum
1105 2589 1256 2639 caput,

219 2670 357 2700 unum
389 2670 567 2712 corpus,
589 2670 703 2699 unus
728 2657 862 2698 cibus.
891 2657 949 2699 De
982 2670 1068 2711 qua
1100 2657 1258 2699 Paulus

217 2727 434 2783 loquitur,
470 2729 545 2783 qui
578 2729 766 2770 multum
804 2729 1060 2770 exercitatus
1090 2732 1181 2770 erat
1214 2729 1258 2771 in

216 2813 267 2844 ea
293 2801 641 2843 consideratione.
677 2800 844 2843 Scilicet
877 2801 1125 2843 Psalterium
1149 2801 1257 2843 mul-

217 2876 310 2915 tum
333 2873 523 2927 loquitur
554 2874 606 2915 de
636 2874 746 2925 hac3
783 2877 824 2915 et
852 2873 1081 2928 aliquando
1101 2875 1145 2915 in
1167 2887 1257 2928 per-

216 2957 321 2986 sona
339 2946 414 2999 huj
421 2958 495 2997 us,
519 2946 645 2988 modo
661 2947 706 2987 in
721 2958 904 3000 persona
922 2946 1113 2988 alterius.
1136 2945 1255 2989 Unde

215 3015 425 3059 Psalmita
450 3020 464 3041 ¹·
495 3031 504 3058 :
531 3017 777 3060 «Dominus
806 3018 1030 3071 regnavit,
1059 3020 1254 3062 decorem

215 3087 390 3129 indutus
422 3090 498 3129 est.
531 3102 551 3126 ›>
583 3088 740 3142 Tangit
782 3093 910 3143 caput
943 3090 1139 3133 Ecclesiae
1185 3104 1252 3134 se-

215 3159 406 3201 cundum
435 3163 618 3213 quatuor
643 3161 813 3202 ordines
846 3162 955 3214 eJus.
988 3160 1139 3204 Postea
1167 3163 1254 3205 dic-

214 3234 308 3272 tum
330 3234 415 3283 est,
439 3232 653 3286 quomodo
673 3234 818 3274 anima
843 3233 1179 3277 hierarchizatur
1208 3236 1253 3278 in

213 3304 570 3358 contemplatione
592 3306 680 3357 sui,
702 3306 936 3348 secundum
957 3317 1183 3348 ascensum
1211 3311 1252 3349 et

213 3375 495 3418 descensum:
519 3383 561 3418 θῖ
587 3377 759 3431 quando
794 3377 941 3419 anima
972 3377 1098 3419 habet
1128 3378 1248 3431 haec,

214 3450 313 3488 sunt
330 3450 372 3489 et
390 3449 502 3490 fiunt
520 3449 567 3490 in
588 3461 638 3491 ea
657 3450 874 3491 mirabiles
892 3449 1087 3491 theoriae.
1111 3449 1246 3493 Habet

257 3530 268 3552 ¹
289 3531 424 3571 Mami„
449 3540 540 3574 xvu,
571 3533 601 3565 3.
624 3550 666 3560 —
690 3533 702 3553 ²
725 3534 842 3576 Apoc„
866 3540 922 3574 xl,
958 3534 1013 3573 195
1041 3541 1124 3575 xxi,
1151 3537 1180 3568 ί.
1206 3553 1247 3559 -

2296 212 2371 250 147

1340 284 1457 324 enim
1477 284 1699 327 duodecIm
1712 291 1966 335 novenarios
1981 307 1989 333 :
2004 295 2090 335 tres
2109 296 2372 350 exemplares
2434 312 2529 341 Nove-

1340 354 1383 395 in
1412 356 1524 408 sole,
1556 360 1639 399 tres
1667 361 1927 414 exempl-atos
1958 365 2001 406 in
2022 366 2177 408 coelesti
2208 368 2372 411 hierar-
2409 354 2517 423 ᾱῖζᾏὶζ-

1340 426 1459 478 chia,
1481 431 1522 468 et
1537 430 1622 470 tres
1640 433 1739 471 sunt
1758 431 1802 472 in
1819 434 2080 489 subcoelesti,
2101 442 2142 480 et
2161 442 2247 481 tres
2266 441 2310 482 in
2327 454 2371 484 se
2427 437 2483 464 ω’]

1340 498 1446 552 ipsa.
1482 499 1584 550 Quae
1618 504 1718 543 sunt
1752 503 1975 547 duodecim
2014 509 2369 566 illuminationes,
2392 481 2534 549 {35³⁸}ss

1340 570 1497 623 quibus
1523 572 1737 615 adduntur
1757 575 1981 619 duodecim
2001 582 2370 638 considerationes,
2393 575 2535 646 &uffan

1340 642 1461 694 quasi
1482 643 1706 685 duodecim
1727 647 1857 689 stellae
1874 682 1884 700 ,
1909 650 2064 692 scilicet
2089 656 2373 707 corporalium
2405 652 2471 679 m·

1340 716 1593 756 naturarum
1611 749 1620 766 ,
1662 719 1739 759 etc.
1766 731 1776 759 :
1801 719 1858 761 ita
1892 722 2007 774 quod
2037 736 2204 778 semper
2231 728 2374 770 anima

1341 786 1460 827 sitin
1494 788 1657 831 lumine
1677 822 1687 839 ,
1716 792 1817 844 quia
1839 793 1874 833 si
1910 806 1996 835 non
2025 799 2161 849 potest
2193 802 2304 841 stare
2331 801 2372 841 in

1341 871 1450 911 uno,
1480 863 1559 902 stet
1585 861 1630 902 in
1659 862 1764 914 alio,
1798 866 1840 905 et
1870 865 1916 906 in
1943 867 2094 909 ultima
2125 873 2188 911 est
2220 871 2340 924 quies
2363 905 2374 924 ,

1342 930 1498 972 scilicet
1534 932 1580 973 in
1619 934 1782 976 ratione
1827 939 2082 991 exemplaris
2131 940 2177 981 in
2223 944 2373 995 patria.

1342 1002 1442 1045 Haec
1469 1007 1613 1046 autem
1646 1018 1732 1047 non
1759 1010 1860 1049 sunt
1891 1009 2019 1051 simul
2047 1011 2091 1052 in
2111 1013 2205 1064 via;
2231 1015 2303 1055 sed
2333 1015 2375 1056 in

1343 1076 1480 1128 patria
1503 1089 1590 1118 uno
1611 1081 1786 1131 aspectu
1809 1079 2066 1124 videbuntur
2088 1085 2247 1127 omnia.
2270 1085 2378 1128 Sunt

1342 1150 1488 1189 autem
1523 1149 1655 1191 stellae
1689 1151 1780 1193 istae
1816 1152 2040 1195 duodecim
2077 1158 2374 1202 consideratio-

1342 1231 1439 1271 nes;
1468 1223 1509 1261 et
1540 1220 1697 1263 habent
1729 1236 1871 1265 ramos
1898 1224 2110 1279 infinitos,
2140 1229 2191 1270 de
2223 1231 2378 1284 quibus

1343 1291 1463 1332 fieret
1476 1291 1582 1334 liber
1602 1306 1806 1347 magnus.
1824 1296 1869 1338 Si
1883 1300 2033 1340 autem
2051 1299 2262 1344 ducantur
2279 1304 2379 1345 duo-

1342 1363 1479 1405 decim
1498 1378 1573 1419 per
1593 1366 1840 1420 duodecim,
1862 1374 1988 1412 erunt
2007 1376 2179 1415 centum
2199 1377 2379 1429 quadra-

1344 1436 1466 1488 ginta
1497 1441 1696 1490 quatuor,
1733 1452 1940 1483 numerus
1970 1444 2127 1485 scilicet
2149 1447 2172 1497 ,⁵
2199 1447 2380 1490 civitatis

1343 1507 1622 1550 Hierusalem.
1654 1511 1809 1553 Anima
1838 1514 1953 1554 enim
1985 1516 2043 1556 sic
2072 1517 2380 1562 hierarchizata

1343 1582 1404 1620 est
1423 1580 1571 1622 civItas
1589 1582 1632 1622 in
1662 1595 1747 1635 qua
1775 1584 1885 1626 Deus
1915 1587 2077 1629 habitat
2108 1593 2149 1631 et
2182 1591 2375 1645 videtur;

1342 1650 1393 1692 de
1411 1664 1495 1705 qua
1513 1651 1535 1694 J
1538 1665 1696 1695 oannes
1716 1655 1815 1697 dicit
1830 1658 1843 1679 ⁶
1867 1672 1875 1698 :
1904 1674 1923 1698 «
1946 1658 2126 1702 Sustulit
2146 1674 2216 1704 me
2235 1664 2280 1705 in
2298 1665 2378 1718 spi—

1341 1722 1454 1774 ritu,
1488 1726 1528 1764 et
1557 1725 1646 1766 vidi
1675 1727 1906 1770 civitatem.
1941 1745 1959 1768 υ
1989 1731 2041 1772 Εῖ
2065 1732 2221 1775 ibidem
2249 1736 2376 1789 dicit,

1341 1795 1455 1847 quod
1468 1808 1641 1838 mensus
1654 1800 1717 1839 est
1729 1799 1951 1842 duodecim
1966 1803 2100 1845 millia
2116 1806 2374 1860 stadiorum;

1341 1869 1382 1906 et
1402 1870 1515 1920 post,
1540 1869 1653 1922 quod
1671 1869 1919 1925 longitudO,
1942 1877 1983 1915 et
2001 1874 2179 1918 latitudo
2195 1910 2205 1927 ,
2228 1881 2268 1920 et
2287 1878 2377 1920 alti-

1340 1939 1442 1980 tudo
1474 1941 1656 1993 aequalia
1687 1946 1788 1984 sunt
1806 1975 1816 1994 ,
1847 1947 1888 1986 et
1918 1958 2121 1989 mensura
2152 1961 2376 1993 murorum

1339 2015 1511 2052 centum
1548 2014 1838 2068 quadraginta
1883 2021 2067 2071 quatuor
2113 2023 2372 2067 cubitorum.

1339 2083 1559 2134 Quomodo
1587 2090 1722 2140 potest
1750 2088 1832 2130 hoc
1851 2092 1972 2132 esse?
1991 2091 2093 2134 Vide
2125 2095 2229 2136 illud
2259 2098 2373 2151 quod

1337 2156 1499 2198 dictum
1516 2161 1578 2199 est
1597 2159 1644 2200 in
1656 2160 1741 2201 fine
1754 2162 2035 2217 Apocalypsis
2052 2180 2066 2206 .·
2085 2166 2143 2207 ibi
2161 2168 2276 2210 enim
2291 2169 2371 2211 cir-

1337 2241 1386 2271 ca
1405 2230 1596 2271 medium
1617 2231 1779 2273 dictum
1799 2240 1861 2275 est
1874 2238 1887 2260 ⁷
1908 2250 1917 2277 z
1947 2251 1966 2274 «
1984 2235 2079 2278 Vidi
2098 2251 2229 2292 supra
2248 2253 2371 2283 mon-

1335 2304 1422 2343 tem
1442 2300 1545 2343 Sion
1559 2315 1727 2356 agnum
1742 2307 1946 2358 stantem,
1960 2310 2002 2348 et
2020 2320 2118 2350 cum
2131 2322 2181 2351 eo
2201 2314 2372 2355 centum

1335 2374 1624 2427 quadraginta
1652 2379 1837 2429 quatuor
1871 2379 2031 2431 millia,
2062 2381 2267 2424 habentes
2292 2397 2372 2426 no-

1335 2458 1434 2487 men
1454 2447 1549 2499 ejus
1563 2479 1576 2498 ,
1597 2450 1639 2488 et
1658 2461 1818 2491 nomen
1838 2451 1969 2504 patris
1988 2453 2082 2505 ejus
2101 2455 2306 2508 scriptum
2327 2457 2371 2498 in

1332 2518 1543 2559 frontibus
1562 2520 1666 2560 suis.
1680 2535 1699 2559 1>
1725 2520 1773 2562 In
1787 2523 2005 2575 apertione
2024 2528 2169 2566 autem
2184 2528 2291 2569 sexti
2311 2529 2366 2570 si-

1332 2588 1426 2641 gilli
1449 2589 1610 2632 dietum
1631 2595 1692 2632 est
1709 2592 2026 2648 inApocalypsz'
2044 2599 2084 2637 8:
2113 2597 2239 2640 «Vidi
2259 2599 2368 2642 alte-

1331 2672 1430 2702 rum
1465 2662 1672 2715 angelum
1701 2666 1999 2708 ascendentem
2030 2668 2084 2709 ab
2113 2673 2212 2712 ortu
2242 2672 2363 2725 solis,

1330 2731 1558 2775 habentem
1578 2735 1755 2788 signum
1770 2736 1842 2778 Dei
1856 2738 1967 2791 vivi,
1990 2742 2033 2781 et
2046 2740 2246 2784 clamavit
2265 2757 2367 2798 qua-

1329 2807 1427 2846 tuor
1445 2806 1633 2859 angelis,
1664 2808 1821 2861 quibus
1841 2810 1991 2852 datum
2012 2816 2075 2854 est
2103 2827 2255 2858 nocere
2276 2821 2365 2858 ter-

1328 2888 1389 2919 rae
1403 2879 1444 2918 et
1463 2878 1593 2929 mari,
1617 2878 1760 2921 dicens
1783 2895 1792 2922 :
1814 2880 1952 2924 Nolite
1981 2896 2133 2927 nocere
2151 2891 2302 2939 terrae,
2325 2893 2366 2930 et

1329 2949 1462 3001 mari,
1484 2963 1625 3004 neque
1644 2952 1870 2994 arboribus
1883 2986 1893 3005 ,
1918 2956 2196 3012 quoadusque
2216 2960 2364 3013 signe-

1328 3033 1426 3063 mus
1453 3013 1601 3065 servos
1626 3023 1699 3065 Dei
1724 3027 1859 3067 nostri
1882 3027 1927 3068 in
1953 3028 2164 3072 frontibus
2195 3044 2360 3073 eorum.

1327 3092 1379 3134 Et
1408 3093 1554 3135 audivi
1591 3107 1824 3138 numerum
1856 3098 2155 3152 signatorum,
2189 3107 2362 3145 centum

1327 3165 1612 3220 quadraginta
1631 3172 1815 3221 quatuor
1835 3170 1968 3212 millia
1988 3172 2147 3225 signati
2168 3186 2222 3215 ex
2241 3176 2359 3217 omni

1325 3237 1440 3279 tribu
1459 3238 1647 3280 fillorum
1667 3239 1811 3282 Israel.
1833 3240 1898 3283 Ex
1919 3243 2032 3284 tribu
2050 3243 2158 3285 Juda
2171 3277 2184 3296 ,
2206 3245 2360 3290 duode-

1325 3308 1408 3349 cIm
1429 3309 1563 3351 millia
1581 3311 1762 3364 signati,
1785 3328 1805 3351 »
1830 3316 1908 3355 etc.
1932 3314 2087 3356 Tribus
2106 3319 2249 3360 autem
2269 3318 2360 3362 Dan

1324 3392 1413 3423 non
1432 3382 1626 3435 ponitur;
1647 3383 1719 3425 sed
1742 3384 1953 3427 Manasses
1968 3386 2141 3440 ponitur
2157 3401 2237 3444 pro
2253 3390 2358 3443 Dan,

1323 3489 1337 3512 ⁸
1354 3490 1449 3529 Gen„
1472 3500 1498 3532 1,
1521 3493 1572 3524 14.
1597 3508 1636 3516 —
1655 3492 1666 3512 ⁴
1687 3491 1778 3524 Psal.
1803 3501 1888 3532 xcu,
1913 3497 1942 3527 l.
1963 3511 2004 3518 —
2028 3496 2042 3518 ⁵
2066 3498 2180 3542 Apoc.‚
2206 3508 2280 3541 xxi,
2309 3505 2358 3536 17.

1325 3555 1359 3561 —
1381 3540 1394 3558 ⁸
1412 3539 1510 3581 lbid.‚
1533 3542 1580 3572 10.
1604 3557 1643 3563 —
1664 3540 1678 3562 ⁷
1699 3541 1814 3582 Apoc„
1835 3549 1906 3581 xiv,
1928 3545 1957 3575 1.
1978 3560 2018 3568 —
2036 3544 2048 3562 ⁸
2067 3546 2178 3588 Apeva,
2204 3555 2266 3588 vn,
2285 3552 2356 3584 2-5.
