2633 3878
100 2297 165 2324 Elo-

81 2339 183 2374 quium

69 2382 154 2409 debui
161 2382 205 2408 ta-

82 2423 191 2450 torium

76 2464 191 2499 triplex.

1037 176 1282 219 PSALMUS
1311 177 1485 221 vam.

189 266 391 312 subsidio,
424 268 462 303 et
492 266 689 313 exemplo.
722 266 848 303 Prima
879 266 1121 312 consolatio,
1157 277 1226 303 seu

190 328 445 376 confortatio,
478 331 534 366 est
562 328 737 375 vocalis3
773 327 967 373 secunda,
1001 328 1226 375 manualis,

189 392 324 438 tertia,
356 391 534 429 visualis.
568 392 619 427 De
650 390 780 438 prima
803 389 846 426 ¹:
872 403 889 424 «
909 390 1141 427 Consolatus
1173 393 1229 428 est

191 467 273 500 eos,
300 458 337 493 et
370 455 518 492 blande
545 465 590 491 ac
618 453 756 491 leniter
784 455 840 490 est
870 453 1056 490 locutus:
1087 467 1105 488 »
1139 464 1229 490 ecce

193 519 413 556 consolatio
433 517 593 554 vocalis.
616 519 667 553 De
696 516 871 553 secunda
889 518 903 539 ²
926 529 934 553 ;
964 529 981 550 ι(
1003 516 1229 554 Benedictio

194 582 356 631 perituri
381 591 498 629 super
523 590 587 617 me
612 579 816 625 veniebat,
846 581 884 617 et
903 590 971 617 cor
989 579 1121 616 viduae
1141 589 1234 617 con-

196 645 343 682 solatus
374 654 493 680 sum:
527 655 546 677 »
569 652 659 679 ecce
695 642 914 679 consolatio
945 642 1155 680 manualis.
1183 645 1234 679 De

197 707 308 745 tertia
328 708 341 729 ³
363 720 374 742 :
394 718 412 740 «
431 704 663 742 Consolatus
682 707 739 741 est
759 704 881 741 David
903 705 1116 742 Bethsabee
1136 715 1235 741 uxo-

197 780 282 807 rem
301 764 416 806 suam
435 781 443 805 :
463 781 481 803 »
504 778 593 806 ecce
613 767 833 805 consolatio
855 768 1029 805 visualis.

521 877 708 913 Articulus
727 876 915 912 secundus.

247 961 292 996 In
341 960 548 996 humilitate
594 971 685 997 mea.
735 959 999 996 Humilitatem
1038 961 1242 1007 nuncupat

201 1021 414 1068 vilitatem,
453 1033 576 1070 quam
609 1022 855 1070 supportavit
892 1033 963 1070 per
999 1021 1240 1068 longanimi-

203 1088 335 1123 tatem.
365 1085 569 1122 Humilitas
606 1086 679 1122 ista
713 1096 836 1133 quam
868 1086 1115 1134 supportavit
1151 1088 1242 1123 Pro-

202 1147 344 1195 pheta,
365 1147 439 1185 fuit
473 1147 692 1185 extrinseca
726 1151 762 1184 et
790 1147 971 1196 fortuita3
1004 1159 1086 1186 non
1113 1153 1245 1186 tamen

205 1210 278 1248 fuit
297 1211 380 1248 sine
404 1210 624 1247 humilitate
644 1210 857 1248 intrinseca
874 1214 911 1248 et
931 1211 1112 1258 gratuita.
1133 1211 1245 1249 ldeo-

208 1283 286 1321 que
303 1273 355 1310 ad
374 1273 766 1310 commendationem
780 1274 1011 1311 humilitatis
1025 1274 1246 1311 intrinsecae

208 1338 326 1384 atque
364 1336 567 1383 gratuitae,
597 1347 809 1384 possumus
840 1336 903 1373 hic
939 1339 1100 1383 notare,
1137 1337 1249 1385 quod

208 1397 408 1435 humilitas
427 1401 483 1435 est
499 1398 698 1446 sapientiae
720 1399 884 1446 solium,
907 1399 1040 1446 gratiae
1060 1399 1248 1447 pallium,

210 1462 248 1498 et
268 1460 404 1507 gloriae
430 1460 681 1508 praeludium.
718 1461 862 1498 Dicitur
891 1465 1022 1499 autem
1050 1461 1251 1509 sapientiae

211 1523 376 1569 solium,
403 1523 497 1571 quia
526 1524 759 1571 sapientiam
790 1523 981 1572 suscipit*
1010 1538 1017 1561 :
1057 1540 1074 1558 «
1105 1525 1175 1561 Ubi
1197 1527 1253 1561 est

211 1585 431 1631 humilitaS,
449 1585 505 1622 ibi
525 1590 580 1624 est
600 1588 636 1622 et
655 1586 860 1634 sapientia.
882 1600 900 1621 n
924 1586 1252 1635 Diciturquoque

212 1650 346 1698 gratiae
363 1649 546 1698 pallium,
567 1648 759 1696 quoniam
780 1649 924 1686 electos
943 1649 1073 1687 induit
1092 1651 1105 1672 ⁵
1128 1663 1136 1687 :
1163 1663 1179 1685 «
1199 1653 1254 1688 ln-

213 1711 320 1749 duite
340 1723 411 1749 vos
426 1740 438 1757 ,
465 1711 564 1748 sicut
583 1711 693 1748 electi
714 1711 793 1757 Dei,
815 1712 938 1748 sancti
959 1714 996 1748 et
1015 1712 1161 1759 dilecti,
1181 1712 1256 1749 vis—

214 1785 304 1812 cera
316 1773 613 1820 misericordiae,
627 1773 927 1821 benignitatem,
945 1774 1219 1812 humilitatem.
1234 1788 1252 1810 n

215 1836 360 1874 Dicitur
391 1836 563 1884 denique
597 1836 733 1883 gloriae
763 1836 1017 1884 praeludium,
1039 1837 1134 1885 quia
1166 1838 1255 1885 glo-

217 1899 318 1936 riam
350 1898 545 1937 antecedit
568 1900 581 1921 6
615 1911 624 1936 :
655 1912 674 1934 «
702 1899 877 1937 Gloriam
909 1900 1094 1948 praecedit
1125 1901 1256 1938 humi-

218 1959 307 1999 litas
314 1990 322 1998 .
345 1975 362 1996 ))

555 2010 748 2046 Articulus
782 2012 924 2048 tertius.

270 2089 364 2133 Quia
386 2090 566 2135 eloquium
586 2091 698 2125 tuum.
715 2088 850 2134 Quale,
869 2099 1016 2136 quaeso,
1038 2088 1259 2136 eloquium,

221 2151 295 2188 nisi
316 2151 648 2199 pusillanimitatis
666 2151 980 2189 dehortatorium
999 2153 1017 2188 ἵ)
1039 2151 1128 2188 Tale
1147 2151 1262 2188 nimi-

222 2223 311 2250 rum
326 2215 383 2250 est
401 2214 551 2261 abjecto
572 2216 608 2250 et
626 2214 831 2251 humiliato
852 2214 1129 2251 necessarium.
1154 2213 1262 2251 Unde

222 2275 468 2322 notandum,
490 2276 602 2324 quod
630 2276 836 2325 eloquium
866 2276 1180 2314 dehortatorium
1207 2280 1264 2314 est

226 2339 461 2387 tripartitum
501 2351 509 2376 ε
546 2339 718 2376 continet
750 2339 856 2376 enim
891 2339 1098 2387 eloquium
1134 2339 1264 2377 incre-

226 2402 448 2449 patorium,
486 2401 690 2449 eloquium
739 2401 1081 2448 a'dversatorium,
1117 2406 1154 2439 ct
1188 2402 1266 2439 elo-

227 2463 366 2511 quium
386 2462 679 2510 castigatorium
695 2475 703 2499 ε
729 2474 902 2511 quorum
917 2464 1093 2511 primum
1111 2465 1266 2502 videtur

229 2525 541 2563 dehortatorium
561 2525 863 2572 cogitationum,
886 2526 1120 2573 secundum,
1139 2526 1268 2564 delec-

228 2589 420 2627 tationum
437 2601 448 2635 3
481 2588 661 2632 tertium,
683 2587 968 2625 assensionum.
1000 2590 1051 2626 De
1071 2589 1201 2637 primo
1221 2591 1234 2612 ⁷
1257 2602 1265 2627 :

231 2664 250 2686 «
279 2651 338 2690 Ad
363 2650 654 2700 increpandum
681 2652 835 2687 tantum
863 2650 1023 2698 eloquia
1055 2651 1267 2689 conc-inna-

227 2714 306 2751 tis:
336 2727 354 2748 »
391 2724 479 2751 ecce
518 2713 724 2761 eloquium
760 2712 1080 2761 increpatorium.
1120 2715 1170 2751 De
1208 2724 1267 2751 se-

232 2779 365 2817 cundo
384 2779 398 2815 3³
419 2792 430 2816 z
456 2793 473 2812 «
506 2778 702 2815 Dimittam
723 2778 939 2815 adversum
970 2790 1033 2816 me
1064 2779 1270 2827 eloquium

230 2852 365 2880 meum
395 2854 404 2878 ε
441 2854 459 2876 <1
490 2851 580 2878 ecce
611 2840 818 2889 eloquium
848 2841 1178 2879 adversatorium.
1219 2844 1270 2879 De

230 2904 341 2942 tertio
368 2903 551 2941 scribitur
581 2904 594 2925 ⁹
618 2916 625 2940 :
659 2916 677 2938 »
707 2903 874 2952 Eloquia
907 2904 1077 2950 Domini,
1111 2904 1272 2952 eloquia

233 2970 338 3003 casta
358 2977 367 3003 :
388 2980 407 3002 »
435 2966 555 3014 plane
576 2968 694 3013 casta,
717 2966 811 3014 quia
832 2966 1078 3014 castigantia,
1103 2969 1140 3003 et
1159 2966 1272 3005 casti-

232 3028 364 3075 gando
394 3028 677 3066 castificantia:
714 3039 803 3066 ecce
832 3028 1037 3076 eloquium
1065 3028 1272 3076 castigato-

233 3090 350 3127 rium.

561 3140 752 3176 Articulus
779 3140 942 3185 quartus.

289 3218 442 3262 Vivifica
459 3215 524 3253 me.
546 3217 630 3260 Quo
656 3215 796 3260 modo,
813 3214 888 3251 nisi
909 3214 1275 3262 magnanimitatem

238 3278 518 3318 exhortando?
545 3279 638 3324 Quae
670 3277 885 3315 vivificatio
920 3276 1081 3324 patienti
1118 3278 1274 3326 potior,

286 3381 293 3397 ¹
315 3379 410 3418 Gen„
433 3387 472 3420 L,
492 3380 545 3410 21.
565 3394 606 3400 —
628 3379 642 3399 ²
660 3376 731 3414 λοῦ,
752 3384 856 3416 xxix,
885 3377 934 3407 13.
956 3393 997 3399 —
1016 3376 1028 3394 ³
1055 3377 1077 3408 ΙΙ
1101 3377 1191 3419 Req..
1213 3386 1277 3420 xu,

242 3427 294 3458 24.
315 3443 356 3450 —
375 3427 390 3449 ¹·
407 3427 518 3467 Prov„
542 3433 599 3467 111,
619 3427 651 3457 2.
673 3442 708 3448 -
731 3425 742 3443 ⁵
763 3424 902 3463 coloss„
925 3431 980 3463 ιιι,
1003 3426 1052 3456 12.
1068 3430 1113 3447 ¹—
1133 3426 1145 3443 ὓ
1162 3426 1278 3467 Ρνου.,

245 3478 304 3511 xv,
327 3473 377 3506 33.
397 3491 438 3498 —
465 3475 475 3493 ⁷
494 3473 567 3515 Job,
585 3480 618 3514 v,
643 3474 694 3505 26.
721 3489 760 3496 —
782 3473 793 3491 ⁸
811 3470 885 3512 Job,
912 3478 945 3511 x,
971 3473 1000 3503 1.
1022 3488 1059 3494 —
1081 3472 1095 3493 ⁹
1118 3471 1208 3505 Psal.
1229 3481 1278 3514 xi,

405 3544 490 3574 TOM
517 3543 573 3574 IX.

2256 183 2333 221 385

1302 271 1369 304 aut
1387 268 1542 314 abjecto
1557 268 1894 305 accommodatior
1907 270 1924 305 ἱ)
1945 268 2168 306 Notandum
2187 270 2336 318 itaque,

1303 330 1414 378 quod
1433 330 1560 366 taliter
1580 329 1791 376 vivificare,
1813 330 1968 368 videtur
1992 331 2043 368 ad
2064 332 2136 368 tria
2154 332 2338 379 perutile,

1305 392 1449 429 scilicet
1469 391 1522 429 ad
1540 392 1792 429 tolerandum
1805 419 1817 438 ,
1837 393 1889 429 ad
1909 394 2265 441 perseverandum,
2287 395 2339 432 ad

1306 454 1577 502 superandum
1615 468 1622 491 :
1665 465 1838 502 quorum
1871 455 2046 502 primum
2084 457 2251 504 pertinet
2288 457 2340 494 ad

1306 517 1529 554 tentationis
1558 527 1815 564 aggressum,
1837 518 2056 554 secundum
2084 519 2135 555 ad
2163 530 2342 566 progres-

1309 589 1420 624 sum,
1453 579 1609 616 tertium
1641 579 1692 617 ad
1722 590 1937 626 egressum.
1964 582 2014 616 Dc
2039 581 2168 627 primo
2194 582 2217 603 '⁰
2239 594 2246 618 :
2273 595 2290 617 α
2307 583 2344 620 Si

1311 641 1568 679 ambulavero
1595 642 1636 678 in
1663 642 1798 679 medio
1824 642 2107 688 tribulationis,
2129 644 2346 682 vivificabis

1311 714 1400 749 me,
1422 717 1439 737 »
1472 704 1617 741 scilicet
1648 715 1719 752 per
1751 705 1917 752 gratiam
1946 705 2174 742 tolerantiae.
2206 709 2256 743 Dc
2286 718 2346 744 se-

1313 765 1444 803 cundo
1477 767 1502 788 ¹¹
1526 779 1534 803 :
1561 767 1785 803 «Dominus
1816 770 2019 805 conservet
2047 778 2158 814 eum,
2181 770 2218 805 et
2251 769 2348 805 vivi-

1313 827 1402 866 ficet
1423 838 1528 875 eum,
1551 831 1588 866 et
1605 828 1768 866 beatum
1787 829 1903 866 faciat
1929 841 2033 867 eum.
2055 844 2073 866 »
2096 832 2347 870 Conservatio

1313 891 1482 939 pertinet
1512 891 1565 929 ad
1598 892 1822 929 tentationis
1852 903 2105 940 aggressum3
2137 894 2349 933 vivificatio

1316 954 1368 990 ad
1396 964 1646 1002 progressum
1657 966 1667 1000 ;
1701 954 1939 991 beatificatio
1972 955 2021 991 ad
2049 966 2262 1002 egressum.
2301 959 2351 994 De

1316 1017 1430 1054 tertio
1454 1016 1478 1037 ¹²
1500 1030 1507 1054 ε
1526 1031 1543 1052 <‹
1558 1019 1672 1064 Deus,
1692 1019 1734 1054 tu
1755 1028 1969 1054 conversus
1985 1018 2205 1056 vivificabis
2226 1030 2310 1056 nos.
2334 1033 2351 1054 n

1319 1081 1564 1118 Convertitur
1599 1080 1651 1118 ad
1682 1091 1753 1117 nos
1785 1082 1896 1127 Deus,
1931 1081 2153 1128 praestando
2189 1082 2356 1129 gratiam

1318 1142 1515 1181 tolerandi
1544 1143 1823 1190 tentationem3
1852 1143 1922 1180 sed
1942 1143 2114 1182 vivificat
2136 1155 2228 1191 nos,
2258 1156 2359 1192 prae-

1321 1205 1462 1242 stando
1485 1205 1651 1252 gratiam
1672 1205 1898 1253 superandi.

1758 1313 1927 1355 Epilogus.

1371 1395 1426 1429 Ex
1450 1393 1660 1440 praemissis
1686 1394 1777 1431 satis
1808 1398 1864 1431 est
1882 1395 2107 1443 liquidum,
2138 1397 2236 1445 quid
2267 1400 2359 1435 Pro-

1324 1455 1442 1503 pheta
1479 1456 1596 1493 nobis
1633 1456 1802 1494 insinuet
1835 1468 1905 1505 per
1937 1457 2043 1495 hunc
2076 1469 2233 1496 versum
2272 1472 2279 1496 :
2312 1461 2365 1498 ait

1328 1520 1434 1557 enim
1456 1534 1466 1556 :
1488 1522 1571 1557 Hoec
1585 1549 1596 1566 ,
1623 1519 1770 1557 scilicet
1787 1531 1894 1568 spes,
1916 1521 1965 1558 de
1993 1533 2072 1569 qua
2091 1523 2271 1570 superius
2291 1524 2365 1560 im-

1327 1582 1498 1620 mediate
1534 1583 1678 1620 fecerat
1705 1583 1948 1620 mentionem
1959 1597 1969 1631 3
2000 1586 2058 1621 Me
2090 1587 2272 1622 consolata
2290 1591 2366 1633 cst,

1330 1645 1556 1682 confortans
1585 1656 1656 1693 per
1692 1645 2052 1693 aequanimitatem3
2086 1649 2130 1684 In
2161 1649 2368 1685 humilitate

1330 1719 1434 1753 mea,
1468 1708 1595 1755 ipsam
1633 1711 1870 1756 supportans
1901 1719 1972 1757 per
2004 1709 2365 1757 longanimitatem3

1332 1771 1428 1814 Quia
1437 1771 1617 1817 eloquuim
1629 1775 1745 1816 tuum,
1761 1771 1974 1809 dehortans
1983 1772 2366 1821 pusillanimitatem3

1336 1835 1543 1881 Vivificavit
1564 1846 1630 1882 me,
1654 1834 1864 1873 exhortans
1882 1836 2261 1883 magnanimitatem.

1702 1984 1924 2012 VERSICULUS
1950 1986 2003 2013 111.

1384 2091 1441 2125 51.
1458 2088 1611 2136 Superbi
1622 2091 1750 2136 inique
1763 2091 1928 2137 aqebcmt,
1941 2093 2013 2127 etc.
2028 2093 2117 2129 Post
2137 2092 2373 2131 consolatio-

1336 2161 1428 2187 nem
1455 2151 1709 2198 subjectionis
1733 2155 1769 2189 et
1799 2153 2055 2199 abJectionis,
2076 2149 2253 2202 sequitur
2281 2167 2374 2193 con-

1337 2212 1478 2250 solatio
1508 2213 1876 2260 scandalizationis,
1906 2226 2028 2263 quam
2062 2217 2233 2254 ostendit
2267 2218 2377 2255 istius

1337 2287 1472 2313 versus
1511 2276 1751 2314 continentia
1784 2277 2119 2325 quadrimembris
2159 2292 2167 2316 :
2198 2281 2378 2325 ,eontinet

1339 2338 1445 2375 enim
1484 2339 1788 2387 quadruplicem
1830 2351 1992 2378 causam
2039 2342 2376 2390 consolatoriam3

1337 2404 1435 2449 puta
1468 2394 1676 2438 stultorum
1709 2402 1992 2451 differentiam,
2029 2405 2228 2442 malorum
2265 2406 2380 2444 suffe-

1338 2464 1526 2511 rentiam,
1547 2465 1645 2512 legis
1676 2467 1956 2513 reverentiam,
1984 2470 2020 2505 et
2050 2469 2154 2516 regis
2174 2470 2378 2507 adhaeren-

1339 2527 1435 2563 tiam
1475 2539 1483 2563 :
1524 2527 1653 2574 prima
1689 2528 1819 2574 bona,
1856 2530 2029 2567 secunda
2064 2530 2228 2577 melior,
2268 2533 2380 2569 tertia

1341 2589 1504 2636 optima,
1528 2592 1564 2626 ct
1583 2593 1723 2637 quarta
1742 2590 1979 2638 peroptima.

1678 2696 1866 2732 Articulus
1891 2698 2044 2742 primus.

1393 2776 1520 2814 Prima
1540 2787 1660 2816 causa
1693 2777 1961 2826 dignoscitur,
1985 2791 2076 2817 cuin
2105 2781 2246 2819 dieitur
2272 2797 2282 2819 :
2311 2784 2381 2821 Su-

1339 2840 1456 2887 perbi.
1479 2839 1516 2876 Si
1535 2839 1714 2888 superbi,
1735 2851 1829 2888 ergo
1847 2842 1966 2889 stulti,
1984 2844 2098 2890 quasi
2118 2847 2261 2882 stantes
2281 2846 2348 2883 alti
2372 2860 2380 2882 :

1344 2902 1550 2939 stultorum
1594 2905 1727 2940 autem
1771 2904 1958 2942 scandala
2001 2908 2226 2954 spernenda
2264 2913 2352 2946 sunt
2372 2938 2382 2954 ‚

1345 2964 1458 3012 quasi
1482 2965 1650 3003 ridicula
1675 2978 1682 3003 :
1716 2978 1811 3004 nam
1835 2968 1903 3016 qui
1932 2969 2070 3017 quaerit
2095 2971 2384 3018 conjugationis

1344 3041 1529 3068 normam
1550 3032 1659 3079 apud
1677 3033 1846 3070 verbum
1867 3034 2114 3082 anomalum,
2135 3038 2202 3073 aut
2222 3047 2384 3073 conver-

1345 3093 1508 3130 sationis
1536 3093 1707 3131 formam
1734 3095 1843 3142 apud
1863 3096 1994 3133 virum
2023 3097 2278 3145 acephalum,
2300 3099 2383 3146 ipse

1347 3154 1421 3192 sibi
1451 3158 1508 3192 est
1531 3156 1779 3193 scandalum.
1807 3157 1969 3194 Multum
2000 3158 2117 3205 igitur
2141 3159 2197 3195 illi
2220 3160 2383 3206 confert,

1348 3218 1418 3266 qui
1453 3219 1685 3257 scandalum
1712 3219 1881 3268 perfert,
1902 3232 2068 3269 pensare
2089 3225 2280 3269 quantum
2300 3234 2385 3260 mo-

1349 3280 1459 3317 ribus
1484 3280 1632 3328 differt,
1656 3282 1725 3330 qui
1756 3283 1989 3320 scandalum
2014 3283 2140 3321 infert.
2176 3286 2218 3321 Et
2248 3287 2385 3322 notan-

1351 3343 1448 3380 dum
1473 3343 1576 3381 cIrca
1601 3344 1789 3382 scandala
1809 3345 2072 3393 superborum
2085 3373 2098 3391 ‚
2117 3346 2229 3394 quod
2248 3357 2387 3384 eorum

1352 3428 1384 3461 7.
1400 3444 1439 3451 —
1460 3428 1485 3450 ¹⁰
1504 3426 1592 3459 Psal.
1615 3434 1769 3466 cxxxvii,
1790 3429 1820 3458 7.
1839 3444 1879 3451 —
1899 3428 1923 3449 ¹¹
1946 3427 2036 3461 Psal.
2059 3436 2118 3468 iu..
2135 3430 2166 3462 3.
2190 3447 2226 3453 —
2249 3430 2277 3453 ¹²
2297 3431 2388 3463 Psal.

1355 3482 1497 3514 Lxxxiv,
1519 3475 1549 3507 7.

2181 3540 2232 3578 25
