2633 3878
174 771 283 797 Justiti-

168 814 289 839 calionis

187 854 267 881 ordo.
313 843 625 896 justificationis
647 857 655 882 :
678 855 777 882 nam
803 841 942 894 primo
968 841 1077 881 Deus
1111 853 1135 880 a
1166 839 1345 892 peccatis

171 2059 214 2086 Ad
231 2061 284 2086 Ec-

159 2102 253 2129 clesiae
265 2111 299 2128 :e-

160 2143 297 2169 dixit-alio-

161 2193 227 2212 nem
242 2185 297 2211 duo

159 2229 227 2252 sunt
252 2234 300 2252 ne-

161 2268 297 2295 cessar-Ia.

165 2776 225 2801 Deo
249 2774 302 2800 trla

182 2823 282 2842 conve-

185 2856 278 2883 aiunt.

323 267 396 304 573

319 357 377 392 tat.
396 350 522 392 Jacob
540 350 574 399 ¹,
596 347 776 400 simplex
797 350 838 388 et
868 348 996 398 lenis,
1020 349 1122 389 dum
1142 348 1242 388 foris
1268 359 1341 387 ve-

318 425 444 462 natur
464 420 571 460 Esau
593 418 787 471 hispidus
804 421 843 458 et
862 420 1054 470 agrestis

371 496 411 532 7.
434 491 641 533 Dominus
660 490 783 530 solz-it
803 489 1073 542 compeditos.
1098 488 1203 529 Nota
1231 488 1343 529 ordi-

320 576 416 603 nem
433 561 746 615 justificationis
768 575 776 601 :
800 573 898 600 nam
922 560 1058 612 primo
1080 559 1189 600 Deus
1209 572 1233 599 a
1253 571 1346 611 pec-

321 634 421 674 catis
443 633 614 682 liberat,
649 631 760 684 quod
794 634 964 671 notatur
998 630 1053 669 ibi
1090 644 1098 669 :
1134 630 1345 671 Dominus

317 704 440 744 solvit
453 702 707 756 compeditos
721 716 730 751 ;
748 704 855 753 post,
873 700 1106 741 virtutibus
1117 699 1341 749 illuminat,

318 774 385 814 hic
413 787 468 825 μ’.
499 774 534 813 Sl
560 787 568 813 :
592 772 817 813 Illuminat
845 783 989 811 coecos.
1020 769 1125 811 Nota
1153 769 1344 810 ordinem

318 913 593 955 illuminando
611 913 779 961 liberat;
811 914 917 964 post,
942 911 1150 963 profectus
1175 909 1344 950 virtutis

316 985 563 1033 ostenditur,
587 984 642 1024 ibi
665 997 674 1024 :
699 983 842 1035 Eripit
866 983 1010 1030 elisos3
1043 982 1193 1021 ultimo
1216 979 1341 1020 colla-

316 1056 371 1096 tio
390 1055 673 1102 beatitudinis,
696 1054 751 1093 ibi
772 1068 780 1093 ;
804 1053 1013 1094 Dominus
1035 1051 1341 1104 cliliqc·tjz1stos,

315 1126 425 1178 quod
447 1126 630 1165 maxime
651 1125 729 1165 erit
752 1125 795 1164 in
817 1125 975 1164 futuro.

371 1200 431 1236 lo.
454 1195 661 1247 Bessnabe't
680 1195 902 1236 Dominus.
942 1195 1028 1235 Hoc
1061 1206 1245 1246 praesens
1275 1207 1342 1235 re-

315 1280 452 1319 gnum
471 1267 624 1307 dicitur
652 1266 817 1319 passive
843 1278 1026 1318 regnum
1045 1297 1054 1314 ,
1088 1269 1128 1306 et
1146 1266 1225 1306 hoc
1250 1265 1342 1306 ideo

316 1337 382 1377 hic
403 1338 590 1389 regitur,
613 1337 716 1378 iliud
736 1340 855 1389 reget
876 1349 966 1378 nos.

474 1497 742 1543 PSALMUS
775 1497 954 1542 DAVID
989 1497 1179 1541 CXLVI.

372 1627 408 1663 ⁴1.
452 1622 642 1664 chuclate
679 1622 935 1672 Dominum,
973 1621 1178 1674 quoniam
1213 1620 1345 1660 bonus

319 1698 379 1733 est
389 1693 599 1746 psalmum
624 1693 698 1732 Hic
716 1693 837 1733 debet
854 1704 944 1733 esse
959 1693 1097 1744 prIma
1116 1691 1342 1739 distinctio,

319 1775 401 1804 non
414 1795 426 1814 ,
443 1767 491 1804 ut
504 1763 676 1816 quidam
690 1763 855 1803 dicunt:
879 1762 1071 1804 Lauclate
1092 1762 1343 1812 Dominum,

319 1835 522 1888 quoniam
544 1834 675 1874 bonus
695 1839 768 1874 est.

373 1909 411 1946 9..
440 1905 674 1956 4κΕίίιγῖεαηε
709 1904 945 1945 Jerusalem
972 1904 1182 1945 Dominus
1195 1935 1208 1953 ,
1248 1915 1344 1955 quae

320 1988 440 2029 passa
464 1978 525 2016 est
552 1975 819 2027 dispendium
840 1976 977 2014 ruinae
1005 1973 1234 2025 angelicae:
1272 1973 1344 2013 sed

319 2048 371 2088 ad
391 2048 491 2098 hoc,
514 2046 627 2100 quod
648 2046 830 2086 Ecclesia
863 2046 1107 2096 aedisscetur,
1138 2046 1230 2086 haec
1260 2045 1344 2086 duo

319 2122 417 2160 sunt
439 2118 684 2167 necessaria,
707 2117 863 2157 scilicet
882 2117 1099 2169 sapientia,
1119 2120 1159 2157 et
1180 2117 1341 2169 patien-

319 2191 375 2230 tia
398 2204 405 2229 :
429 2189 629 2242 patientia
641 2220 652 2239 ,
674 2188 726 2229 ad
742 2188 1028 2238 tolerandum,
1051 2187 1162 2228 utin
1181 2191 1342 2240 marty-

319 2261 464 2310 ribus,
489 2260 707 2312 sapientia,
729 2259 780 2299 ad
800 2258 1128 2309 intelligendum
1147 2261 1187 2299 et
1213 2259 1342 2299 bene·

318 2329 572 2381 faciendum,
589 2334 636 2372 ut
655 2331 699 2370 in
717 2330 1026 2371 confessoribus
1045 2344 1052 2368 :
1074 2342 1127 2370 ex
1144 2330 1210 2370 his
1228 2329 1342 2370 enim

318 2405 476 2443 constat
504 2401 698 2442 Ecclesia.
722 2401 829 2441 Nam
860 2401 946 2453 pati
967 2403 1030 2441 est
1050 2400 1315 2441 meritorium
1331 2433 1341 2451 ,

317 2474 351 2513 si
371 2478 564 2514 sumatur
584 2485 609 2512 a
628 2473 849 2525 patientia,
873 2483 959 2512 non
979 2484 1004 2512 a
1022 2471 1228 2525 passione.

370 2548 408 2585 4.
435 2544 520 2595 Qui
542 2548 740 2583 numerat
767 2541 1086 2582 multitudinem
1107 2541 1342 2583 stellarum.

321 2615 395 2656 Hic
415 2615 583 2665 dicitur,
606 2614 716 2666 quod
737 2614 846 2654 Deus
864 2614 878 2634 ²
903 2629 921 2652 (ι
941 2613 1087 2654 omnia
1105 2613 1150 2653 in
1171 2625 1344 2654 mensu-

321 2699 390 2737 ra,
412 2697 611 2735 numero,
637 2687 677 2725 et
698 2684 881 2737 pondere
901 2684 1121 2736 disposuit.
1144 2698 1163 2721 »
1183 2682 1346 2724 Notan-

322 2757 423 2798 dum
443 2759 610 2806 autem,
633 2755 746 2808 quod
766 2755 847 2795 tria.
867 2758 966 2795 sunt
984 2754 1213 2807 principia,
1236 2755 1344 2795 scili-

323 2832 385 2870 cet
406 2832 488 2869 tres
507 2839 722 2880 personae,
754 2826 911 2880 quibus
930 2826 1022 2867 haec
1050 2826 1309 2867 conveniunt
1334 2837 1344 2865 ε

323 2912 480 2949 unum,
515 2899 712 2951 simplex,
746 2898 1030 2948 immutabile;
1064 2901 1104 2938 et
1141 2898 1233 2939 haec
1267 2899 1347 2939 tria

327 2983 459 3012 unum
476 2974 589 3011 sunt.
611 2969 717 3010 Nam
735 2970 822 3022 ipse
837 2970 944 3010 Deus
960 2981 1097 3010 unum
1116 2972 1198 3020 est,
1218 2982 1242 3009 a
1262 2982 1347 3022 quo

324 3041 542 3095 quodlibet
554 3051 831 3081 numerosum
849 3040 1029 3092 simplex
1042 3072 1052 3091 ,
1075 3053 1099 3080 a
1117 3052 1202 3093 quo
1217 3041 1348 3093 quod-

324 3114 424 3154 libet
437 3112 738 3165 compositum3
761 3110 1043 3160 immutabile,
1066 3123 1090 3150 a
1110 3123 1193 3163 quo
1215 3114 1348 3152 muta-

324 3185 423 3235 bile,
438 3184 506 3225 vel
521 3195 647 3224 omne
661 3181 829 3223 mobile.
847 3181 998 3222 Omnia
1017 3193 1123 3232 ergo
1143 3182 1348 3235 disposuit

324 3255 368 3295 in
387 3266 584 3304 numero,
606 3253 706 3306 quia
724 3254 776 3293 ab
796 3265 881 3294 uno
899 3255 998 3293 sunt
1014 3253 1160 3293 omnia
1178 3266 1252 3305 per
1271 3267 1348 3295 nu-

325 3326 539 3376 merum³;
562 3325 704 3366 omnia
722 3324 766 3364 in
784 3324 969 3377 pondere
982 3355 992 3373 ,
1017 3335 1118 3364 nam
1135 3324 1279 3365 omnia
1295 3325 1347 3365 ab

369 3458 376 3475 ¹
396 3457 490 3496 Gen„
509 3463 617 3495 xxvn,
636 3458 685 3487 11.
700 3472 740 3478 —
759 3455 772 3476 ²
788 3455 882 3495 Sap.,
901 3462 950 3495 11,
970 3457 1023 3487 21.
1039 3472 1079 3480 --
1097 3454 1111 3477 ³
1131 3454 1214 3487 Vide
1234 3464 1346 3496 supra,

328 3505 361 3535 z'n
382 3503 467 3535 Psal.
489 3510 633 3535 xxxvin.
654 3520 694 3527 —
720 3502 731 3520 ⁴
753 3502 893 3543 Philip„
915 3510 974 3543 111,
993 3505 1046 3536 20.
1066 3520 1106 3526 —
1125 3503 1140 3525 Β
1157 3502 1292 3540 ΜαίίΙι.,
1315 3509 1346 3540 ν,

329 3553 378 3583 14.
397 3569 431 3574 -
451 3551 462 3569 ⁵
481 3550 593 3589 Cant„
614 3558 637 3589 1,
659 3551 688 3581 4.

1015 258 1078 299 Ex
1089 259 1181 299 POS
1191 257 1290 299 *Tio
1324 257 1374 298 IN
1406 258 1753 300 PSALTERIUM.

1418 347 1624 387 immobili
1640 347 1834 388 ordinata
1847 349 2015 399 propter
2034 348 2213 400 pondus,
2232 361 2331 391 nam
2347 362 2439 392 om-

1417 418 1482 458 nis
1503 421 1641 459 motus
1660 419 1713 459 ab
1733 417 1958 467 immobili3
1981 418 2123 458 omnia
2144 418 2186 458 in
2211 431 2407 462 mensura
2428 453 2439 471 ,

1417 501 1516 529 nam
1531 502 1556 529 a
1574 490 1753 542 simplici
1774 489 1916 530 omnia
1935 488 2076 541 aliqua
2095 489 2229 540 specie
2249 493 2444 531 contenta

1419 563 1588 612 propter
1616 572 1874 600 mensnram.
1911 558 2016 599 Nam
2045 559 2189 599 omnia
2216 559 2440 612 disposuit,

1418 633 1459 670 et
1473 630 1689 682 quodlibet
1702 630 1798 670 facit
1810 641 1946 670 unum
1965 643 1973 669 ε
1992 641 2090 668 nam
2103 629 2320 682 quodlibet
2334 630 2442 680 ideo,

1419 702 1519 752 quia
1551 711 1732 740 numero
1768 711 1904 739 unum
1925 701 2007 749 est;
2036 699 2079 738 in
2106 700 2288 751 pondere
2305 732 2316 751 ,
2346 700 2446 753 quia

1419 769 1587 810 cuilibet
1609 770 1680 810 dat
1701 772 1890 818 motum3
1910 769 1953 809 in
1971 781 2194 819 mensura,
2213 769 2312 822 quia
2331 769 2447 810 cuili-

1419 840 1488 880 bet
1508 839 1578 880 dat
1597 839 1794 892 speciem.

1473 912 1514 950 8.
1531 911 1616 961 Qui
1632 914 1769 963 operit
1781 909 1933 950 coelum
1947 909 2142 950 nubibus.
2166 909 2292 951 Sacra
2312 909 2447 964 Scrip-

1418 985 1513 1022 tura
1533 985 1595 1022 cst
1622 982 1802 1022 obscura
1821 984 1861 1021 et
1882 981 2036 1032 velata,
2060 982 2171 1034 quod
2201 980 2447 1033 significant

1422 1053 1471 1105 (a)
1495 1052 1567 1093 illa
1585 1052 1744 1103 decem,
1767 1064 1863 1105 quae
1879 1051 2016 1093 velata
2035 1055 2132 1092 sunt
2152 1052 2230 1092 sub
2247 1051 2324 1092 alis
2343 1051 2446 1093 Che-

1417 1123 1559 1164 rubim
1573 1155 1583 1172 ,
1606 1123 1760 1164 scilicet
1782 1123 1885 1176 quid
1904 1125 2001 1164 ante
2021 1122 2232 1163 mundum
2250 1153 2260 1172 ,
2282 1121 2384 1174 quid
2402 1120 2445 1160 in

1417 1194 1501 1234 fine
1522 1194 1692 1246 mundi,
1729 1195 1828 1247 quid
1852 1196 1942 1247 post
1961 1195 2090 1235 finem
2105 1226 2116 1245 ,
2139 1193 2240 1246 quid
2264 1191 2446 1246 praedes-

1418 1265 1581 1315 tinatio,
1603 1265 1706 1318 quid
1726 1265 1980 1318 reprobatio,
2003 1265 2073 1306 via
2090 1264 2242 1317 aquilae
2261 1264 2307 1304 in
2324 1262 2445 1314 coelo,

1418 1339 1458 1376 et
1479 1335 1547 1377 via
1569 1335 1689 1377 navis
1709 1335 1753 1376 in
1779 1335 1911 1385 mari,
1945 1335 2014 1377 via
2033 1335 2196 1376 colubri
2220 1346 2348 1387 supra
2372 1345 2445 1386 pe-

1419 1409 1552 1457 tram,
1590 1406 1659 1447 via
1685 1406 1766 1448 vlri
1798 1406 1842 1446 in
1872 1405 2166 1447 adolescentia.
2198 1404 2295 1446 Tria
2320 1404 2449 1446 stellis

1420 1478 1675 1519 conveniunt
1702 1492 1710 1518 :
1735 1489 1835 1518 nam
1858 1480 1957 1517 sunt
1975 1477 2225 1528 eminentes,
2244 1476 2446 1526 lucentes,

1418 1548 1611 1589 ordinem
1633 1551 1851 1589 servantes
1873 1563 1881 1590 :
1905 1549 1963 1588 sic
1995 1549 2127 1589 sancti
2153 1548 2245 1589 haec
2264 1548 2421 1588 habent
2436 1578 2447 1597 ,

1420 1621 1461 1658 et
1481 1619 1573 1660 ideo
1600 1619 1729 1660 sancti
1750 1619 1878 1659 stellis
1897 1622 2213 1672 comparantur.
2236 1619 2292 1660 De
2311 1619 2449 1672 primo

1422 1689 1577 1731 dicitur
1596 1691 1625 1741 ⁶,
1650 1690 1764 1743 quod
1785 1702 1933 1730 eorum
1960 1689 2258 1731 «conversatio
2283 1701 2450 1742 semper

1420 1761 1464 1800 in
1494 1761 1608 1801 coelis
1638 1763 1712 1801 est.
1735 1775 1753 1798 ι)
1780 1760 1838 1801 De
1864 1761 2047 1818 secundo
2077 1760 2229 1802 dicitur
2254 1764 2268 1786 '0
2291 1775 2300 1801 ι
2327 1776 2346 1800 α
2367 1759 2450 1802 Vos

1420 1834 1519 1874 estis
1548 1833 1624 1873 lux
1655 1833 1818 1874 mundi.
1841 1848 1860 1870 n
1893 1833 1949 1873 De
1968 1832 2089 1873 tertio
2107 1836 2149 1872 ³⁵:
2174 1832 2450 1874 «Introduxit

1420 1916 1487 1944 me
1505 1916 1581 1944 rex
1608 1904 1652 1944 in
1674 1904 1822 1944 cellam
1840 1904 2047 1945 vinariam
2068 1903 2137 1956 (b),
2159 1903 2370 1945 ordinavit
2403 1904 2447 1944 in

1421 1988 1488 2016 me
1508 1975 1771 2016 charitatem.
1793 1990 1812 2013 »

1473 2048 1511 2086 9.
1535 2046 1672 2088 Pullis
1692 2059 1916 2087 corvorum
1935 2046 2228 2087 invocantibus
2245 2058 2357 2087 eum.
2378 2045 2451 2087 Le-

1420 2118 1537 2170 gitur
1556 2118 1668 2170 quod
1689 2117 1830 2170 pullus
1851 2118 1967 2160 corvi
1988 2130 2075 2158 non
2095 2117 2280 2170 pascitur
2301 2117 2355 2158 ab
2375 2129 2446 2168 eo,

1420 2189 1551 2229 donec
1572 2189 1724 2229 habeat
1744 2189 1910 2241 plumas
1936 2189 2094 2229 similes
2120 2188 2277 2241 plumis
2296 2188 2446 2242 patris;

1421 2260 1494 2300 sed
1513 2259 1683 2299 interim
1703 2259 1890 2311 pascitur
1912 2271 2003 2300 rore
2025 2259 2143 2310 coeli,
2175 2261 2215 2300 et
2235 2259 2327 2300 ideo
2346 2259 2446 2300 dici-

1420 2333 1489 2371 tur
1515 2330 1648 2371 Deum
1668 2331 1879 2372 invocare.

1474 2402 1539 2441 11.
1572 2400 1894 2453 Beneplucz'tum
1929 2405 1988 2440 est
2019 2400 2203 2442 Domino
2235 2411 2363 2454 super
2400 2401 2450 2440 ti-

1420 2476 1579 2512 mentes
1598 2483 1696 2512 eum
1713 2502 1722 2520 ,
1743 2476 1783 2511 et
1802 2471 1847 2511 in
1866 2471 1924 2511 eis
1944 2470 2021 2523 qui
2037 2474 2212 2524 sperant
2224 2481 2351 2523 super
2366 2469 2450 2510 mi-

1419 2542 1649 2584 sericordia
1684 2542 1787 2594 ejus.
1831 2541 1990 2582 Timori
2023 2541 2253 2594 subjungit
2287 2552 2404 2594 spem
2435 2552 2445 2581 z

1421 2627 1558 2656 vanus
1574 2614 1688 2654 enim
1705 2615 1832 2654 timor
1851 2616 1913 2653 est
1931 2625 2061 2666 quem
2080 2624 2169 2653 non
2181 2613 2324 2654 firmat
2339 2611 2448 2653 fidu-

1421 2687 1500 2727 cia.
1532 2684 1634 2739 Spes
1664 2685 1780 2726 enim
1812 2685 2046 2725 necessaria
2074 2687 2136 2725 est
2166 2684 2212 2724 in
2251 2682 2449 2737 praesenti

1422 2769 1519 2798 cum
1552 2756 1774 2809 patientia,
1808 2758 1849 2796 et
1885 2754 2127 2796 fortitudine
2148 2768 2157 2794 :
2189 2754 2299 2796 Deus
2334 2754 2448 2795 enim

1422 2828 1621 2868 tribulato
1648 2826 1797 2867 tribuit
1824 2826 2094 2879 patientiam,
2127 2824 2445 2875 fortitudinem,

1423 2898 1510 2950 spei
1539 2896 1836 2938 certitudinem
1866 2911 1875 2936 z
1912 2895 2227 2946 fortitudinem,
2252 2897 2301 2936 ut
2319 2893 2474 2936 susti--

1422 2981 1536 3020 neas3
1573 2967 1819 3021 patientiam
1835 2999 1846 3018 ,
1863 2969 1911 3007 ut
1930 2979 2016 3008 non
2029 2966 2218 3017 resistas;
2239 2977 2379 3019 spem,
2400 2968 2449 3006 ut

1423 3039 1680 3094 expectando
1699 3038 1868 3090 diligas.

1578 3199 1845 3246 PSALMUS
1876 3199 2057 3244 DAVID
2088 3199 2299 3244 CXLVII.

1478 3330 1543 3368 12.
1582 3327 1759 3378 Lauda,
1790 3325 2054 3375 Jerusalem,
2087 3323 2334 3366 Dominum.
2372 3321 2450 3363 Hic

1424 3397 1616 3439 Psalmus
1646 3397 1835 3451 loquitur
1867 3396 1913 3437 in
1948 3406 2128 3449 persona
2159 3404 2305 3434 eorum
2321 3424 2334 3444 ,
2373 3393 2448 3446 qui

1467 3504 1514 3545 (a)
1538 3504 1617 3537 Caet.
1647 3504 1729 3536 edit.
1762 3503 1937 3545 significat.
1964 3519 2001 3525 —
2030 3500 2077 3541 (b)
2115 3499 2210 3541 Vulq.
2245 3500 2277 3532 in
2319 3500 2450 3534 cellaria

1425 3560 1497 3582 sua.
