2633 3878
130 1048 236 1074 Assue-

114 1088 219 1122 rus,id

97 1132 138 1154 est
166 1129 235 1156 bea-

97 1171 154 1196 tus.

281 268 331 306 76
951 254 1223 300 EXPOSITIO
1253 253 1306 295 IN
1336 254 1685 297 PSALTERIUM.

251 353 483 401 gredientes.
505 353 555 388 De
577 349 701 387 oculis
725 349 954 386 ardentibus
988 347 1209 384 invenimus
1232 344 1241 365 ¹
1264 356 1272 380 :

254 429 272 449 α
293 417 387 452 Cum
407 413 593 451 elevasset
610 423 680 448 rex
691 411 831 448 faciem
850 422 983 455 suam,
1000 412 1037 447 et
1051 407 1277 446 ardentibus

253 477 375 514 oculis
394 476 567 512 furorem
586 473 754 521 pectoris
783 473 991 510 indicasset
1007 499 1018 516 ,
1040 471 1175 517 regina
1194 479 1277 505 cor-

251 538 326 575 ruit
349 551 393 574 :n
418 537 479 575 hic
509 536 841 573 considerandum
869 538 944 579 est,
968 533 1055 581 quis
1081 541 1172 577 rex,
1192 541 1278 578 quse

252 600 411 646 regina,
431 600 498 646 qui
530 598 711 635 ardentes
743 597 870 640 oculi,
891 606 977 643 quae
1008 595 1133 631 ruina.
1163 593 1278 630 Plane

253 661 294 698 in
313 671 436 707 regno
457 660 569 708 quod
589 661 687 696 intra
707 669 778 695 nos
804 661 878 703 est,
898 667 968 694 nec
987 667 1072 702 rex,
1091 666 1163 692 nec
1183 655 1280 701 regi-

254 733 305 760 na
336 723 443 759 deest
467 736 474 757 :
505 723 593 769 quis
620 732 687 758 rex
719 720 784 757 ille
803 748 813 766 ,
843 719 918 756 nisi
946 719 1004 755 vis
1033 718 1198 763 animae,
1219 717 1281 753 cui

255 785 391 821 datum
408 787 463 822 est
488 784 573 820 aliis
592 783 744 819 viribus
772 782 964 829 imperare
978 781 996 816 ‘l
1017 783 1083 817 aut
1113 790 1200 827 quae
1225 789 1282 815 re-

254 846 365 893 gina,
386 846 458 881 nisi
477 846 598 882 virtus
614 845 802 881 virtutum
817 843 1004 880 domina?
1018 842 1118 879 Talis
1143 852 1211 878 rex
1227 843 1282 877 est

255 909 432 955 superior
451 907 668 955 appetitus;
690 906 776 943 talis
798 906 956 952 regina,
976 905 1154 952 superior
1170 902 1280 939 habi-

255 972 328 1006 tus.
341 969 589 1016 Superiorem
606 968 822 1016 appetitum
837 967 1004 1004 dicimus
1015 965 1279 1008 voluntaten13

257 1031 496 1079 superiorem
516 1030 696 1067 habitum
716 1030 925 1066 asserimus
945 1028 1186 1064 charitatem.
1203 1028 1281 1063 Rex

256 1095 322 1133 ille
350 1105 430 1132 non
463 1095 679 1141 incongrue
710 1096 871 1130 vocatur
903 1095 1111 1136 Assuerus,
1133 1090 1174 1126 id
1202 1094 1281 1134 est,

255 1160 413 1205 beatus:
441 1159 535 1206 quia
565 1158 702 1194 beatus
733 1156 820 1192 talis
849 1154 1063 1202 appetitus,
1083 1154 1144 1190 cui
1165 1163 1283 1200 copu—

255 1222 355 1258 latur
375 1219 685 1267 inseparabiliter
702 1218 788 1255 talis
807 1217 975 1253 habitus.
994 1215 1094 1252 Talis
1110 1225 1283 1262 namque

253 1282 389 1329 regina
423 1291 503 1318 non
539 1280 709 1317 absurde
741 1281 990 1324 nuncupatur
1028 1277 1280 1319 abscondita,

255 1344 347 1390 quia
363 1343 544 1391 praefatus
563 1342 720 1379 habitus
741 1340 903 1377 habenti
921 1351 1002 1376 non
1031 1342 1086 1376 est
1113 1339 1281 1385 agnitus.

254 1405 354 1450 Quid
374 1408 504 1441 autem
534 1415 605 1452 per
634 1403 816 1440 ardentes
846 1402 982 1439 oculos
1010 1400 1286 1438 accommoda-

255 1467 328 1503 tius
346 1466 557 1515 accipiam,
589 1476 710 1514 quam
742 1464 1024 1512 speculativam
1051 1466 1088 1500 et
1115 1463 1283 1499 activam

253 1528 413 1565 rationis
445 1527 744 1576 perspicaciam,
770 1526 1004 1563 candentem
1023 1528 1059 1562 et
1077 1524 1283 1562 cadentem

254 1601 324 1639 per
344 1590 539 1627 sensibilis
557 1589 751 1637 passionis
768 1588 1085 1625 vehementiam?
1103 1589 1200 1624 Cum
1217 1597 1298 1636 aus

254 1656 332 1689 tem
351 1652 405 1688 sic
424 1651 504 1697 regi
527 1651 717 1696 succedit,
738 1650 874 1697 regina
892 1649 1075 1695 concidit3
1093 1648 1284 1696 quoniam

254 1714 307 1751 sic
326 1714 509 1750 voluntas
529 1714 704 1758 excedit,
726 1713 837 1760 quod
863 1712 1032 1748 charitas
1053 1711 1208 1747 excidit.
1234 1712 1283 1746 De

255 1775 377 1812 oculis
399 1775 670 1812 deficientibus
690 1774 858 1821 legimus
876 1772 890 1793 ²
909 1786 916 1809 :
942 1787 957 1807 «
976 1772 1082 1809 Oculi
1101 1772 1285 1809 deficien-

254 1841 334 1883 tes,
359 1841 394 1873 et
413 1837 544 1873 anima
568 1837 739 1872 esuriens
761 1835 824 1871 dat
845 1835 914 1871 tibi
935 1834 1100 1881 gloriam
1115 1863 1126 1880 ,
1148 1848 1165 1869 »
1190 1834 1285 1881 quia

254 1910 363 1936 mens
385 1898 553 1943 oculata,
568 1898 754 1934 divinitus
774 1897 987 1941 illustrata,
1011 1896 1195 1933 deficiens
1215 1904 1285 1944 per

255 1961 548 2006 contritionem,
569 1959 742 1996 esuriens
759 1958 1102 2005 justificationem,
1121 1958 1187 1995 dat
1207 1961 1284 1995 Deo

255 2024 422 2071 gloriam
441 2034 511 2070 per
533 2023 658 2070 culpae
689 2021 989 2059 confessionem.
1016 2024 1067 2058 De
1085 2021 1208 2057 oculis
1228 2021 1285 2057 vi„

255 2086 437 2123 dentibus
457 2085 702 2133 reperimus³
727 2097 734 2120 :
761 2097 778 2117 «
799 2085 919 2120 Erunt
940 2082 1044 2120 oculi
1072 2082 1128 2119 tui
1146 2082 1285 2119 viden-

256 2152 312 2185 tes
341 2151 620 2196 praeceptorem
650 2150 787 2193 tuum,
809 2149 846 2183 et
871 2156 984 2183 aures
1017 2147 1092 2182 tuae
1127 2145 1287 2182 audient

254 2211 422 2248 verbum
455 2213 544 2258 post
571 2213 723 2257 tergum
753 2208 948 2245 monentis
971 2219 979 2244 :
1006 2208 1088 2244 haec
1109 2210 1165 2244 est
1195 2207 1285 2253 via,

255 2273 455 2309 ambulate
483 2273 523 2308 in
554 2282 612 2308 ea.
634 2284 652 2305 ι)
676 2271 790 2315 Quod
823 2271 988 2318 pertinet
1014 2270 1065 2306 ad
1093 2269 1287 2306 rationem

257 2334 408 2370 divinas
427 2334 535 2380 leges
557 2333 840 2377 consulentem,
864 2334 901 2368 et
914 2332 1131 2368 secundum
1152 2342 1287 2369 earum

256 2396 463 2434 consilium
483 2395 654 2432 actiones
679 2393 861 2441 proprias
883 2393 1129 2440 dirigentem.

566 2498 760 2534 Articulus
785 2497 971 2533 secundus.

303 2585 499 2627 Quantum
518 2581 570 2618 ad
589 2580 822 2625 secundum,
841 2580 1046 2627 adjicitur:
1065 2582 1286 2624 Defecerant.

258 2647 332 2682 Ista
348 2644 512 2681 defectio
533 2647 587 2679 est
605 2645 784 2691 aspectus
803 2642 962 2679 omissio
975 2671 986 2688 ,
1003 2643 1112 2688 quus
1134 2642 1288 2679 occasio

259 2710 313 2743 est
332 2706 490 2743 affectus
516 2705 693 2742 remissio
716 2717 723 2740 :
747 2705 841 2751 quia
864 2705 960 2740 dum
991 2704 1146 2741 affectio
1179 2703 1289 2751 spiri-

259 2769 374 2806 tualis
394 2768 613 2812 remittitur,
636 2771 714 2805 tam
743 2767 1002 2815 speculativa,
1025 2777 1147 2815 quam
1177 2777 1290 2814 prac-

260 2831 334 2867 tica
352 2831 450 2867 ratio
471 2832 574 2868 circa
595 2831 811 2878 spiritualia
832 2830 1060 2878 consopitur
1077 2829 1290 2866 :deficiunt

261 2892 392 2940 itaque
424 2892 584 2928 rationis
613 2892 713 2928 oculi
737 2921 748 2938 ,
779 2892 872 2940 quia
904 2891 1044 2928 desunt
1074 2890 1291 2927 affectionis

261 2955 420 2994 stimuli.
443 2958 485 2992 Et
504 2959 619 3000 nota,
642 2955 752 3002 quod
771 2956 839 2992 iste
867 2955 1040 2991 desectus
1065 2954 1290 3002 frequenter

263 3020 443 3054 causatur
462 3027 510 3053 ex
535 3017 661 3053 tribus
685 3017 852 3054 exterius
881 3016 1176 3058 deficientibus.
1202 3026 1292 3063 quae

263 3083 371 3116 sunt·
390 3079 572 3126 exempla
593 3107 604 3124 ,
645 3078 831 3125 eloquia,
865 3080 901 3114 et
935 3077 1080 3113 auxilia
1108 3090 1116 3113 ;
1147 3077 1293 3114 scilicet

264 3141 444 3188 exempla
467 3140 637 3186 virtutis,
665 3139 825 3187 eloquia
852 3139 1048 3175 veritatis:
1077 3141 1112 3175 et
1143 3138 1292 3175 auxilia

263 3202 428 3250 pietatis.
444 3202 570 3239 Prima
585 3202 953 3248 defectiolfiguratur
968 3201 981 3221 ⁴
999 3212 1007 3236 :
1030 3214 1046 3233 κ
1065 3199 1293 3236 Defecerant

267 3263 369 3300 oculi
395 3274 532 3300 eorum
547 3292 558 3309 ,
574 3279 591 3296 ι)
609 3263 753 3300 scilicet
773 3272 1014 3309 onagrorum
1027 3289 1038 3306 ,
1063 3274 1080 3295 «
1102 3261 1195 3309 quia
1211 3271 1292 3297 non

268 3328 349 3362 erat
366 3325 490 3362 herba
509 3337 517 3361 :
539 3339 557 3359 ι)
581 3325 635 3361 sic
655 3325 842 3362 deficiunt
861 3324 966 3362 oculi
988 3323 1149 3360 rationis
1170 3326 1207 3359 et
1232 3322 1294 3358 sti-

267 3386 364 3423 muli
383 3387 598 3424 affectionis
620 3387 661 3423 in
680 3387 811 3424 multis
823 3415 833 3433 ,
857 3385 1049 3434 quoniam
1067 3394 1149 3422 non
1170 3394 1293 3432 appa-

312 3465 323 3486 ¹
341 3464 450 3504 Eeth„
468 3474 526 3508 xv,
551 3469 600 3499 10.
624 3484 664 3491 -
686 3467 700 3488 ²
718 3468 850 3504 Barac„
873 3475 916 3507 11,
939 3468 988 3500 18.
1009 3483 1049 3490 —
1069 3465 1083 3487 ⁸
1100 3467 1179 3505 lsa„
1203 3472 1294 3505 xxx,

270 3514 322 3545 20.
338 3530 373 3536 —
392 3513 403 3531 ⁴
422 3513 556 3553 lev-em„
575 3522 645 3555 xw,
660 3516 691 3547 6.
707 3532 744 3538 -
765 3516 776 3535 ⁵
797 3514 885 3547 Psal.
909 3514 987 3554 hoc,
1009 3515 1060 3546 82.
1074 3531 1114 3537 —
1134 3515 1145 3532 ‘³
1164 3513 1295 3552 Thren„

1347 345 1406 381 ret
1426 345 1466 381 in
1484 345 1662 393 partibus
1682 345 1760 382 suis
1773 345 1897 383 herba
1916 346 2073 391 viridis,
2092 346 2134 382 id
2148 348 2225 392 est,
2244 357 2373 385 exem-

1348 407 1416 454 pla
1432 407 1594 444 virtutis.
1609 407 1787 445 Secunda
1802 407 1965 445 desectio
1979 407 2227 444 decantatur⁸
2243 421 2250 444 :
2277 421 2295 443 «
2307 411 2375 446 De-

1349 467 1521 506 fecerunt
1541 470 1643 506 oculi
1663 470 1737 506 mei
1759 470 1798 505 in
1818 470 2023 518 eloquium
2043 473 2153 506 tuum
2176 481 2217 506 z»
2236 470 2289 506 sic
2311 472 2376 508 de-

1350 530 1429 567 ficit
1447 532 1546 568 ratio
1568 532 1669 568 circa
1689 532 1894 578 mysteria,
1925 535 1961 568 et
1981 532 2133 568 affectio
2154 532 2258 568 circa
2276 532 2376 569 desi-

1352 592 1483 638 deria,
1520 594 1613 640 quia
1643 593 1829 630 deficiunt
1859 594 2110 642 eloquiorum
2142 594 2377 641 magisteria.

1350 653 1474 690 Tertia
1503 654 1667 690 desectio
1708 654 1916 691 denotatur
1947 667 1956 691 ;
1991 670 2007 688 «
2030 656 2282 701 Defecerunt,
2322 656 2381 692 in-

1353 716 1458 762 quit,
1490 715 1593 751 oculi
1626 716 1746 752 nostri
1781 715 1833 752 ad
1864 717 2056 753 auxilium
2089 727 2259 762 vanum,
2291 728 2381 754 cum

1352 776 1632 823 respiceremus
1663 777 1795 814 attenti
1817 778 1869 815 ad
1901 781 2076 825 gentem,
2107 790 2195 826 quae
2231 779 2382 816 salvare

1352 847 1425 874 nos
1450 848 1531 875 non
1558 841 1710 886 poterat
1738 852 1745 875 ι
1768 854 1785 873 »
1816 840 1870 876 sic
1897 840 2082 877 deficiunt
2107 841 2147 877 in
2181 840 2382 878 nonnullis

1352 900 1514 937 rationis
1540 902 1782 949 perspicacia
1810 929 1820 947 ,
1859 904 1896 938 et
1930 902 2146 940 affectionis
2177 902 2349 940 efficacia
2370 931 2381 949 ,

1354 962 1447 1009 quia
1467 962 1607 1000 desunt
1624 963 1664 999 in
1685 963 1929 1001 desolatione
1950 964 2101 1001 solatia.

1687 1070 1876 1105 Articulus
1904 1071 2045 1105 tertius.

1402 1152 1597 1195 Quantum
1628 1150 1681 1187 ad
1706 1151 1886 1197 tertium,
1920 1151 2127 1188 scribitur:
2157 1154 2200 1189 In
2226 1154 2384 1190 salutare

1357 1216 1454 1249 tuum
1470 1225 1481 1259 3
1497 1213 1574 1249 hoc
1589 1215 1644 1249 est
1655 1213 1862 1260 praemium
1876 1213 2042 1250 salutare
2054 1242 2064 1259 ,
2082 1214 2382 1260 considerabile,

1356 1277 1473 1322 atque
1496 1274 1759 1311 desiderabile
1779 1286 1787 1310 :
1812 1275 1921 1321 quod
1941 1278 2046 1312 tanto
2066 1276 2309 1312 desideratur
2328 1276 2385 1312 in-

1355 1337 1495 1374 tentius
1511 1365 1522 1382 ,
1544 1338 1691 1384 quanto
1713 1337 1991 1375 consideratur,
2012 1337 2210 1374 attentius.
2231 1339 2275 1373 Et
2292 1340 2386 1374 nota

1355 1398 1403 1435 de
1436 1398 1666 1445 hujusmodi
1702 1398 1891 1443 salutari,
1912 1398 2022 1446 quod
2049 1398 2178 1446 ipsum
2199 1399 2388 1446 contingit

1356 1460 1555 1508 tripliciter
1583 1460 1841 1508 contemplari
1864 1472 1872 1496 :
1895 1460 2024 1507 primo
2055 1471 2126 1508 per
2148 1463 2276 1498 creata
2294 1460 2385 1497 visi-

1356 1522 1472 1568 bilia,
1493 1522 1605 1570 quasi
1625 1523 1813 1559 Creatoris
1837 1522 2026 1569 vestigia,
2052 1523 2105 1559 ad
2123 1522 2294 1560 increata
2311 1522 2387 1560 fas-

1356 1584 1452 1631 tigia
1484 1584 1807 1630 conscendend03
1853 1585 2052 1630 secundo,
2088 1595 2158 1632 per
2192 1586 2387 1622 creaturas

1357 1645 1597 1693 invisibiles,
1616 1649 1806 1693 tanquam
1824 1646 2013 1683 Creatoris
2026 1646 2237 1694 imagines,
2259 1647 2312 1684 ad
2333 1647 2389 1683 di-

1356 1708 1542 1744 vinorum
1561 1708 1786 1745 altitudines
1807 1709 2078 1753 ascendendo3
2102 1709 2214 1745 tertio
2237 1711 2389 1746 creatu-

1356 1780 1443 1806 ram
1463 1780 1645 1815 omnem,
1671 1772 1751 1806 tam
1768 1770 1964 1806 visibilem
1985 1781 2105 1817 quam
2124 1770 2362 1807 invisibilem
2376 1799 2388 1818 ,

1357 1831 1671 1868 transcendendo
1693 1859 1705 1876 ,
1748 1835 1791 1868 et
1826 1832 2002 1868 divinam
2049 1831 2256 1877 caliginem
2300 1842 2389 1868 cum

1358 1895 1487 1941 Moyse
1517 1894 1792 1930 subintrando.
1821 1894 1974 1931 Primus
1994 1894 2289 1942 contemplandi
2308 1904 2391 1931 mo-

1359 1958 1432 1994 dus
1454 1959 1582 2004 potest
1607 1957 1684 1994 dici
1705 1957 1873 1994 carnalis
1891 1986 1901 2004 ,
1924 1958 2018 2005 quia
2038 1968 2120 1994 non
2138 1957 2258 1994 utitur
2282 1957 2390 2006 puri-

1358 2021 1434 2056 tate
1452 2019 1615 2056 rationis
1632 2047 1644 2064 ,
1678 2020 1747 2056 sed
1776 2019 1945 2056 admittit
1971 2019 2267 2056 crassitudinem
2291 2019 2389 2056 ima-

1359 2081 1588 2129 ginationis3
1603 2082 1799 2119 secundus
1814 2084 1942 2129 potest
1956 2082 2033 2118 dici
2047 2081 2275 2128 terminalis,
2293 2092 2392 2129 quo-

1359 2145 1467 2181 niam
1495 2144 1535 2180 in
1556 2144 1626 2180 illo
1661 2144 1889 2190 negociatur
1921 2144 2006 2180 sola
2036 2144 2160 2190 ratio,
2188 2144 2240 2180 ad
2270 2154 2392 2192 quam

1360 2206 1589 2242 terminatur
1612 2205 1842 2252 imaginatio
1859 2218 1869 2251 ;
1893 2205 2028 2242 tertius
2050 2207 2179 2252 potest
2197 2205 2274 2242 dici
2292 2205 2392 2242 fina-

1361 2268 1428 2314 lis,
1449 2278 1523 2314 pro
1545 2278 1592 2304 eo
1613 2267 1724 2314 quod
1744 2267 1895 2312 attingit
1914 2267 1971 2302 illi
1990 2267 2061 2303 fini
2081 2258 2150 2304 seu
2169 2267 2279 2304 finali
2300 2267 2392 2304 cali-

1360 2330 1441 2376 gini
1458 2358 1466 2374 ,
1503 2329 1571 2376 qui
1609 2330 1666 2365 est
1702 2328 1791 2365 finis
1830 2328 2186 2376 circumscriptivus
2220 2329 2391 2365 universi

1362 2391 1479 2428 creati
1499 2391 1670 2427 luminis.
1697 2392 1746 2427 De
1763 2391 1915 2437 primo⁷
1933 2402 1941 2426 ε
1960 2403 1977 2424 «
1993 2390 2145 2427 Videbit
2158 2390 2285 2428 omnis
2301 2401 2392 2427 caro

1361 2453 1530 2490 salutare
1561 2453 1638 2488 Dei.
1660 2466 1678 2487 »
1701 2452 1802 2489 Talis
1829 2463 1920 2489 caro
1947 2455 2002 2488 est
2028 2452 2195 2489 carnalis
2222 2455 2393 2489 contem-

1360 2515 1508 2562 platio,
1543 2514 1582 2550 in
1615 2524 1695 2562 qua
1723 2524 1804 2550 non
1836 2516 2023 2561 operatur
2048 2525 2148 2561 pura
2173 2514 2292 2560 ratio,
2324 2514 2395 2551 sed

1363 2579 1599 2625 cooperatur
1622 2576 1863 2623 imaginatio.
1888 2578 1939 2613 De
1968 2576 2143 2612 secundo
2173 2575 2323 2613 canitur
2352 2576 2392 2613 ⁸:

1367 2652 1384 2673 «
1403 2639 1591 2675 Viderunt
1621 2649 1758 2675 omnes
1792 2637 1945 2674 termini
1979 2640 2089 2674 terrae
2121 2637 2289 2674 salutare
2328 2636 2395 2674 Dei

1363 2700 1495 2737 nostri.
1520 2714 1537 2734 »
1560 2700 1726 2737 Termini
1745 2702 1854 2736 terrae
1871 2702 1960 2736 sunt
1980 2699 2203 2736 terminales
2223 2702 2396 2736 contem-

1363 2763 1557 2810 plationes
1582 2762 1791 2808 cujuslibet
1823 2761 2026 2808 terrigenae
2043 2789 2054 2806 ,
2084 2761 2123 2797 in
2150 2761 2293 2808 quibus
2313 2771 2395 2797 non

1365 2827 1550 2872 operatur
1569 2823 1820 2870 imaginatio,
1848 2823 1917 2860 sed
1946 2834 2046 2870 pura
2065 2822 2163 2859 ratio
2180 2850 2191 2868 ,
2218 2833 2307 2870 quae
2340 2825 2396 2859 est

1364 2886 1656 2933 imaginationis
1688 2885 1925 2921 terminatio.
1959 2887 2010 2921 De
2042 2884 2153 2921 tertio
2173 2884 2216 2920 ⁹:
2242 2898 2259 2916 «
2279 2883 2395 2920 Vide-

1364 2949 1463 2985 bunt
1489 2958 1626 2984 omnes
1651 2947 1749 2983 fines
1781 2949 1890 2982 terrae
1923 2947 2090 2983 satutare
2120 2945 2183 2982 Dei
2208 2945 2343 2983 nostri.
2373 2958 2391 2979 »

1365 3010 1438 3055 Qui
1458 3012 1548 3046 sunt
1567 3010 1664 3046 fines
1682 3012 1813 3053 terrae,
1842 3008 1915 3044 nisi
1935 3008 2072 3044 finales
2093 3006 2394 3055 contemplatio-

1365 3083 1434 3109 nes
1453 3071 1659 3118 cujuslibet
1689 3070 1876 3107 terrestris
1901 3080 2080 3117 personae
2096 3098 2107 3116 ,
2129 3069 2290 3106 rationis
2315 3071 2391 3106 ter-

1366 3134 1494 3170 minos
1518 3135 1781 3175 transeuntes,
1803 3135 1838 3168 et
1864 3131 2040 3168 divinam
2060 3131 2268 3178 caliginem
2297 3130 2393 3167 sub-

1367 3197 1531 3232 euntes?
1552 3196 1636 3231 Haec
1656 3197 1712 3231 est
1732 3194 1860 3240 caligo
1877 3222 1887 3240 ,
1908 3193 1957 3230 de
1977 3204 2055 3240 qua
2081 3194 2136 3230 sic
2155 3193 2287 3230 scribit
2306 3192 2394 3228 Dio-

1367 3257 1501 3305 nysius
1522 3257 1549 3279 ¹⁰
1570 3268 1578 3293 :
1605 3269 1622 3290 «
1643 3255 1779 3292 Divina
1798 3255 1924 3302 caligo
1945 3257 2001 3291 est
2034 3253 2303 3291 inaccessibile
2333 3252 2394 3288 lu-

1368 3329 1478 3365 men,
1494 3318 1535 3354 in
1549 3329 1628 3365 quo
1642 3317 1819 3354 habitare
1837 3319 1934 3353 Deus
1951 3316 2092 3353 dicitur
2100 3328 2112 3361 3
2133 3317 2170 3352 et
2185 3313 2394 3350 invisibilis

1368 3380 1531 3427 quidem
1560 3379 1747 3424 existens,
1773 3381 1933 3426 propter
1958 3376 2212 3414 excedentem
2243 3374 2395 3412 clarita·

1370 3471 1417 3501 iv,
1439 3465 1488 3496 17.
1511 3481 1551 3487 -
1571 3464 1580 3483 ⁷
1604 3464 1695 3502 Luc„
1714 3470 1768 3503 111,
1790 3463 1820 3493 6.
1838 3478 1878 3484 —
1896 3461 1910 3482 8
1931 3458 2021 3491 Psal.
2046 3466 2152 3499 xcvn,
2173 3459 2202 3491 3.
2224 3476 2264 3482 ——
2283 3458 2294 3477 ⁹
2313 3458 2394 3496 Isca,

1370 3518 1432 3551 L11,
1456 3513 1504 3543 10.
1522 3528 1562 3534 -
1585 3511 1613 3533 ¹⁰
1634 3510 1749 3548 Dion„
1769 3507 1814 3540 ad
1831 3506 1968 3539 Dorotlt.
