2633 3878
284 208 334 246 78
982 203 1429 248 lLLUMlNATlONES
1460 205 1722 249 ECCLESIAE

288 308 308 332 «
318 305 470 347 panem
480 293 749 345 angelorum.
763 293 814 335 Et
824 294 941 336 hunc
953 297 1151 348 reputant
1161 306 1310 336 omnes

280 365 479 415 stultum;
502 367 544 406 et
570 365 659 418 ipse
687 368 853 419 reputat
877 378 1026 407 omnes
1055 366 1205 407 stultos
1228 381 1237 406 t
1270 368 1312 406 et

281 436 514 476 secundum
535 436 755 477 veritatem
783 439 895 477 sunt.
919 436 969 477 Et
998 437 1078 478 hoc
1103 439 1165 477 est
1195 449 1312 477 sum-

280 518 400 546 mum
434 507 547 558 fidei,
581 511 622 548 et
656 520 782 560 apex,
828 511 874 548 ut
904 520 978 560 per
1007 507 1310 560 experientiam

279 577 527 627 inebrietur,
549 582 589 619 et
610 580 702 631 jam
723 579 779 618 nil
803 581 923 618 curet
943 578 993 619 de
1017 578 1189 619 mundo.
1211 578 1310 619 Haec

279 648 394 688 enim
417 649 608 690 desendet
635 653 824 702 tempore
843 649 1104 689 Antichristi.
1126 649 1243 690 Unde
1267 654 1279 676 ¹
1298 665 1306 691 ε

284 735 304 758 <t
324 719 455 761 Mittet
476 721 556 760 illis
578 721 688 761 Deus
712 722 1001 773 operationem
1022 722 1190 762 erroris.
1214 737 1232 760 »
1256 722 1310 763 De

278 791 393 844 apice
413 791 531 842 fidei,
550 803 646 844 quae
667 803 787 832 amor
806 794 887 842 est,
910 791 1135 844 Apostolus
1155 793 1252 834 dicit
1272 798 1308 834 ²:

284 878 303 900 «
329 863 430 911 Quis
459 875 536 903 nos
562 864 771 916 separabit
793 876 817 904 a
850 864 1049 904 charitate
1081 865 1262 905 Christi?
1285 878 1304 902 1)

277 945 411 985 usque
430 933 486 973 ibi
509 948 516 974 :
549 949 568 971 «
593 947 690 987 quae
714 937 774 975 est
799 935 851 988 (a)
876 935 921 974 in
941 935 1118 977 CHRISTO
1146 936 1262 986 ιΙΕ511,
1285 951 1303 973 »

277 1007 317 1044 et
336 1004 458 1044 alibi:
489 1021 507 1043 «
530 1005 575 1045 In
591 1005 792 1046 charitate
814 1005 986 1046 radicati
1007 1011 1047 1046 et
1064 1006 1226 1047 fundati
1252 1022 1260 1047 :
1283 1022 1301 1045 »

277 1074 356 1115 1100
382 1078 443 1115 051
474 1077 794 1118 firmamentum
816 1077 923 1117 coeli.
948 1077 1064 1118 Unde
1091 1077 1310 1118 psalmista

277 1145 378 1186 dicit
395 1147 431 1186 ³:
455 1162 473 1184 «
494 1147 813 1189 Confitebuntur
828 1148 920 1189 coeli
941 1149 1150 1190 mirabilia
1170 1153 1262 1200 tua,
1287 1166 1305 1187 ›)

277 1218 433 1258 scilicet
453 1219 607 1259 anima),
624 1220 847 1271 mirabilia,
869 1233 965 1273 qua}
984 1221 1027 1261 in
1045 1234 1088 1262 se
1105 1221 1306 1262 sentiunt.

279 1288 353 1329 Hae
385 1289 498 1329 enim
531 1291 803 1342 experientiae
830 1291 989 1332 faciunt
1022 1293 1149 1333 fidem
1181 1294 1310 1333 stabi-

278 1359 499 1400 lissimam.
518 1360 692 1409 Quando
713 1373 819 1414 ergo
839 1362 967 1404 homo
982 1363 1109 1404 sentit
1125 1364 1175 1405 de
1188 1364 1312 1405 Altis-

280 1433 386 1473 511110
413 1433 622 1485 piissime,
654 1434 895 1484 verissime,
926 1437 965 1476 et
997 1435 1173 1488 optime,
1207 1438 1312 1477 tunc

280 1504 366 1545 zelo
389 1510 427 1564 et
447 1517 622 1545 excessu
642 1506 800 1546 amoris
818 1506 981 1559 rapitur
998 1507 1140 1548 anima
1159 1508 1211 1548 ad
1231 1511 1312 1548 ter-

279 1577 387 1617 tium
422 1577 595 1627 coelum,
637 1578 712 1618 etsi
746 1590 832 1618 non
865 1579 921 1619 ita
956 1579 1229 1630 excellenter,
1265 1583 1312 1620 ut

281 1647 459 1689 Paulus:
494 1652 534 1689 et
566 1652 667 1689 tunc
687 1649 840 1690 domus
867 1650 1068 1691 fundatur
1091 1663 1218 1704 snpra
1238 1653 1311 1691 fir-

280 1731 395 1760 mam
417 1725 595 1773 petram.

655 1856 847 1901 SERMO
879 1857 935 1900 X.

340 1972 389 2006 De
413 1971 498 2017 fidei
523 1973 770 2017 speciositate,
798 1983 878 2018 quae
904 1973 988 2009 coelo
1014 1974 1255 2020 comparatur.

336 2083 350 2104 ⁸
372 2079 548 2123 Vocavit
569 2082 678 2124 Deus
697 2083 1014 2135 firnzamentum
1033 2083 1181 2126 coelum
1194 2097 1212 2135 ,·
1233 2086 1309 2124 ete.

282 2150 338 2192 De
357 2151 579 2194 altitudine
604 2154 723 2204 fidei,
751 2158 791 2195 et
810 2155 903 2207 eius
933 2155 1133 2195 firmitate
1153 2154 1314 2195 dictum

282 2226 368 2273 est;
391 2236 506 2264 nunc
533 2225 581 2265 de
610 2225 870 2278 speciositate
889 2225 1130 2266 dicendum.
1154 2225 1313 2266 Dicitur

282 2295 396 2335 enim
423 2310 442 2333 (1
463 2296 642 2347 coelum,
668 2311 686 2334 ))
719 2297 841 2350 quasi
870 2296 1069 2337 coelatum
1092 2297 1105 2318 ⁵
1123 2329 1133 2347 ,
1161 2297 1204 2337 id
1224 2301 1311 2348 est,

285 2366 497 2419 sculptum
528 2367 777 2408 luminibus
811 2367 1029 2417 Quomodo
1057 2368 1244 2420 speciosa
1263 2368 1316 2409 sit

283 2436 376 2477 haec
409 2438 540 2486 fides,
574 2438 621 2478 in
655 2439 802 2480 Genesi
837 2439 1054 2480 dicitur⁶z
1093 2454 1111 2477 (1
1142 2438 1314 2492 Suspice

284 2508 439 2549 coelum
465 2512 504 2549 et
529 2521 709 2550 numera
738 2509 877 2550 stellas
893 2542 904 2561 ,
927 2510 961 2550 si
982 2512 1100 2563 potes
1123 2524 1131 2551 ε
1156 2510 1216 2551 510
1237 2511 1316 2551 0111

284 2592 431 2622 semen
448 2583 588 2622 tuum.
611 2595 630 2619 ))
655 2580 903 2622 Pollicitatio
934 2581 1108 2622 seminis
1135 2581 1315 2622 carnalis

285 2652 391 2692 sacta
410 2655 472 2692 est
493 2653 543 2693 ad
564 2653 804 2703 Abraham,
829 2652 930 2705 quia
953 2665 963 2693 :
996 2667 1014 2691 «
1036 2652 1106 2693 Sic
1137 2653 1216 2693 erit
1246 2664 1314 2693 50-

286 2733 385 2761 men
413 2725 536 2763 tuum
567 2738 576 2763 :
600 2738 618 2760 ))
644 2723 889 2775 pollicitatio
921 2723 1112 2764 similiter
1144 2724 1316 2764 seminis

287 2792 516 2845 spiritualis
529 2793 565 2834 01
584 2793 693 2833 facta
713 2794 798 2843 est,
821 2805 869 2833 00
886 2793 998 2846 quod
1013 2793 1026 2816 ⁷
1047 2797 1197 2847 «pater
1211 2794 1316 2834 mul-

287 2865 429 2905 tarum
459 2864 654 2917 gentium
684 2879 703 2901 »
740 2876 814 2917 per
844 2865 971 2905 fidem
1003 2864 1172 2905 futurus
1211 2866 1313 2905 erat.

288 2933 391 2976 Caro
411 2934 628 2975 Abraham
657 2935 877 2987 generavit
904 2947 1047 2976 semen
1063 2967 1076 2986 ,
1104 2937 1146 2976 et
1172 2934 1314 2975 multi-

288 3005 490 3059 plicatum
517 3009 578 3047 est
607 3006 943 3056 multiformiter3
973 3007 1067 3059 ejns
1098 3005 1318 3058 generatio

289 3077 519 3130 spiritualis
530 3077 546 3116 s
546 3077 626 3128 uit,
636 3080 676 3118 et
687 3078 908 3129 generavit
919 3077 1193 3130 spiritualiter
1204 3088 1319 3117 men-

290 3150 330 3188 te
363 3148 604 3189 foecundata
643 3148 943 3201 pullulationes
981 3148 1318 3201 speculationum

292 3219 519 3260 orientium
537 3232 589 3260 ex
609 3219 706 3270 fide,
722 3220 1067 3260 transcendentes
1086 3218 1316 3259 claritatem

293 3289 493 3331 siderum.
527 3290 645 3332 Unde
664 3290 709 3331 ⁸:
737 3305 757 3330 «
783 3289 963 3331 Sustulit
993 3301 1061 3330 me
1091 3289 1135 3330 in
1168 3288 1319 3342 spiritu

338 3421 346 3438 ¹
368 3420 395 3450 11
420 3419 539 3460 Thess„
557 3428 595 3460 11,
620 3423 667 3453 10.
690 3437 725 3443 -
746 3421 761 3442 2
781 3420 885 3459 Rom„
909 3427 987 3462 vin,
1007 3421 1116 3452 35-39.
1136 3436 1177 3443 —
1195 3419 1207 3437 ³
1227 3419 1317 3451 Psal.

296 3469 508 3503 Lxxxvi11,6.
524 3485 563 3490 -
579 3468 589 3486 ⁴
607 3468 699 3507 Gen„
720 3475 744 3508 i,
759 3469 790 3500 8.
804 3484 844 3491 —-
859 3468 873 3490 ⁵
888 3467 981 3499 Idem
994 3476 1107 3508 supra,
1122 3475 1226 3498 serm.
1241 3474 1320 3508 vin,

296 3523 331 3555 p.
355 3515 405 3545 70.
421 3531 463 3538 —
482 3514 494 3532 ⁶
513 3514 605 3554 Gen„
625 3522 680 3554 xv,
702 3517 734 3547 5.
748 3531 788 3540 —-
805 3515 819 3537 ⁷
841 3515 935 3555 Gen„
956 3522 1041 3555 xvii,
1063 3516 1093 3546 4.
1113 3530 1155 3538 —-
1173 3513 1187 3536 ⁸
1204 3513 1303 3553 Apoc.
1320 3537 1332 3555 ,

1389 294 1432 335 in
1462 298 1652 337 montem
1682 307 1891 348 magnum
1914 299 1954 337 et
1973 295 2131 347 altum,
2152 298 2194 338 et
2211 296 2298 340 vidi
2315 295 2414 339 Hie-

1387 367 1568 407 rusalem
1588 368 1924 409 descendentem.
1945 382 1965 405 ))
1990 367 2041 409 Ε1
2061 368 2171 421 quod
2195 383 2215 407 «
2233 368 2416 410 habebat

1387 437 1609 478 duodecim
1638 441 1801 491 portas,
1824 443 1864 480 01
1896 451 2024 492 super
2053 439 2284 492 quamlibet
2316 453 2413 492 por-

1386 510 1474 549 tam
1506 509 1746 562 margarita
1776 522 1881 560 una,
1917 513 1957 551 et
1988 512 2121 563 portae
2155 522 2208 551 ex
2237 510 2417 562 singulis

1388 581 1635 632 margaritis
1664 593 1673 621 :
1699 580 1806 621 »11ae
1840 581 2146 634 speculationes
2175 580 2270 622 fidei
2299 593 2415 622 com-

1387 654 1594 704 parantur
1618 651 1844 702 sideribus,
1868 654 1910 692 et
1938 655 2238 705 comparantur
2257 652 2414 693 duode-

1387 723 1469 762 cim
1494 722 1752 775 margaritis,
1782 722 1895 763 Licet
1926 723 2041 764 enim
2070 724 2153 764 sint
2180 724 2311 765 stellae
2333 724 2416 764 illae

1389 793 1743 844 innumerabiles,
1762 796 1904 835 tamen
1921 796 2017 835 sunt
2037 795 2258 836 duodecim
2277 795 2415 847 signa,

1387 877 1461 917 per
1482 877 1577 917 quae
1599 864 1661 905 501
1681 865 1827 905 currit.
1858 865 1940 906 Ista
1965 865 2186 906 duodecim
2205 866 2331 919 signa
2351 866 2415 906 ni-

1386 936 1446 977 hil
1467 936 1579 977 aliud
1600 939 1722 987 sunt,
1749 936 1829 976 nisi
1861 936 1973 989 quod
1997 937 2151 988 stellae,
2183 937 2418 978 secundum

1386 1007 1526 1049 varias
1545 1008 1711 1060 figuras
1734 1010 1775 1048 et
1800 1007 2049 1048 varietatem
2074 1008 2289 1049 luminum
2306 1040 2316 1059 ,
2339 1008 2418 1049 ha-

1386 1079 1486 1120 bent
1514 1079 1701 1120 diversas
1731 1079 1975 1119 influentias
2006 1093 2014 1120 :
2042 1082 2083 1120 et
2114 1079 2176 1120 sol
2204 1079 2286 1120 illis
2314 1091 2414 1120 con-

1381 1153 1579 1204 junctus,
1612 1151 1874 1203 temporibus
1903 1151 2052 1200 variis,
2086 1150 2319 1192 secundum
2352 1151 2414 1191 di-

1388 1235 1530 1264 versas
1560 1222 1826 1271 influentias,
1850 1222 1977 1263 habet
2009 1222 2141 1263 vitam
2174 1222 2418 1263 ministrare

1386 1293 1430 1333 in
1454 1293 1630 1333 mundo.
1653 1292 1728 1333 Hae
1749 1295 1915 1343 autem,
1937 1299 1984 1334 ut
2003 1293 2163 1334 dictum
2184 1296 2261 1344 est,
2282 1294 2418 1334 orien-

1386 1368 1448 1406 tes
1468 1365 1775 1419 speculationes
1793 1377 1845 1405 ex
1874 1365 1956 1405 fide
1976 1367 2276 1418 comparantur
2293 1365 2419 1406 clari-

1386 1438 1461 1478 tati
1483 1437 1839 1488 margaritarum,
1863 1436 1962 1489 quia
1981 1441 2081 1477 sunt
2106 1436 2296 1489 fulgidae,
2322 1437 2422 1478 vivi-

1386 1511 1500 1559 ficae,
1517 1509 1741 1563 jucundae,
1764 1508 1817 1549 ad
1837 1508 2014 1549 modum
2033 1508 2299 1560 margaritae,
2322 1519 2420 1561 qnae

1386 1581 1514 1622 habet
1542 1580 1780 1633 fulgorem,
1804 1579 1893 1620 sive
1921 1578 2056 1631 fulget
2078 1611 2088 1630 ,
2121 1579 2326 1619 confortat
2345 1590 2421 1632 per

1387 1652 1616 1693 efficaciam
1641 1683 1651 1702 ,
1692 1663 1763 1692 cor
1789 1650 2014 1703 jucundat.
2055 1648 2300 1690 Secundum
2340 1649 2421 1690 1100

1386 1724 1522 1776 igitur
1564 1722 1870 1775 ingrediuntur
1911 1722 1963 1762 ad
1995 1721 2419 1774 contemplationem,

1386 1807 1465 1835 nec
1493 1796 1629 1848 potest
1670 1794 1721 1834 ad
1757 1793 1943 1835 visiones
1977 1791 2259 1845 Apocalypsis
2290 1791 2421 1833 homo

1386 1867 1528 1908 nudus
1557 1865 1754 1906 accedere
1777 1897 1787 1915 ,
1824 1864 1906 1904 nisi
1937 1862 2150 1915 intelligat
2184 1862 2278 1903 ista.
2317 1861 2421 1903 Cum

1386 1937 1521 1990 igitur
1545 1937 1597 1977 sit
1616 1940 1629 1961 ⁹
1655 1951 1674 1975 (1
1703 1935 1787 1976 alia
1819 1934 1985 1975 claritas
2016 1933 2137 1984 solis,
2166 1933 2248 1974 alia
2279 1933 2418 1974 stella-

1386 2020 1510 2059 rum,
1533 2021 1552 2045 »
1577 2019 1653 2048 nos
1672 2007 1701 2031 ¹0
1733 2021 1752 2044 «
1778 2004 1993 2046 sublimati
2026 2016 2100 2057 per
2119 2003 2261 2054 fidem,
2283 2005 2420 2044 trans-

1386 2079 1623 2119 formamur
1642 2090 1666 2118 a
1685 2076 1873 2117 claritate
1893 2076 1935 2115 in
1957 2075 2212 2126 claritatem,
2230 2089 2249 2112 »
2274 2077 2316 2115 et
2342 2074 2423 2116 hoc
2442 2129 2447 2134 ¹

1394 2149 1619 2190 «revelata
1647 2148 1775 2197 facie,
1798 2161 1816 2185 ))
1843 2149 1891 2187 111
1917 2146 2076 2186 similes
2105 2146 2239 2186 simus
2260 2145 2419 2187 duode-

1387 2221 1471 2262 cim
1493 2220 1646 2270 stellis,
1669 2221 1710 2259 et
1730 2217 1953 2259 duodecim
1970 2216 2231 2269 margaritis.
2262 2216 2421 2258 Duode-

1388 2293 1472 2334 cim
1504 2290 1810 2345 speculationes
1841 2291 1963 2340 sunt‚
1996 2301 2101 2341 quas
2132 2288 2339 2329 habemus
2367 2300 2420 2329 ex

1388 2364 1471 2405 fide
1490 2378 1497 2404 :
1521 2363 1690 2404 credere
1710 2362 1842 2403 Deum
1867 2360 2078 2414 primum,
2102 2359 2236 2401 Deum
2255 2360 2418 2400 trinum

1389 2438 1430 2477 et
1449 2447 1607 2486 unum,
1630 2437 1671 2475 et
1697 2431 1915 2485 exemplar
1939 2443 2109 2482 rerum,
2140 2434 2188 2471 ut
2207 2432 2420 2472 creantem

1389 2507 1622 2556 mundum,
1654 2508 1702 2547 ut
1729 2505 1983 2546 formantem
2013 2502 2224 2552 animam3
2248 2502 2419 2543 dantem

1389 2577 1608 2631 spiritum,
1630 2577 1766 2617 Deum
1786 2575 1902 2617 carni
1919 2575 2114 2626 unitum,
2136 2574 2270 2615 Deum
2289 2573 2421 2614 cruci-

1388 2649 1549 2699 fixum,
1573 2647 1782 2688 medelam
1801 2647 2008 2687 mentium
2020 2677 2031 2697 ,
2050 2645 2178 2687 vitale
2195 2645 2417 2698 pabulum,

1390 2719 1573 2760 ultorem
1588 2718 1809 2768 scelerum,
1825 2717 2052 2770 praemium
2071 2719 2296 2757 aeternum.
2313 2715 2419 2757 Nota

1390 2790 1538 2840 etiam,
1564 2789 1677 2842 quod
1698 2788 1894 2842 quaedam
1926 2790 2024 2828 sunt
2055 2786 2272 2828 credibilia
2290 2819 2301 2838 ,
2324 2798 2421 2839 quae

1391 2863 1491 2900 sunt
1509 2859 1559 2912 (b)
1584 2858 1867 2911 intelligibilia
1886 2870 1961 2911 per
1980 2858 2203 2908 rationem,
2216 2860 2264 2899 ut
2279 2857 2420 2899 Abra-

1391 2931 1492 2972 ham
1515 2931 1666 2983 genuit
1695 2930 1810 2971 Isaac
1826 2962 1837 2981 ,
1869 2929 1957 2970 sive
1986 2929 2095 2970 facta
2121 2928 2419 2982 particularia;

1392 3002 1589 3056 quaedam
1615 3005 1758 3043 autem
1784 3001 1997 3042 credibilia
2026 3012 2111 3041 non
2139 3002 2240 3041 sunt
2266 2999 2422 3040 intelli-

1394 3075 1542 3126 gibilia
1565 3089 1574 3115 2
1598 3076 1639 3115 et
1669 3073 1839 3126 quando
1870 3072 2172 3125 intelliguntur
2194 3103 2207 3122 ,
2239 3070 2423 3112 rationes

1393 3146 1546 3186 solidas
1562 3146 1733 3186 habent.
1749 3144 1813 3186 Ad
1827 3143 2125 3185 sufficientiam
2145 3143 2302 3183 horum
2321 3141 2423 3182 duo·

1393 3216 1551 3267 decim,
1573 3219 1694 3267 nota,
1717 3215 1830 3268 quod
1856 3214 2022 3255 claritas
2041 3214 2139 3255 fidei
2168 3211 2423 3266 speculanda

1394 3290 1456 3328 est
1476 3319 1486 3339 ,
1519 3290 1568 3328 ut
1597 3286 1787 3329 veritatis
1805 3284 2112 3339 praeexistentis
2128 3315 2139 3334 ‚
2159 3285 2208 3325 ut
2233 3282 2422 3325 veritatis

1394 3409 1467 3442 xxi,
1490 3404 1539 3443 10,
1561 3404 1611 3435 21.
1631 3419 1670 3426 -
1694 3403 1705 3421 ⁹
1727 3403 1738 3433 1
1760 3401 1850 3439 Cor„
1870 3407 1927 3440 xv,
1951 3401 2002 3431 41.
2023 3415 2064 3421 —
2085 3399 2107 3417 ¹⁰
2131 3398 2157 3429 ll
2183 3397 2275 3436 Com,
2294 3404 2350 3437 111,
2368 3397 2419 3428 38.

1414 3513 1420 3519 .
1437 3466 1480 3507 (α)
1504 3466 1584 3499 Caet.
1605 3467 1686 3499 edit.
1706 3466 1765 3509 qui
1783 3467 1866 3498 erat.
1889 3481 1930 3489 —
1949 3463 1995 3505 (b)
2019 3464 2100 3503 Goet.
2121 3462 2201 3496 edit.
2228 3460 2419 3501 credibilia,

1395 3521 1479 3546 Sive.
