2633 3878
73 2601 213 2629 Diabolus

90 2645 135 2671 teo
166 2645 195 2671 et

91 2685 189 2712 draco.

92 3035 148 3060 Leo
162 3039 213 3059 516-

104 3081 159 3100 vus
171 3082 178 3107 ;

97 3114 114 3140 d
119 3122 186 3141 raco

73 3157 197 3183 astutus.

74 3237 214 3266 Diabolus

1105 291 1349 335 PSALMUS
1378 290 1475 332 XCI.

222 395 398 445 talium,
421 392 576 434 scilicet
593 391 638 431 in
665 387 876 443 praesenti.
911 385 1121 439 Spelunca
1139 382 1252 424 tertii

223 470 286 508 est
301 466 346 507 in
361 468 476 507 terra
497 464 782 504 mortuorum.
804 458 1014 511 Spelunca
1033 454 1174 509 quarti
1191 456 1253 495 est

224 538 269 577 in
293 539 406 578 terra
430 532 720 575 morientium.
756 529 925 570 Primus
947 529 1010 568 est
1036 526 1226 568 Christus
1240 539 1250 574 ;

225 607 455 657 secundus,
474 602 729 645 christianus
742 615 751 651 3
766 599 928 650 tertius,
942 596 1224 639 Antichristus
1241 609 1249 634 :

225 679 417 731 quartus,
438 672 800 716 antichristianus,
822 669 938 711 Sicut
953 668 1069 710 enim
1087 679 1112 708 a
1132 666 1251 708 Chri-

225 750 290 789 sto
312 746 587 795 Christianus,
609 743 668 784 ita
684 742 738 783 ab
760 740 1020 782 Antichristo
1039 737 1252 780 Antichri-

224 819 408 869 stianus,
431 815 584 857 scilicet
600 813 755 855 malus.
774 812 964 854 Christus
980 812 1108 852 natus
1125 811 1189 851 est
1207 811 1256 850 ut

225 889 354 930 homo
367 919 379 939 ,
401 898 550 940 passus
566 888 615 927 ut
632 884 794 926 vitulus
808 915 818 934 ,
841 882 1076 924 resurrexit
1095 883 1143 922 ut
1161 880 1228 921 leo
1241 912 1253 930 ,

223 958 410 999 ascendit
427 960 475 998 ut
494 956 651 1009 aquila.
673 955 726 996 Et
748 955 817 996 hae
849 957 950 994 sunt
974 953 1257 1006 proprietates

224 1028 495 1077 animalium,
517 1039 615 1081 quae
647 1026 812 1067 Christo
839 1026 1019 1078 possunt
1049 1021 1252 1075 adaptari.

224 1099 362 1140 Etiam
395 1099 526 1140 homo
553 1098 782 1151 perfectus,
814 1096 944 1136 homo
975 1096 1036 1135 est
1066 1093 1254 1142 ratione3

224 1169 387 1211 vitulus
404 1200 415 1219 ,
436 1169 481 1209 in
505 1168 701 1209 sacrificii
721 1166 932 1208 oblatione
945 1197 957 1217 ‚
981 1164 1136 1206 scilicet
1154 1164 1257 1205 dum

224 1253 270 1282 se
288 1241 372 1282 Deo
391 1240 540 1290 offert3
562 1240 628 1280 leo
648 1239 693 1279 in
714 1237 979 1288 fortitudine,
1002 1238 1051 1277 ut
1068 1236 1121 1276 sit
1142 1234 1259 1276 fortis

225 1314 372 1353 contra
403 1311 604 1361 adversa3
640 1309 783 1363 aquila
811 1308 857 1349 in
885 1306 1257 1360 contemplatione.

226 1382 343 1423 Talia
361 1394 466 1434 ergo
492 1381 668 1422 nomina
696 1379 872 1432 mystice
903 1378 1013 1428 Deo,
1042 1376 1260 1418 moraliter

226 1453 391 1495 homini
411 1454 594 1507 perfecto
614 1454 793 1506 possunt
811 1450 1040 1503 assignari.

281 1528 346 1566 10.
368 1524 601 1578 Flagellum
631 1533 717 1567 non
737 1521 1102 1576 appropinquabit
1122 1520 1257 1564 taber-

228 1597 378 1639 noculo
396 1599 487 1647 tuo,
510 1595 664 1636 scilicet
681 1595 798 1636 carni
821 1594 973 1636 Christi
997 1595 1092 1646 post
1110 1604 1258 1634 resur-

227 1667 472 1709 rectionem.
500 1666 609 1707 Nam
627 1666 672 1706 in
696 1665 895 1718 praesenti
914 1664 1070 1717 triplex
1095 1663 1260 1704 malum

227 1739 272 1780 in
299 1738 475 1779 homine
506 1750 561 1779 ex
594 1736 812 1778 occasione
843 1735 1188 1789 superveniente,
1222 1737 1263 1776 et

227 1810 413 1864 quodam
443 1808 569 1850 modo
604 1807 816 1859 exterius,
851 1810 900 1848 ut
936 1806 981 1846 in
1022 1805 1141 1848 Isaia
1175 1806 1228 1858 (a)
1248 1837 1260 1856 ,

229 1882 334 1936 quia
346 1881 393 1923 in
409 1892 567 1933 genere
586 1879 777 1921 humano
793 1878 946 1920 dicitur
958 1878 1090 1919 fuisse
1106 1882 1117 1903 1
1139 1892 1158 1916 c(
1170 1877 1263 1919 vul-

231 1966 313 1995 nus
327 1984 340 2005 ,
359 1952 484 2003 livor,
506 1951 638 2005 plaga
655 1953 826 1992 tumens
849 1963 858 1991 z
880 1964 899 1986 »
923 1949 982 1990 sic
1001 1948 1164 1990 defectu
1184 1948 1264 1989 hu-

231 2036 370 2066 manae
387 2026 556 2065 naturae
575 2025 661 2064 tres
681 2021 993 2075 persecutiones
1012 2022 1200 2072 surgunt
1218 2020 1264 2060 in

229 2095 426 2146 homine,
448 2094 572 2148 quasi
587 2095 639 2135 ab
660 2094 796 2144 initio,
822 2092 979 2134 scilicet
995 2092 1182 2144 languor
1200 2103 1265 2132 ea-

229 2166 348 2219 pitis,
373 2166 491 2207 dolor
509 2165 671 2206 infirmi
690 2164 900 2218 corporis,
935 2175 1092 2204 moeror
1110 2163 1261 2204 cordis.

228 2237 433 2290 Languor
460 2236 628 2289 capitiS,
665 2236 856 2277 debilitas
879 2235 1001 2276 liberi
1023 2234 1186 2276 arbitrii
1212 2235 1265 2275 ad

229 2309 414 2358 honum;
436 2307 664 2348 infirmitas
692 2307 908 2359 corporis3
930 2305 1180 2359 inquietudo
1199 2305 1266 2346 de-

230 2380 372 2421 siderii
391 2380 443 2421 ad
463 2379 623 2420 malum
642 2410 655 2429 ,
675 2379 778 2432 quia
793 2378 962 2419 difficile
983 2390 1145 2419 cessare
1172 2390 1264 2418 ma-

230 2453 321 2493 lum
341 2451 577 2492 desiderare
589 2482 601 2501 ,
621 2462 780 2491 moeror
798 2450 950 2491 cordis.

284 2522 335 2572 (b)
352 2524 418 2563 13.
433 2520 703 2563 conculcabis
724 2522 881 2563 leonem
898 2524 936 2562 el
957 2520 1184 2576 draconem
1199 2521 1263 2573 (c).

231 2593 338 2634 Nota
358 2607 366 2633 ε
394 2593 586 2634 diabolus
605 2593 758 2633 dicitur
777 2592 836 2634 leo
856 2595 897 2633 61
918 2592 1062 2634 draco.
1086 2591 1169 2632 Leo
1187 2592 1267 2632 fuit

231 2664 275 2704 in
301 2667 493 2717 tempore
528 2666 791 2717 martyrum;
825 2663 978 2715 draco,
1008 2664 1052 2703 in
1078 2666 1267 2715 tempore

232 2735 524 2789 plenitudinis,
549 2735 597 2776 In
616 2735 738 2776 leone
756 2737 817 2776 est
838 2734 1022 2785 saevitia,
1043 2734 1088 2774 in
1114 2733 1266 2775 draco-

231 2818 306 2857 ne,
328 2806 499 2847 astutia.
525 2806 677 2848 Contra
697 2805 897 2847 astutiam
921 2805 1072 2847 adhibe
1092 2805 1268 2846 circum-

231 2877 488 2931 spectionem
509 2877 744 2931 prudentiae
759 2909 772 2928 ,
794 2876 951 2917 scilicet
985 2875 1235 2929 sapientiam
1253 2891 1263 2926 3

232 2950 377 2988 contra
396 2948 628 2999 saevitiam,
651 2948 857 2989 virtutem
878 2946 1093 2999 patientiae
1118 2961 1126 2987 ε
1150 2948 1191 2987 61
1210 2947 1268 2987 ita

231 3018 389 3071 poteris
415 3017 586 3059 vincere
604 3018 772 3059 leonem
799 3019 840 3059 et
860 3017 1102 3058 draconem.
1126 3017 1232 3058 Nota
1254 3032 1262 3058 :

232 3088 424 3129 diabolus
445 3088 598 3129 dleitur
615 3090 683 3129 leo
698 3091 869 3142 propter
888 3088 983 3139 tria,
1006 3100 1104 3141 quae
1123 3091 1164 3130 et
1183 3089 1268 3130 dia-

233 3159 329 3200 bolo
349 3159 633 3210 conveniunt,
655 3162 696 3200 et
714 3159 825 3200 leoni
846 3159 1017 3211 proprie
1041 3173 1050 3199 ε
1080 3159 1183 3211 quia
1201 3159 1267 3200 leo

233 3232 295 3272 est
330 3241 408 3270 rex
440 3230 638 3271 omnium
669 3229 922 3270 animalium
944 3260 955 3279 ,
991 3232 1033 3270 et
1074 3229 1268 3271 diabolus

278 3341 286 3362 ¹
308 3341 386 3379 Isa„
413 3348 441 3380 1,
463 3342 494 3372 G.
517 3358 552 3363 -
574 3339 588 3360 ²
610 3340 721 3378 loun„
744 3346 806 3379 xii,
828 3340 879 3372 31.
901 3358 941 3363 —
960 3341 1098 3382 ³Joan.‚
1119 3344 1266 3380 v111‚44.

235 3406 270 3412 —
285 3389 300 3411 ⁴
315 3391 405 3429 Gen„
427 3396 498 3427 xiv,
521 3389 572 3420 21.
587 3405 629 3410 —
648 3387 816 3426 51Ρι·11·.,
837 3396 872 3429 v,
893 3390 923 3419 8.
943 3405 984 3411 -
1003 3389 1014 3407 ⁰
1034 3389 1111 3430 Iso„
1134 3397 1158 3430 1,
1180 3391 1212 3422 6.
1228 3406 1267 3413 -

235 3435 246 3458 ⁷
266 3436 361 3469 Psal.
383 3443 511 3475 cxvm,
531 3436 582 3468 25.

273 3501 320 3542 (a)
342 3500 428 3533 Edit.
448 3501 537 3534 Ven.
556 3500 634 3537 Iob,
665 3517 707 3523 —
735 3499 780 3540 (b)
809 3501 845 3531 ln
876 3502 950 3532 caet.
981 3500 1060 3533 edit.
1090 3501 1165 3534 haec
1200 3511 1262 3534 ex—

235 3547 369 3588 plicatio
399 3548 558 3580 versiculi
592 3549 629 3579 13
664 3548 871 3588 transposita
902 3548 1070 3589 reperitur
1099 3550 1141 3581 ad
1175 3550 1266 3582 Psal.

235 3602 356 3637 xxmx,
376 3601 453 3637 post
474 3596 534 3628 has
558 3604 661 3628 voees
682 3605 688 3626 :
706 3606 724 3625 «
744 3596 819 3627 Non
833 3596 1042 3629 fraudaberis
1059 3606 1078 3628 a
1097 3597 1266 3629 desiderio

2283 286 2358 324 267

1329 380 1460 422 etiam
1473 379 1536 419 est
1549 388 1627 418 rex
1639 376 1835 417 omnium
1856 375 2081 425 malorum,
2099 373 2211 414 unde
2227 372 2332 414 hoc¹
2351 385 2358 410 :

1332 466 1351 491 «
1376 451 1576 502 Princeps
1596 447 1746 488 mundi
1764 447 1895 499 hujus
1914 445 2106 499 ejicietur
2125 445 2256 494 foras3
2274 458 2293 482 1)
2322 445 2364 484 61

1330 522 1431 575 quia
1450 519 1592 561 fundit
1621 516 1899 569 sanguinem,
1936 516 2043 557 sicut
2068 518 2109 556 et
2140 514 2359 564 diabolus,

1331 592 1443 633 unde
1460 590 1543 631 hoc
1562 589 1576 611 ⁸
1599 602 1609 629 z
1637 603 1657 627 (ι
1676 587 1748 628 1116
1766 586 1978 628 homicida
1998 588 2087 626 erat
2106 585 2158 625 ab
2179 585 2297 625 initio
2311 617 2322 635 ,
2338 598 2357 622 »

1332 666 1372 704 et
1391 663 1470 704 hoc
1488 666 1502 687 ⁶
1523 675 1533 702 ε
1559 675 1578 699 <1
1602 660 1692 701 Rex
1711 658 1992 700 Sodomorum
2022 657 2239 709 quaerebat
2269 655 2364 696 ani-

1333 745 1461 774 mas»
1487 732 1541 772 ab
1562 730 1803 779 Abraham3
1835 730 1876 769 et
1904 727 2006 780 quia
2026 726 2249 768 devorator
2278 728 2362 772 est,

1332 803 1445 845 unde
1463 802 1618 844 dicitur
1637 802 1650 823 ⁵
1670 815 1679 842 :
1704 815 1723 840 (ι
1736 800 1958 853 Tanquam
1978 798 2043 839 leo
2063 796 2228 847 circuit,
2250 807 2365 849 quae-

1331 886 1429 915 rens
1450 885 1580 927 quem
1596 870 1784 914 devoret.
1801 886 1821 909 1)

1387 948 1453 985 14.
1474 945 1684 993 Quoniam
1695 944 1744 986 in
1757 953 1818 984 me
1836 942 2040 994 speravit,
2056 939 2237 982 liberabo
2256 948 2364 987 eum,

1332 1016 1461 1056 etiam
1486 1015 1539 1056 ab
1559 1014 1677 1056 omni
1709 1014 1894 1064 defectu,
1926 1012 2000 1065 qui
2030 1014 2092 1052 est
2120 1011 2164 1050 in
2195 1009 2368 1050 homine

1333 1087 1503 1140 triplex,
1519 1088 1630 1128 sicut
1649 1086 1802 1127 dieitur
1820 1085 1866 1125 in
1883 1084 2005 1126 lsaia
2025 1082 2104 1136 (d):
2122 1096 2140 1120 α
2154 1082 2192 1123 Α
2211 1082 2369 1122 vertice

1334 1159 1481 1212 capitis
1498 1170 1634 1212 usque
1652 1157 1705 1199 ad
1725 1157 1912 1210 plantam
1930 1167 2016 1195 11011
2037 1156 2100 1194 651
2117 1153 2160 1193 111
2181 1164 2230 1193 60
2253 1151 2365 1192 sani-

1334 1232 1411 1270 tas.
1434 1244 1452 1267 »
1479 1228 1526 1269 In
1552 1229 1746 1270 humano
1768 1237 1942 1279 corpore
1973 1235 2195 1266 summum
2224 1223 2365 1264 locum

1334 1303 1448 1342 tenet
1467 1302 1607 1354 caput,
1632 1311 1704 1352 pes
1718 1299 1871 1347 imum,
1895 1296 2087 1337 medium
2106 1307 2193 1336 cor.
2215 1294 2363 1347 Caput,

1334 1372 1518 1413 liberum
1552 1370 1778 1412 arbitrium
1795 1384 1805 1419 ;
1844 1380 1930 1418 cor,
1967 1366 2192 1408 consilium
2217 1380 2227 1415 ;
2266 1376 2338 1417 pes
2354 1395 2368 1414 ,

1336 1443 1505 1484 carnale
1523 1441 1792 1483 desiderium.
1815 1440 1948 1492 Caput
1966 1437 2162 1490 corpori,
2183 1436 2369 1477 liberum

1335 1515 1560 1556 arbitrium
1571 1511 1923 1567 praeestaffectui3
1942 1509 1988 1563 (e)
2003 1520 2089 1559 cor,
2106 1507 2262 1548 scilicet
2275 1519 2370 1548 con-

1336 1586 1480 1626 silium
1499 1585 1543 1625 in
1563 1586 1746 1634 secreto,
1770 1582 1873 1635 quia
1891 1580 2096 1634 sapientia
2115 1579 2298 1619 trahitur
2320 1578 2372 1618 de

1336 1658 1515 1699 occulto.
1540 1657 1587 1697 In
1605 1656 1692 1697 imo
1707 1658 1819 1709 jacet
1838 1666 1911 1707 pes
1928 1685 1938 1703 ‚
1959 1652 2060 1706 quia
2080 1650 2259 1692 carnalis
2276 1662 2373 1690 con-

1337 1728 1612 1782 cupiscentia,
1630 1727 1821 1781 quandiu
1838 1730 1852 1752 ⁷
1876 1740 1895 1765 ((
1917 1723 2096 1767 adhaesit
2128 1721 2373 1776 pavimento

1338 1800 1482 1841 anima
1502 1811 1612 1840 mea.
1628 1812 1648 1836 1)

1542 1958 1809 2005 PSALMUS
1843 1958 2022 2004 DAVID
2053 1957 2165 2002 XCI.
2231 1964 2233 1967 '

1399 2088 1446 2139 (Ῑ)
1493 2092 1530 2128 1.
1570 2086 1765 2129 Psalmus
1804 2085 1973 2127 Cantici
2003 2085 2053 2126 in
2086 2083 2157 2126 die
2189 2082 2372 2125 sabbati.

1339 2154 1573 2195 Sabbatum
1617 2153 1921 2205 interpretatur
1952 2154 2117 2204 requies
2149 2150 2217 2191 vel
2245 2149 2374 2201 jura-

1340 2228 1543 2268 mentum.
1578 2223 1649 2265 Est
1690 2223 1915 2264 sabbatum
1933 2255 1943 2273 ,
1979 2222 2024 2262 in
2052 2233 2138 2274 quo
2172 2220 2377 2262 Dominus

1342 2296 1506 2348 legitur
1517 2293 1780 2348 requievisse
1797 2309 1806 2343 ;
1824 2295 1888 2334 est
1908 2293 2134 2333 sabbatum
2146 2323 2159 2342 ,
2175 2291 2290 2345 quod
2308 2291 2330 2332 J
2334 2303 2378 2332 u-

1341 2367 1445 2408 daeis
1464 2377 1635 2408 servare
1649 2364 1894 2418 praecipitur
1907 2377 1917 2415 3
1935 2366 1996 2405 est
2010 2363 2250 2413 sabbatum,
2263 2362 2377 2415 quod

1343 2440 1388 2480 in
1398 2437 1702 2492 justificatione
1715 2436 1837 2478 nobis
1848 2436 1994 2486 datur3
2012 2435 2249 2484 sabbatum,
2264 2432 2376 2486 quod

1341 2511 1385 2550 in
1398 2509 1647 2551 remissione
1655 2509 1776 2550 nobis
1786 2507 2045 2561 permittitur
2056 2506 2124 2560 (9).
2142 2505 2376 2546 Sabbatum

1342 2581 1544 2633 temporis
1579 2580 1766 2621 continet
1802 2578 1941 2631 prima
1986 2578 2070 2618 duo
2088 2592 2098 2627 ;
2148 2576 2376 2617 sabbatum

1342 2652 1518 2702 mentis,
1548 2651 1722 2692 tertium
1739 2664 1749 2700 ;
1789 2649 2011 2690 sabbatum
2037 2646 2282 2688 aeternitatis
2313 2647 2375 2686 est

1341 2726 1560 2776 quartum.
1584 2721 1712 2772 Nota,
1732 2720 1847 2774 quod
1862 2719 1907 2759 in
1921 2731 1996 2760 sex
2009 2718 2159 2759 diebus
2177 2719 2376 2770 operatus

1342 2797 1404 2835 est
1433 2794 1570 2844 DeUS,
1593 2795 1634 2833 et
1652 2792 1697 2832 in
1722 2791 1901 2844 septimo
1921 2789 2144 2843 requievit.
2171 2788 2201 2829 F
2206 2788 2373 2841 igurat,

1342 2865 1453 2920 quod
1466 2864 1656 2906 Christus
1672 2863 1717 2903 in
1730 2862 1967 2916 septimana
1981 2872 2157 2914 poenosa
2173 2892 2183 2912 ,
2199 2872 2275 2901 sex
2291 2859 2374 2901 die-

1341 2937 1422 2978 bus
1444 2935 1677 2986 laboravit,
1699 2937 1740 2976 et
1759 2934 1804 2974 in
1835 2932 2012 2986 septimo
2038 2931 2126 2983 die,
2148 2931 2303 2972 scilicet
2331 2930 2376 2970 in

1341 3009 1513 3050 sabbato
1531 3008 1603 3061 (h).
1627 3007 1864 3060 Utrumque
1883 3006 2058 3058 figurat,
2077 3003 2179 3057 quia
2198 3015 2275 3044 nos
2301 3013 2377 3056 per

1342 3092 1417 3120 sex
1438 3081 1584 3120 aetates
1602 3078 1870 3127 laboramuS‚
1893 3079 1934 3117 et
1949 3076 1995 3116 in
2014 3075 2193 3128 septima
2213 3073 2377 3126 requie-

1341 3151 1513 3191 scimus,
1540 3149 1646 3191 Nota
1679 3163 1688 3190 ε
1719 3151 1781 3190 651
1817 3147 1937 3201 quies
1975 3146 2243 3188 conscientiae
2264 3158 2273 3196 ;
2315 3147 2377 3185 651

1341 3221 1463 3274 quies
1483 3220 1683 3274 simplicis
1704 3219 1877 3272 gloriae;
1913 3221 1975 3259 est
2003 3217 2123 3271 quies
2157 3215 2374 3269 glorifica-

1341 3312 1412 3343 tuo.
1435 3328 1470 3334 -
1493 3311 1531 3352 (c)
1552 3312 1632 3344 Coet.
1661 3311 1742 3343 edit.
1765 3319 1835 3342 11011
1863 3309 1990 3341 habeut
2011 3306 2226 3341 conculcabis
2252 3305 2377 3337 leonem

1341 3361 1371 3390 et
1398 3358 1596 3399 draconem,-
1619 3358 1767 3400 glossam
1787 3366 1884 3397 verO,
1903 3366 1978 3398 quae
2004 3355 2167 3396 sequitur,
2189 3354 2378 3385 retulerunt

1342 3406 1382 3437 ad
1406 3406 1495 3437 Psal.
1518 3414 1644 3444 xxxix,
1665 3408 1742 3446 post
1762 3404 2011 3444 expositionem
2040 3411 2072 3433 v,
2099 3402 2128 3434 2.
2149 3418 2190 3425 —
2217 3399 2264 3440 (d)
2287 3400 2375 3432 Edit.

1342 3454 1430 3485 ven.
1450 3452 1522 3485 Job.
1543 3470 1583 3476 ——
1601 3454 1640 3492 (e)
1662 3453 1743 3484 Caet.
1769 3452 1850 3483 edit.
1877 3451 1998 3482 affectu
2030 3449 2077 3481 iu.
2098 3465 2140 3471 —
2167 3448 2210 3488 (f)
2238 3449 2275 3480 ln
2299 3449 2374 3479 caet.

1342 3501 1422 3533 edit.
1446 3500 1561 3532 titulus
1582 3500 1636 3531 ille
1655 3500 1833 3539 omittitur,
1848 3501 1881 3530 et
1901 3497 1973 3538 ejus
1991 3496 2157 3538 expositio
2175 3495 2376 3528 transfertur

1342 3548 1534 3579 immediate
1561 3550 1638 3579 ante
1664 3547 1721 3578 Vir·
1747 3546 1962 3586 insipiens.-
1988 3544 2036 3585 (9)
2054 3545 2129 3586 Leq.
2151 3543 2371 3586 promittitur.

1342 3614 1380 3618 —
1403 3596 1448 3635 (Ιι)
1467 3595 1585 3636 Suppl.
1607 3594 1641 3626 iu
1661 3594 1815 3635 sepulcro
1835 3592 2012 3635 requievit.

2382 376 2426 402 160
2437 383 2522 409 prop-

2383 419 2425 442 ter
2439 415 2503 442 tria.

2422 2164 2533 2191 Sabba-

2395 2208 2470 2234 tum.

2420 3082 2510 3115 Quies

2415 3123 2515 3150 multi-

2428 3164 2504 3200 plex.
