2633 3878
935 253 987 297 IN
1016 252 1396 297 HEXAEMERON.
1428 253 1586 298 SERM.
1619 255 1650 297 I.
2310 265 2361 304 25

223 359 375 401 agere,
396 347 588 402 nihilque
606 347 688 388 nisi
706 345 847 400 turpia
877 345 1051 396 timere,
1071 344 1254 386 tolerare

223 420 386 462 fortiter
428 419 496 461 vel
538 430 739 473 prospera
760 450 772 469 ,
814 417 883 459 vel
924 417 1116 459 adversa.
1153 415 1255 458 Haec

221 491 422 533 fortitudo
435 491 515 532 fuit
533 491 579 531 in
598 489 796 531 Eleazaro
811 493 823 514 ¹
839 500 960 539 sene,
979 490 1021 528 et
1037 487 1253 541 potissime

220 563 266 605 in
286 562 545 617 martyribus
570 561 735 603 Christi.
766 559 984 601 Fortitudo
1002 559 1254 612 purgatoria

223 637 305 686 est,
328 646 414 676 non
432 633 581 674 terreri
602 633 789 674 animam
808 644 833 673 a
855 643 1030 684 corpore
1050 630 1252 684 quodam-

219 705 345 747 modo
374 705 505 746 ductu
530 703 813 758 philosophiae
844 703 1109 745 recedentem
1127 734 1138 753 ,
1175 714 1253 742 nec

219 776 484 818 altitudinem
500 777 699 830 profectae
713 775 766 817 ad
783 788 830 816 su
838 787 970 828 perna
990 773 1252 815 conscensio-

217 849 284 890 nis
311 848 501 890 horrere.
536 847 638 888 Haec
667 846 870 888 fortitudo
897 846 977 887 fuit
1006 845 1051 886 in
1082 845 1252 887 Daniele

216 919 443 974 propheta,
466 921 507 961 et
531 919 692 960 Joanne
721 918 996 970 Evangelista
1015 916 1060 957 in
1081 917 1251 972 Apoca-

217 991 347 1046 lypsi.
369 991 589 1033 Fortitudo
612 990 790 1043 purgati
818 990 951 1030 animi
979 992 1062 1041 est,
1086 991 1250 1044 passio-

215 1075 292 1104 nes
310 1074 386 1117 per
405 1062 786 1116 impassibilitatem
805 1061 1027 1114 ignorare,
1051 1074 1138 1102 non
1160 1062 1251 1104 vin-

215 1147 324 1187 cere,
339 1138 388 1177 ut
403 1135 561 1177 nesciat
576 1135 719 1187 irasci,
735 1134 965 1188 cupiatque
985 1134 1134 1175 nihi12.
1150 1134 1251 1175 Haec

214 1208 416 1250 fortitudo
435 1208 515 1249 fuit
534 1208 748 1262 praecipue
768 1207 812 1248 in
834 1206 1012 1259 Virgine
1042 1206 1247 1259 gloriosa,

213 1282 255 1322 et
274 1279 534 1332 virginibus,
555 1279 903 1333 martyribusque
921 1278 1050 1319 sacris
1067 1278 1246 1331 Agnete,

213 1354 404 1407 Agatha,
426 1353 576 1405 Lucia,
600 1354 785 1403 Caecilia,
810 1352 1060 1404 Catharina,
1084 1352 1246 1404 Prisca,

215 1426 440 1468 Christina.
469 1425 690 1467 Fortitudo
724 1425 982 1479 exemplaris
1015 1427 1078 1465 est
1110 1425 1249 1466 virtus

215 1498 395 1550 infinita,
413 1510 511 1552 quae
526 1510 694 1551 semper
708 1500 771 1539 est
787 1497 949 1548 eadem,
968 1508 1046 1537 nec
1060 1496 1250 1549 aliquan-

213 1570 267 1612 do
285 1572 491 1611 mutatur.
510 1569 759 1611 Invenimus
776 1569 904 1610 etiam
924 1569 1249 1622 temperantiam

212 1641 424 1695 politicam
435 1673 446 1691 ,
462 1641 789 1694 temperantiam
806 1640 1102 1694 purgatoriam
1115 1672 1126 1692 ,
1145 1643 1248 1682 tem-

212 1713 450 1768 perantiam
490 1713 665 1767 purgati
707 1713 840 1754 animi
868 1745 879 1765 ,
920 1713 1248 1766 temperantiam

212 1785 516 1840 exemplarem.
551 1785 854 1839 Temperantia
887 1785 1054 1839 politica
1073 1788 1149 1837 est,
1174 1786 1248 1826 ni-

211 1857 273 1899 hil
291 1860 488 1912 appetere
507 1857 801 1912 poenitendum
816 1889 826 1908 ,
848 1858 894 1898 in
913 1857 1032 1898 nullo
1059 1857 1249 1899 modera-

211 1930 340 1972 tIonis
372 1930 512 1983 legem
550 1930 775 1981 excedere,
806 1929 886 1971 sub
919 1931 1031 1983 ,iugo
1069 1929 1248 1971 rationis

213 2001 484 2055 cupiditatem
511 2002 699 2043 domare.
730 2001 831 2043 Haec
859 2002 1139 2055 temperantia
1168 2002 1248 2044 fuit

212 2073 257 2114 in
277 2072 395 2124 Ozia,
418 2073 492 2126 qui
513 2073 784 2115 continentiae
813 2073 1081 2128 propositum
1107 2074 1247 2115 tenuit

212 2146 257 2187 in
271 2145 509 2200 Judaismo,
536 2158 774 2200 corpusque
803 2149 843 2188 et
868 2146 1058 2187 animam
1080 2145 1246 2187 tradere

213 2220 437 2260 contentus
469 2231 547 2272 pro
578 2217 910 2272 perseverantia.
948 2217 1247 2271 Temperantia

212 2290 464 2344 purgatoria
482 2293 563 2342 est,
592 2291 737 2331 omnia
755 2289 1017 2343 relinquere,
1040 2289 1085 2330 in
1108 2301 1241 2342 quan-

182 2414 187 2417 η
212 2364 304 2404 tum
328 2365 481 2404 natura
504 2362 683 2416 patitur,
705 2374 802 2416 quae
832 2361 1019 2415 corporis
1046 2374 1150 2403 usus
1175 2374 1242 2403 re-

209 2434 361 2488 quirit,
382 2437 432 2476 ut
451 2437 564 2488 patet
591 2434 635 2475 in
655 2434 842 2476 Antonio
855 2466 867 2486 ,
892 2436 933 2474 et
953 2433 1084 2475 Paulo
1104 2435 1243 2488 primo

207 2504 407 2546 Eremita.
440 2505 740 2558 Temperantia
775 2506 952 2559 purgati
982 2506 1116 2546 animi
1152 2509 1239 2557 est,

204 2578 394 2617 terrenas
420 2577 692 2630 cupiditates,
715 2588 802 2617 non
824 2576 965 2617 solum
984 2570 1238 2629 reprimere,

204 2648 277 2690 sed
296 2648 466 2701 penitus
484 2648 691 2698 oblivisci,
716 2647 758 2688 id
775 2650 856 2698 est,
885 2659 972 2688 non
993 2647 1151 2688 sentire
1164 2679 1178 2699 ,
1193 2651 1242 2689 ut

203 2721 317 2773 patet
332 2720 376 2760 in
397 2719 726 2773 contemplativo
742 2719 871 2760 fratre
885 2718 1056 2771 AEgidio
1071 2719 1099 2759 ³.
1117 2719 1240 2760 Tem-

202 2792 394 2845 perantia
430 2792 686 2845 exemplaris
723 2795 786 2833 est
808 2824 818 2844 ,
860 2803 959 2845 quae
995 2791 1039 2831 in
1079 2791 1236 2845 seipsa,

201 2866 407 2917 perpetua
437 2864 698 2915 intentione,
726 2876 930 2905 conversa
958 2866 1049 2904 est:
1073 2865 1114 2904 et
1145 2863 1240 2904 haec

202 2937 265 2976 est
295 2935 384 2976 sola
416 2935 577 2978 divina.
617 2935 754 2977 Simili
792 2935 919 2976 modo
955 2937 1017 2976 est
1047 2935 1238 2988 accipere

197 3006 407 3060 justitiam
430 3007 669 3060 politicam,
687 3006 900 3060 Justitiam
928 3007 1105 3059 purgati
1142 3006 1234 3047 ani-

202 3078 283 3129 mi,
297 3078 508 3131 ‚iustitiam
528 3078 846 3132 purgatoriam,
860 3077 1072 3131 justitiam
1094 3090 1236 3119 exem-

201 3149 362 3203 plarem
378 3148 408 3189 ¹¹.
432 3148 601 3190 Justitia
616 3148 785 3202 politica
815 3150 876 3189 est
905 3177 916 3197 ,
945 3158 1116 3189 servare
1138 3149 1234 3189 uni-

202 3220 358 3274 cuique
386 3220 500 3275 quod
531 3232 659 3262 suum
693 3223 771 3261 est.
791 3218 958 3260 iustitia
985 3221 1236 3271 purgatoria

202 3295 264 3334 est
283 3293 336 3333 ad
355 3305 487 3334 unam
508 3291 588 3332 sibi
614 3292 747 3344 hujus
767 3289 974 3344 propositi
993 3289 1110 3331 viam
1131 3302 1232 3331 con-

201 3365 357 3406 sentire
389 3364 729 3417 uniuscujusque
756 3362 927 3403 virtutis
964 3361 1231 3415 obsequium.

199 3436 369 3478 Justitia
396 3435 568 3489 purgati
594 3435 727 3477 animi
747 3436 828 3485 est,
851 3434 910 3474 ita
931 3445 1031 3474 cum
1050 3445 1234 3487 superna

244 3543 254 3566 ¹
274 3544 301 3575 ll
323 3544 492 3582 Machab„
512 3552 564 3585 vi,
587 3546 640 3583 27,
663 3545 715 3576 28.
735 3560 776 3567 —
795 3543 807 3563 ²
828 3543 921 3575 ldem
940 3541 1040 3580 intra,
1063 3540 1154 3573 circa
1171 3542 1230 3573 fin.

201 3597 303 3624 serm.
334 3598 382 3624 vi.
411 3607 452 3614 —
483 3590 495 3611 ³
519 3592 556 3625 B.
590 3590 744 3632 AEgidius
775 3591 810 3624 S.
836 3587 1008 3624 Francisci
1034 3587 1159 3622 socius.
1191 3606 1230 3616 --

1327 347 1369 385 et
1398 344 1543 387 divina
1576 349 1718 387 mente
1748 349 1933 400 sociari,
1965 353 2012 392 ut
2041 353 2181 394 servet
2207 364 2356 406 perpe-

1326 419 1454 458 tuum
1490 429 1589 459 cum
1627 430 1678 459 ea
1715 419 1851 461 foedus
1887 421 2093 464 imitando
2121 423 2149 465 ¹⁵.
2190 422 2361 466 Justitia

1326 488 1581 542 exemplaris
1609 492 1671 530 est
1691 502 1789 543 quae
1810 493 1987 544 perenni
2014 492 2111 546 lege
2139 507 2188 536 ac
2207 496 2360 550 sempi-

1326 561 1449 600 terna
1461 561 1601 613 operis
1622 561 1688 602 sui
1708 562 2027 605 continuatione
2053 578 2139 607 non
2160 567 2357 610 flectitur.

1381 630 1560 673 Sextum
1581 633 1771 674 medium
1792 638 1855 675 est
1874 635 2062 676 medium
2077 638 2266 691 Justitiae,
2284 642 2355 693 ju-

1325 703 1467 744 diciali
1487 705 1878 758 recompensatione
1895 707 2140 760 pulchrum,
2162 722 2239 751 seu
2256 724 2361 764 prae-

1325 776 1503 818 celsum.
1539 776 1628 818 Hoc
1660 778 1850 819 medium
1888 780 2126 822 considerat
2161 781 2360 825 Politicus

1324 848 1414 889 sive
1455 848 1613 890 Jurista
1632 882 1645 901 ,
1678 853 1726 891 ut
1758 851 1832 892 fiat
1868 852 2090 894 retributio
2123 856 2360 897 secundum

1324 921 1492 962 merita.
1513 921 1699 964 Medium
1723 923 1900 975 justitiae
1919 925 1998 966 erit
2019 924 2216 969 Cnmsws
2235 927 2280 968 in
2295 929 2361 981 ju-

1324 992 1448 1034 dicio.
1472 992 1579 1041 Haec
1604 995 1772 1047 justitia
1802 997 1942 1037 totum
1978 998 2229 1039 universum
2260 999 2360 1052 pul—

1324 1064 1516 1106 chrificat
1537 1077 1547 1106 ε
1567 1078 1669 1106 nam
1689 1066 1827 1119 primo
1844 1067 2011 1120 justitia
2037 1068 2240 1111 deformia
2266 1071 2362 1112 facit

1322 1135 1648 1189 pulchriformia
1663 1152 1672 1188 3
1693 1138 1875 1179 secundo
1890 1139 2056 1192 justitia
2070 1140 2250 1193 pulchra
2263 1142 2362 1183 facit

1322 1207 1705 1260 pulchriformiora;
1718 1210 1840 1251 tertio
1847 1211 1862 1264 j
1871 1211 2013 1252 ustitia
2021 1212 2360 1265 pulchriformio-

1322 1290 1371 1319 ra
1396 1279 1490 1320 facit
1514 1280 1953 1333 pulchriformissima.
1981 1282 2098 1325 Unde
2124 1285 2358 1327 secundum

1321 1349 1619 1402 Augustinum
1650 1367 1660 1393 ε
1693 1352 1951 1394 Lamentum
1983 1354 2283 1398 damnatorum
2314 1358 2359 1398 in

1321 1422 1488 1464 inferno
1508 1423 1586 1464 erit
1606 1424 1945 1477 pulcherrimum
1969 1439 2163 1479 carmen,
2188 1431 2359 1482 propter

1322 1493 1518 1535 decorem
1534 1496 1736 1548 Justitiae,
1758 1497 1994 1538 ordinantis
2014 1498 2060 1539 in
2089 1499 2213 1553 culpa
2229 1500 2359 1542 dede-

1322 1577 1396 1606 cus
1419 1566 1569 1619 culpae.
1592 1567 1649 1608 De
1674 1567 1756 1609 hoc
1769 1569 1949 1621 Justitiae
1970 1570 2108 1611 medio
2130 1572 2356 1625 propheta-

1321 1637 1384 1679 vit
1403 1637 1595 1680 Ezechiel
1624 1639 1684 1680 sic
1714 1640 1911 1693 inquiens
1931 1645 1944 1667 ⁶
1974 1654 1984 1683 z
2012 1642 2172 1695 «Vidi,
2197 1647 2237 1685 et
2265 1657 2358 1687 ecce

1321 1712 1475 1750 ventus
1508 1711 1690 1752 turbinis
1724 1712 1924 1754 veniebat
1957 1713 2010 1754 ab
2048 1715 2247 1768 aquilone
2269 1749 2283 1768 ,
2318 1720 2359 1758 et

1321 1781 1458 1823 nubes
1477 1794 1641 1835 magna
1657 1816 1668 1835 ,
1689 1786 1729 1825 et
1747 1784 1863 1837 ignis
1881 1784 2120 1828 involvens.
2145 1786 2197 1829 Et
2216 1788 2359 1842 splen-

1321 1854 1399 1895 dor
1423 1854 1469 1895 in
1487 1855 1667 1896 circuitu
1690 1857 1808 1909 ejus,
1831 1859 1872 1898 et
1892 1857 1943 1898 de
1963 1858 2104 1900 medio
2125 1862 2217 1913 ejus
2237 1862 2358 1914 quasi

1321 1926 1480 1979 species
1500 1926 1662 1979 electri,
1686 1928 1729 1969 id
1751 1931 1840 1981 est,
1861 1929 1911 1970 de
1931 1930 2071 1971 medio
2091 1931 2222 1984 ignis.
2243 1931 2294 1974 Et
2313 1933 2359 1974 in

1320 1999 1460 2040 medio
1481 2001 1574 2052 eJus
1592 2000 1823 2042 similitudo
1843 2004 2028 2054 quatuor
2046 2003 2311 2046 animalium.
2332 2019 2352 2043 ›>

1320 2069 1423 2112 Vide
1455 2071 1612 2112 miram
1646 2073 1827 2113 extremi
1859 2074 2070 2114 examinis
2107 2075 2354 2130 descriptio-

1319 2152 1439 2194 nem,
1461 2146 1674 2196 quantum
1693 2144 1746 2185 ad
1765 2144 2012 2197 qualitatem
2035 2149 2290 2189 naturarum
2311 2149 2357 2190 in

1314 2214 1555 2267 judicante,
1590 2215 1635 2256 in
1669 2215 1823 2257 electro
1870 2228 1923 2257 ex
1955 2228 2060 2258 auro
2096 2218 2355 2272 divinitatis,

1319 2288 1360 2327 et
1397 2286 1678 2328 humanitatis
1717 2291 1896 2341 argento
1926 2321 1939 2340 ,
1980 2291 2355 2333 comminationem

1317 2359 1603 2400 terrificarum
1640 2359 1972 2413 impressionum
1992 2393 2005 2412 ,
2040 2374 2116 2415 per
2147 2366 2352 2416 ventum,

1317 2430 1558 2482 turbinem,
1584 2434 1624 2473 et
1651 2432 1813 2473 nubem
1837 2447 1846 2473 :
1868 2433 2246 2486 conflagrationem
2269 2436 2354 2477 ele-

1317 2506 1562 2544 mentorum
1578 2535 1588 2554 ,
1620 2516 1696 2557 per
1723 2504 1874 2556 ignem
1905 2504 2196 2548 involventem
2220 2522 2228 2549 :
2252 2520 2355 2549 exa-

1316 2573 1618 2626 minationem,
1641 2577 1682 2616 et
1713 2575 2043 2617 denudationem
2072 2579 2349 2622 conscientia-

1315 2656 1415 2685 rum
1445 2658 1520 2699 per
1551 2646 1819 2699 splendorem
1851 2661 1859 2686 :
1888 2648 2192 2690 confessionem
2225 2652 2352 2693 assis-

1314 2716 1498 2757 tentium
1518 2729 1594 2770 per
1623 2719 1809 2771 quatuor
1842 2718 2057 2760 animalia.
2089 2720 2137 2761 In
2167 2725 2352 2775 quatuor

1314 2789 1428 2829 enim
1459 2789 1714 2830 animalibus
1740 2789 2041 2843 intelliguntur
2067 2797 2251 2846 quatuor
2280 2807 2351 2836 or-

1313 2861 1431 2904 dines
1465 2863 1753 2904 assistentium
1782 2877 1792 2902 :
1830 2863 1875 2903 in
1908 2863 2026 2904 leone
2057 2865 2159 2907 ordo
2189 2866 2350 2922 Marty-

1312 2944 1411 2974 rum
1429 2948 1439 2984 ;
1474 2933 1519 2974 in
1550 2934 1681 2984 bove,
1709 2934 1812 2976 ordo
1847 2935 2168 2988 Confessorum3
2191 2939 2237 2979 in
2269 2939 2347 2981 ho-

1312 3004 1428 3046 mine
1453 3036 1464 3055 ,
1498 3007 1602 3048 ordo
1622 3006 1882 3059 Virginum;
1911 3012 1952 3048 et
1982 3008 2027 3049 in
2052 3009 2222 3063 aquila,
2245 3013 2347 3054 ordo

1312 3075 1561 3128 Doctorum,
1578 3080 1750 3131 propter
1767 3078 2136 3132 contemplationis
2150 3093 2343 3125 acumen.

1312 3148 1380 3190 Sic
1401 3149 1445 3190 in
1461 3150 1620 3203 Judicio
1639 3150 1712 3191 fiet
1731 3151 1942 3204 separatio
1961 3152 2060 3205 puri
2082 3152 2135 3194 ab
2157 3153 2344 3206 impuro,

1311 3231 1527 3272 agnorum
1547 3222 1600 3262 ab
1620 3221 1773 3263 hoedis.

1365 3290 1606 3346 Septimum
1624 3294 1814 3350 medium
1828 3295 1892 3335 est
1905 3294 2094 3336 medium
2108 3295 2344 3338 concordiae

1310 3363 1540 3406 universali
1583 3365 1876 3407 conciliatione
1914 3368 2128 3419 pacatum.
2166 3365 2224 3408 De
2264 3367 2344 3409 hoc

1309 3435 1449 3478 medio
1471 3436 1565 3489 agit
1583 3436 1850 3489 Theologus,
1866 3437 1940 3490 qui
1960 3436 2210 3490 considerat,
2227 3439 2343 3492 quod

1306 3542 1321 3566 ὓ
1337 3544 1430 3576 idem
1445 3544 1542 3585 infra,
1560 3545 1652 3578 circa
1669 3545 1726 3577 fin.
1744 3553 1846 3578 serm.
1866 3552 1913 3578 Vi.
1926 3560 1966 3570 -
1983 3546 1995 3565 ⁵
2016 3545 2099 3579 lbid.
2114 3563 2156 3569 —
2174 3545 2188 3569 ⁸
2202 3545 2338 3587 Ezeclc.,

1307 3599 1334 3632 1,
1355 3593 1386 3632 4,
1407 3594 1438 3626 5.
