2633 3878
275 343 425 376 Ecclesia
439 342 556 375 inhoc
574 340 707 382 psalmo
720 349 781 372 sex
802 339 1000 372 nominibus
1018 338 1163 380 appella-

272 394 341 424 tur.
360 390 448 430 Quid
467 390 511 422 sit
527 387 694 430 prolepsis
715 387 774 430 (a).
795 387 1010 420 Poenitentiae
1034 395 1164 429 angus-

271 439 318 471 tia
338 437 566 480 quadruplex-

230 487 382 525 Domine,
403 485 490 516 Deus
506 483 628 515 salutis
650 492 743 521 meae,
763 482 887 514 Psalm.
917 483 968 514 87.
990 483 1160 522 Interpre-

273 533 353 564 tatio
382 532 525 574 mystica
542 530 639 562 vocis
669 529 840 562 Maheletli
863 529 921 570 (a).
952 529 1161 561 Innocentiae

271 580 346 612 duae
366 579 498 621 species
524 578 581 620 (b).
608 579 658 610 De
684 577 807 619 triplici
834 577 1047 610 rectitudinis
1081 585 1159 618 spe-

272 636 335 659 cie.

228 674 393 706 Memoria
410 673 515 705 trium
533 672 692 704 habenda
710 671 770 713 (α).
793 671 892 710 Quod
918 673 1007 703 Deus
1027 671 1160 703 sanavit

269 721 418 763 quinque
445 729 573 762 genera
594 719 785 751 hominum.
818 719 970 756 Quatuor
999 718 1160 750 attributa

267 769 441 809 praecipue
477 767 707 800 manifestavit
749 767 841 798 Deus
884 766 921 797 in
956 766 1020 798 ista
1058 774 1157 797 sana-

267 816 359 848 tione
393 816 436 855 c).

225 817 472 896 Misericoi’dz'as
501 861 664 901 Domini,
697 860 822 893 Psalm.
854 862 906 892 88.
931 861 980 892 De
1010 861 1159 901 quatuor

265 910 447 951 generibus
466 909 649 941 malorum.
666 908 901 941 Confessionis
918 910 1063 949 quatuor
1078 916 1158 939 con-

265 957 423 990 ditiones.
445 958 493 989 De
523 956 696 998 requisitis
722 956 765 987 ad
795 965 914 987 veram
932 955 1157 986 humilitatem

263 1007 342 1046 post
359 1007 549 1046 peccatum.
588 1005 636 1036 De
668 1003 777 1035 tribus
806 1003 989 1035 virtutibus
1015 1011 1099 1043 quas
1121 1002 1157 1034 in

263 1051 425 1092 praesenti
439 1051 605 1092 attingere
626 1059 821 1091 possumus.

222 1099 271 1130 De
290 1098 470 1140 multiplici
495 1098 584 1130 oleo.
605 1099 654 1129 De
673 1096 852 1138 multiplici
875 1097 1013 1129 throno.
1035 1098 1085 1129 De
1102 1096 1157 1129 tri-

263 1146 327 1177 bus
346 1145 592 1177 munitionibus
611 1145 810 1177 Judaeorum
833 1144 891 1183 (α).
910 1146 959 1176 De
979 1144 1156 1185 multiplici

176 1214 187 1230 a
262 1193 387 1235 gladio.
406 1195 455 1225 De
473 1193 581 1225 tribus
597 1193 924 1225 commutationibus
945 1193 1081 1225 Christi.

220 1240 372 1280 Domine,
394 1242 564 1282 refugium
581 1241 691 1281 factus
706 1250 751 1277 es,
774 1240 898 1272 Psalm.
918 1241 969 1272 89.
989 1241 1153 1278 Quaenam

259 1289 430 1330 praecipue
451 1289 606 1320 divinum
627 1297 793 1329 sponsum
815 1288 1071 1320 commendent.

219 1337 267 1368 De
286 1336 358 1369 vita
375 1336 528 1369 humana
548 1336 608 1377 (a).
631 1336 730 1377 Legis
758 1336 886 1377 Moysis
914 1338 947 1368 et
978 1336 1156 1377 Evangelii

260 1383 445 1416 discrimen
475 1385 536 1423 (α).
570 1383 668 1421 Quod
702 1384 793 1414 Deus
820 1382 905 1414 nihil
936 1392 1014 1415 cum
1037 1383 1155 1415 labore

259 1431 349 1463 fecit.
390 1432 554 1463 Creatura
589 1430 771 1462 mutationi
821 1430 975 1471 subjecta
1014 1433 1156 1471 propter

259 1478 334 1510 tria.
349 1478 486 1518 Triplici
503 1478 545 1509 de
565 1487 667 1510 causa
677 1477 836 1509 homines
850 1477 954 1509 modo
974 1478 1089 1509 minus
1105 1478 1155 1509 vi-

258 1528 356 1564 vunt,
375 1535 479 1567 quam
499 1528 577 1557 ante
597 1525 775 1557 diluvium.
798 1526 846 1557 De
867 1525 1060 1566 quindecim
1081 1535 1156 1567 gra-

258 1574 358 1605 dibus
373 1569 493 1614 templi
510 1573 694 1606 Salomnis.
713 1574 762 1605 De
779 1573 1063 1614 multiplicatione
1081 1574 1150 1605 uni·

258 1621 336 1652 tatis
356 1621 397 1652 ad
415 1621 616 1653 ternarium.

217 1670 265 1701 De
288 1669 499 1710 plenitudine
520 1667 698 1710 multiplici
722 1667 779 1710 (a).
814 1669 863 1699 De
896 1667 1020 1708 triplici
1052 1667 1151 1700 trini-

259 1718 327 1748 tate
350 1717 406 1755 (a).

217 1763 280 1803 Qui
300 1762 433 1794 habitat
460 1763 495 1794 in
527 1762 698 1804 adjutorio
717 1761 916 1800 Altissimi,
940 1762 1066 1793 Psalm.
1099 1763 1151 1794 90.

256 1810 439 1843 Piscatoris
458 1812 492 1842 et
509 1809 682 1842 venatoris
702 1809 899 1840 discrimen.
922 1809 1076 1841 Verbum
1103 1819 1154 1841 as-

254 1867 376 1899 perum
406 1857 532 1898 triplex
573 1859 629 1896 (a).
669 1856 830 1888 Ecclesiae
871 1856 1152 1896 persecutionum

256 1905 469 1946 quadruplex
490 1913 612 1946 genus.
634 1903 788 1936 Christus
812 1903 865 1934 leo
888 1904 1011 1944 victor,
1030 1904 1147 1936 diabo-

254 1952 307 1984 lus
325 1952 379 1983 leo
399 1952 512 1984 victus
532 1954 564 1983 et
580 1951 786 1982 vincendus.

214 2000 340 2040 Homo,
348 1999 489 2039 vitulus,
500 1999 567 2038 leo,
577 1999 702 2040 aquila.
719 1998 855 2039 Triplex
865 1997 993 2030 malum
1000 1998 1152 2031 hominis

254 2047 291 2078 in
303 2047 368 2079 hac
387 2047 467 2079 vita.
494 2046 656 2079 Diabolus
674 2047 729 2078 leo
750 2048 784 2077 et
803 2046 906 2078 draco
927 2047 990 2087 (a).
1011 2047 1151 2089 Capitis,

254 2094 367 2126 cordis
382 2097 416 2126 et
430 2094 559 2134 pedum
586 2102 707 2125 sensus
726 2093 890 2134 mysticus
911 2092 971 2134 (α).

211 2143 342 2173 Bonum
361 2143 411 2173 est
428 2142 581 2182 confiteri
610 2141 765 2182 Domino,
789 2141 914 2173 Psalm.
946 2143 1001 2173 91.
1024 2142 1073 2173 De
1093 2141 1151 2173 tri-

253 2189 333 2229 plici
352 2189 495 2220 sabbato
511 2191 547 2221 et
565 2188 694 2230 quiete.

212 2236 261 2267 De
281 2236 409 2276 duplici
428 2236 656 2268 confessione.
683 2235 761 2267 Tria
781 2237 861 2266 sunt
880 2243 956 2276 quae
975 2235 1150 2268 fastidium

253 2285 430 2324 generant.
448 2284 529 2316 Tres
546 2283 678 2323 species
696 2282 943 2323 temperantiae.
961 2283 1122 2322 Triplex'
1115 2292 1150 2315 in

252 2330 391 2362 bomine
406 2330 540 2362 vitium.
556 2331 604 2361 De
619 2329 742 2370 triplici
756 2329 922 2361 remedio.
941 2331 990 2362 De
1008 2330 1145 2371 hyeme,

252 2379 369 2409 aestate
389 2380 423 2409 et
442 2379 607 2409 autumno
629 2376 764 2418 generis
784 2376 925 2408 humani
940 2377 998 2416 (a).
1020 2378 1146 2418 Iniqui-

252 2425 330 2457 tatis
348 2428 418 2457 tres
433 2425 580 2466 species;
603 2427 674 2456 tres
693 2432 831 2464 quoque
851 2423 984 2464 species
1000 2426 1145 2464 peccati.

253 2473 363 2511 Quare
383 2472 495 2514 justus
515 2472 638 2512 palmae
661 2473 893 2511 comparetur.

210 2519 373 2551 Dominus
387 2520 553 2561 reynavi't,
572 2519 719 2550 decorem
730 2517 864 2549 indutus
877 2519 936 2559 est,
953 2518 1078 2550 Psalm.
1094 2521 1170 2552 92.Δ

252 2567 320 2599 Cur
338 2567 373 2598 in
389 2567 528 2599 hebraea
547 2566 715 2607 scriptura
734 2565 904 2597 elementa
920 2565 1043 2607 viginti
1064 2567 1144 2599 duo.

209 2615 259 2646 De
279 2614 457 2654 multiplici
477 2615 600 2646 decore
621 2613 693 2645 Dei.
714 2614 762 2644 De
783 2592 978 2653 multiplicio
976 2614 1055 2645 sede
1072 2615 1144 2646 Dei.

251 2663 301 2694 De
319 2661 497 2703 multiplici
510 2661 735 2702 plenitudine.
757 2660 921 2692 Fluminis
945 2661 1144 2701 significatio

250 2708 439 2750 multiplex.
454 2708 654 2741 Testimonii
668 2707 776 2739 divmi
786 2707 859 2739 laus
871 2708 993 2749 triplex
1009 2708 1067 2750 (a).
1083 2710 1147 2741 Ra-

251 2756 361 2788 tiones
374 2756 529 2798 mysticae
544 2757 673 2797 quartae
688 2755 782 2787 feriae
796 2757 830 2787 et
846 2755 1068 2788 institutionis
1084 2757 1143 2789 de-

251 2803 419 2835 cimarum
442 2803 501 2844 (α).

208 2852 296 2883 Deus
309 2851 476 2882 ultionum
496 2850 671 2891 Dominum,
691 2849 817 2883 Psalm.
833 2851 885 2882 93.
904 2850 953 2882 De
966 2850 1143 2892 multiplici

249 2899 378 2931 ultione
401 2897 476 2930 Dei.

209 2945 325 2979 Sancti
344 2944 504 2977 dicuntur
524 2943 642 2976 lumen
666 2943 912 2985 multipliciter.
936 2945 986 2976 De
1017 2945 1142 2986 duplici

248 2993 456 3025 infirmitate.
475 2994 523 3024 De
542 2992 650 3024 tribus
669 2991 869 3024 differentiis
887 2991 1081 3033 bonorum,
1110 2996 1143 3026 et

249 3041 291 3073 de
312 3040 455 3072 totidem
483 3039 665 3072 malorum.
697 3041 747 3072 De
769 3038 894 3079 triplici
922 3039 1140 3072 necessitate.

248 3088 275 3120 Α
295 3087 473 3127 multiplici
493 3086 688 3119 infirmitate
707 3085 865 3118 liberavit
882 3095 945 3118 nos
963 3086 1126 3121 Christus,

213 3135 338 3174 Venite,
351 3134 538 3167 exultemus
555 3135 714 3176 Domino,
736 3134 861 3167 Psalm.
884 3135 934 3166 94.
956 3135 1066 3172 Quare
1086 3135 1142 3168 hic

248 3182 399 3223 psalmus
416 3183 452 3214 in
472 3181 662 3223 Epiphania
677 3191 750 3213 non
764 3181 807 3213 ad
823 3180 1069 3221 invitatorium,
1080 3183 1140 3215 sed

248 3232 328 3270 post
345 3232 479 3262 sextum
494 3229 664 3270 psalmum
685 3230 829 3270 legatur.

208 3276 319 3315 Quare
339 3277 617 3318 praeoccupanda
634 3277 738 3309 facies
758 3276 895 3309 Domini
914 3276 969 3318 (a).
990 3277 1139 3318 Populus

248 3323 356 3356 fidelis
372 3324 496 3356 dicitur
514 3324 589 3356 ovis
605 3327 745 3367 propter
761 3324 837 3357 tria.
860 3323 981 3357 Tribus
1000 3334 1043 3357 ex
1062 3335 1140 3358 cau-

250 3371 296 3403 sis
316 3371 477 3404 obdurari
495 3373 611 3413 potest
629 3381 689 3405 cor
706 3371 856 3405 hominis
878 3371 934 3413 (a).
956 3373 1005 3404 De
1026 3373 1138 3406 multi-

254 3417 334 3460 plici
348 3418 417 3452 via.

1222 246 1398 291 INDEX.

1205 435 1265 467 262

1203 624 1264 656 262

1148 1070 1152 1074 —
1200 1050 1260 1081 263

1200 1290 1259 1321 264

1198 1623 1256 1654 265

1194 1954 1255 1986 266

1193 2190 1252 2222 267

1191 2570 1248 2602 268

1187 2901 1246 2933 269

1183 3233 1242 3265 270

244 3528 285 3564 (α)
306 3528 370 3554 Hoc
387 3535 446 3554 non
467 3526 578 3555 habent
591 3527 654 3555 caet.
675 3526 746 3555 edit.
770 3541 803 3548 -
826 3527 863 3564 (b)
888 3526 962 3555 Coet.
985 3527 1057 3556 edit.
1080 3529 1124 3557 De
1149 3529 1242 3558 tribus

208 3568 362 3608 speciebus
371 3567 470 3598 innoc.
478 3583 512 3590 -
519 3568 555 3606 (c)
562 3568 636 3598 Item
642 3570 687 3597 De
692 3569 818 3608 quatuor
825 3567 920 3598 modis
927 3569 1063 3600 sanandi.
1069 3585 1105 3592 —
1113 3570 1156 3606 (d)
1166 3570 1240 3602 Caet.

1341 337 1480 370 Cantate
1499 337 1693 378 Domz'no...‚
1714 337 1820 369 omnis
1835 337 1938 377 terra,
1959 335 2083 368 Psalm.
2102 336 2154 368 95.
2167 336 2272 369 Terra

1376 385 1457 426 quid
1480 384 1623 428 mystice
1644 385 1822 425 significet.

1340 433 1502 471 Quasnam
1531 433 1702 474 praecipue
1733 432 1904 464 Christum
1935 430 2178 464 commendent
2210 431 2268 471 (α).

1381 480 1635 521 Praepositionis
1656 481 1691 511 ln
1714 480 1857 511 diversas
1877 479 2104 519 acceptiones.
2118 479 2269 517 Quatuor

1379 527 1498 560 litterae
1511 528 1659 560 nominis
1678 528 1785 560 Adam
1806 536 1942 559 crucem
1962 526 2121 567 figurant.

1340 575 1500 606 Dominus
1518 576 1683 616 reynauit,
1710 574 1850 612 eoeullet,
1882 574 2006 605 Psalm.
2035 576 2086 605 96.
2117 573 2269 606 Christus

1378 623 1556 662 malorum,
1573 623 1723 664 aequessac
1735 623 1920 661 bonorum,
1941 621 2116 662 quomodo
2130 630 2190 653 rex
2206 623 2263 661 (a).

1381 671 1428 702 De
1443 671 1622 712 multiplici
1630 671 1720 713 igne.
1731 671 1842 709 Quare
1855 669 2022 702 miracula
2038 669 2100 702 Dei
2113 669 2269 702 dicantur

1378 717 1512 759 fulgura
1531 720 1588 758 (o).

1339 765 1479 797 Ccintate
1499 767 1654 806 Domino,
1674 767 1753 808 quia
1778 765 1955 798 mirabilia
1974 766 2068 807 fecit,
2092 766 2180 799 Psal.
2213 767 2265 798 97.

1378 813 1489 851 Quare
1509 814 1610 845 Filius
1631 814 1761 846 dicatur
1780 815 1933 846 dextera.

1337 861 1385 892 De
1408 860 1508 901 lignis
1527 861 1678 901 citharae,
1700 865 1733 894 et
1751 863 1792 894 de
1812 862 1975 903 allegoria
2002 870 2134 900 eorum,
2160 864 2194 893 et
2225 861 2267 893 de

1376 909 1506 948 plectro
1527 911 1561 940 et
1583 909 1696 941 clavis.
1725 911 1772 941 De
1792 909 1967 950 multiplici
1986 909 2122 941 malleo.
2153 909 2267 941 Sancti

1378 955 1536 987 dicuntur
1570 956 1704 988 laminae
1736 966 1862 988 aurete.
1896 959 1963 988 Sex
1999 957 2120 988 dicitur
2151 965 2267 988 amara

1375 1005 1516 1043 propter
1532 1003 1609 1035 tria.
1631 1004 1730 1041 Quod
1749 1013 1843 1035 mare
1859 1004 2091 1044 multipliciter
2111 1004 2244 1036 dicitur.

1337 1050 1494 1081 Dominus
1504 1051 1668 1091 removit,
1676 1051 1876 1091 irascantur,
1891 1051 2014 1082 Psalm.
2025 1052 2077 1082 98.
2088 1051 2266 1091 Prophetae

1375 1097 1603 1138 loquebantur
1621 1099 1683 1129 sub
1703 1098 1873 1130 velamine
1892 1098 2015 1139 triplici
2036 1099 2076 1129 de
2094 1107 2208 1130 causa.

1334 1144 1482 1176 Jahz'late
1513 1146 1599 1186 Deo,
1631 1146 1754 1179 Psalm.
1792 1148 1842 1178 99.
1876 1146 1973 1184 Quod
2005 1145 2174 1178 confessio
2202 1145 2267 1177 alia

1377 1193 1506 1231 laudis,
1529 1193 1595 1225 alia
1622 1194 1763 1235 peccati.
1796 1194 1893 1226 Unde
1914 1193 2026 1225 Sancti
2054 1193 2266 1225 consessores

1376 1241 1532 1273 dicantur
1549 1242 1608 1283 (a).
1632 1242 1731 1280 Quod
1748 1244 1848 1283 porta
1870 1241 2049 1283 multiplici
2068 1251 2172 1274 sensu
2185 1241 2265 1273 dici-

1374 1291 1441 1321 tur.

1333 1336 1601 1368 Misericordiam
1618 1338 1649 1368 et
1663 1337 1847 1379 judicium,
1869 1338 1994 1370 Psalm.
2018 1339 2088 1370 100
2111 1337 2175 1370 Per
2199 1346 2264 1369 nu-

1375 1392 1507 1415 merum
1529 1384 1758 1416 centesimum
1779 1385 1987 1426 significatur
2006 1385 2182 1425 perfectio.

1334 1431 1525 1471 Descriptio
1551 1431 1616 1463 xiri
1636 1433 1790 1472 perlecti.
1812 1433 1859 1465 Ad
1878 1433 1955 1473 hoc,
1978 1433 2067 1473 quod
2089 1432 2208 1474 aliquis
2225 1432 2267 1464 sit

1374 1472 1410 1503 in
1430 1473 1546 1513 domo,
1563 1474 1627 1504 tria
1641 1477 1721 1506 sunt
1739 1475 1943 1506 necessaria.
1965 1475 2013 1506 De
2034 1474 2140 1506 tribus
2163 1474 2264 1515 parti·

1373 1519 1436 1551 bus
1450 1520 1666 1553 innocentiae.

1334 1568 1484 1608 Domine,
1507 1569 1632 1600 exaudi
1661 1570 1844 1600 motionem
1874 1578 2000 1603 meam.
2034 1569 2159 1601 Psalm.
2192 1572 2262 1602 101.

1374 1617 1485 1647 Homo
1499 1617 1698 1648 vulneratus
1719 1619 1770 1648 est
1785 1617 1821 1648 in
1841 1617 2050 1648 naturalibus
2069 1626 2130 1657 per
2148 1626 2265 1657 pecca—

1372 1665 1445 1695 tum
1459 1664 1552 1704 Adce,
1569 1673 1640 1696 non
1658 1664 1847 1704 expoliatur
1862 1665 1921 1705 (a).
1939 1665 1986 1696 De
1999 1664 2121 1705 triplici
2136 1665 2262 1697 unione

1374 1711 1534 1743 Ecclesiae
1556 1721 1634 1743 cum
1655 1712 1776 1752 capite.
1798 1713 1846 1743 De
1866 1712 2077 1753 quadruplici
2093 1713 2261 1745 anxietate

1374 1759 1510 1791 Christi.
1532 1759 1609 1790 Tria
1634 1759 1825 1800 impediunt
1853 1759 2052 1800 hominem,
2081 1761 2264 1800 quominus

1373 1806 1584 1838 exaudiatur.
1607 1807 1832 1844 Quandonam
1851 1807 2050 1838 exaudiatur
2076 1807 2197 1838 oratio.

1331 1853 1512 1891 Quomodo
1535 1855 1624 1885 Deus
1643 1854 1774 1885 dicatur
1783 1853 1909 1886 habere
1925 1863 2036 1894 aures,
2053 1854 2181 1894 oculos,
2196 1856 2260 1886 etc.

1373 1901 1543 1932 Moestitiae
1573 1911 1684 1933 causas
1715 1905 1784 1934 tres
1814 1901 1874 1941 (a).
1909 1902 2090 1939 Quomodo
2109 1905 2262 1942 captetur

1370 1948 1612 1980 benevolentia
1625 1948 1763 1990 judicis.
1784 1948 1881 1980 Fumi
1900 1948 2100 1990 significatio
2119 1950 2261 1991 mystica

1371 1995 1406 2026 in
1422 1996 1513 2027 bono
1536 1996 1595 2037 (a).
1615 1995 1692 2027 Tria
1706 1995 1921 2036 peccantium
1944 2005 2082 2037 genera.
2105 1998 2153 2028 De
2172 1997 2260 2028 mul-

1371 2042 1476 2082 tiplici
1497 2051 1645 2083 passere.
1661 2043 1812 2074 Christus
1831 2042 1954 2074 dicitur
1974 2043 2143 2075 solitarius
2162 2054 2262 2085 prop-

1370 2093 1423 2122 ter
1437 2090 1514 2122 tria.
1531 2092 1665 2122 Nomen
1686 2091 1764 2121 Dies
1779 2090 2008 2131 multipliciter
2025 2092 2200 2132 accipitur.

1330 2139 1429 2178 Quod
1460 2141 1640 2179 peceatum
1676 2138 1777 2179 primi
1818 2137 1968 2170 hominis
2000 2139 2123 2179 triplex
2156 2149 2262 2180 poena

1371 2188 1486 2218 secuta
1506 2188 1569 2226 est,
1589 2189 1623 2217 et
1642 2185 1683 2217 de
1702 2185 1825 2225 triplici
1852 2185 2017 2217 remedio.
2037 2187 2172 2227 Triplex
2192 2187 2259 2219 ele-

1370 2233 1462 2266 vatio
1481 2233 1641 2264 hum-maa
1662 2235 1791 2264 naturae
1814 2232 1875 2273 (a).
1897 2234 2088 2266 incarnatio
2117 2235 2258 2266 descen-

1370 2290 1439 2322 sus,
1455 2281 1554 2311 simul
1575 2283 1608 2311 et
1627 2289 1787 2312 ascensus
1812 2280 1876 2312 dici
1893 2283 2017 2321 potest.
2039 2281 2125 2319 Quid
2145 2282 2259 2314 Domi-

1368 2338 1432 2360 nus
1447 2328 1619 2368 scripserit
1635 2328 1670 2359 in
1691 2331 1781 2360 terra
1803 2329 1860 2368 (α).
1886 2329 1985 2366 Quod
2012 2329 2086 2360 ovis
2104 2329 2140 2360 in
2159 2339 2259 2362 mon·

1368 2377 1457 2409 tibus
1476 2377 1595 2408 relicta
1617 2385 1686 2407 una
1704 2375 1963 2417 mysterialiter,
1984 2376 2159 2418 multiplex
2183 2387 2260 2418 per-

1369 2424 1543 2456 sonaliter.
1566 2425 1655 2454 Inter
1672 2423 1849 2455 hominem
1874 2423 2007 2464 lapsum
2025 2426 2059 2456 et
2087 2425 2257 2456 Christum

1367 2471 1542 2504 antithesis
1564 2470 1622 2511 (a).
1644 2470 1741 2507 Quod
1761 2480 1847 2511 opus
1866 2471 1928 2502 Dei
1945 2471 2018 2502 sine
2034 2472 2160 2504 artifice
2180 2472 2258 2504 sub-

1367 2519 1484 2551 sistere
1502 2517 1633 2558 nequit,
1655 2518 1714 2549 sed
1734 2527 1807 2549 non
1828 2527 1845 2549 e
1866 2527 2048 2551 converso.

1325 2567 1423 2606 Quod
1438 2566 1525 2597 inter
1545 2565 1692 2604 initium,
1713 2565 1919 2606 principium
1945 2568 1978 2597 et
1997 2566 2174 2598 exordium
2194 2567 2256 2599 dif-

1366 2614 1510 2647 ferentia
1524 2616 1586 2645 est.
1605 2613 1682 2645 Tria
1701 2615 1791 2654 sunt,
1807 2621 1883 2654 quae
1895 2613 2068 2655 praecipue
2082 2623 2256 2647 commen-

1366 2663 1448 2694 dant
1464 2663 1574 2693 Denm
1596 2660 1650 2700 (a).

1326 2709 1473 2748 Benedtc,
1485 2709 1597 2740 anima
1611 2717 1695 2747 mea,
1703 2707 1856 2749 Domino,
1867 2709 1899 2739 et
1911 2709 2034 2748 omnia,
2045 2709 2251 2742 Psalm.102.

1365 2759 1413 2790 De
1434 2757 1565 2788 duabus
1584 2755 1737 2797 partibus
1755 2755 1909 2787 rationis.
1934 2757 2063 2788 Rursus
2086 2757 2127 2789 de
2147 2756 2253 2789 tribus

1363 2805 1517 2846 partibus
1535 2803 1707 2835 inferioris
1736 2802 1879 2841 animae,
1911 2812 1988 2844 quae
2019 2813 2160 2844 omnes,
2189 2814 2251 2837 suo

1363 2861 1507 2893 quaeque
1521 2852 1638 2891 modo,
1658 2849 1794 2882 laudare
1809 2850 1935 2883 debent
1949 2852 2059 2883 Deum
2076 2853 2134 2893 (α).
2152 2852 2252 2890 Quod

1363 2899 1477 2941 angeli
1495 2907 1565 2930 non
1583 2901 1717 2929 tantum
1737 2897 1824 2929 circa
1850 2907 1915 2929 nos
1940 2901 2039 2940 sunt,
2070 2900 2130 2932 sed
2148 2899 2250 2932 etiam

1361 2947 1617 2990 quodammodo
1646 2947 1735 2978 intra
1762 2956 1838 2978 nos.
1869 2947 1951 2985 Quae
1986 2948 2076 2980 dona
2099 2948 2251 2982 Christus

1361 2994 1557 3026 hominibus
1588 2993 1783 3029 contulerit.
1819 2995 1868 3025 De
1900 2994 2023 3036 triplici
2053 2995 2248 3028 misericor-

1361 3042 1416 3073 dia
1441 3042 1497 3082 (α).
1521 3041 1619 3080 Quod
1643 3040 1771 3074 Coelum
1791 3040 1933 3074 diversis
1948 3042 2059 3074 modis
2074 3043 2248 3084 accipitur.

1320 3091 1367 3122 De
1396 3089 1575 3130 multiplici
1605 3088 1753 3121 fictione.
1780 3090 1829 3121 De
1857 3089 2077 3131 fortitudine,
2111 3093 2146 3122 et
2177 3089 2248 3132 ejus

1360 3136 1550 3179 speciebus.

1319 3185 1470 3224 Benedz'c,
1478 3185 1592 3216 anima
1604 3193 1689 3221 mea,
1699 3183 1860 3215 Domino.-
1872 3183 2019 3222 Domine,
2035 3183 2160 3216 Psalm.
2175 3185 2246 3216 103.

1358 3234 1407 3265 De
1428 3231 1664 3264 benedictione
1695 3230 1866 3262 Creatoris
1883 3231 1926 3263 ad
1943 3233 2151 3268 creaturam,
2173 3234 2207 3264 et
2229 3241 2246 3264 e

1359 3289 1538 3312 converso.
1570 3278 1668 3316 Quod
1689 3277 1841 3310 Christus
1860 3277 1984 3310 dicitur
2001 3279 2176 3320 speciosus
2196 3278 2246 3320 (cl)

1358 3329 1393 3360 in
1434 3327 1557 3359 deitate
1591 3329 1625 3358 et
1661 3325 1696 3357 in
1729 3325 1952 3358 humanitate.
1988 3327 2037 3358 De
2071 3326 2247 3367 multiplici

1356 3375 1561 3407 vestimento
1589 3373 1641 3415 (e).
1663 3372 1761 3412 Quod
1779 3382 1882 3414 supra
1912 3372 2019 3406 coelos
2039 3374 2091 3415 (s)
2114 3373 2245 3415 frigidae

1357 3425 1436 3454 sunt
1456 3430 1565 3463 aquae.
1595 3421 1694 3460 Quod
1728 3423 1875 3462 quatuor
1912 3423 2015 3463 sunt,
2036 3429 2112 3463 quae
2148 3429 2247 3453 crea-

2299 249 2372 288 691

2313 385 2372 418 271

2312 813 2370 847 272

2310 1006 2370 1036 273

2308 1384 2367 1416 274

2306 1810 2364 1840 275

2303 2094 2362 2125 276

2300 2522 2360 2554 277

2293 3044 2351 3076 278

1315 3529 1385 3557 edit.
1406 3537 1579 3565 sponsus.—
1594 3528 1630 3565 (e)
1647 3528 1719 3557 Coet.
1739 3527 1808 3557 edit.
1825 3530 2047 3560 testamenm-
2061 3529 2103 3567 (s)
2117 3528 2190 3560 Coet.
2209 3529 2279 3560 edit.
2293 3539 2347 3560 non

1315 3570 1418 3601 liabent
1438 3578 1528 3607 supra
1549 3570 1649 3598 coelos.
