<?xml version="1.0" encoding="UTF-8"?>
<!DOCTYPE html PUBLIC "-//W3C//DTD XHTML 1.0 Transitional//EN"
    "http://www.w3.org/TR/xhtml1/DTD/xhtml1-transitional.dtd">
<html xmlns="http://www.w3.org/1999/xhtml" xml:lang="en" lang="en">
 <head>
  <title>
</title>
<meta http-equiv="Content-Type" content="text/html;charset=utf-8" />
  <meta name='ocr-system' content='tesseract 3.04.00' />
  <meta name='ocr-capabilities' content='ocr_page ocr_carea ocr_par ocr_line ocrx_word'/>
</head>
<body>
  <div class='ocr_page' id='page_1' title='image "./operaomniasixtiv09bonauoft/operaomniasixtiv09bonauoft_0717.png"; bbox 0 0 2633 3878; ppageno 0'>
   <div class='ocr_carea' id='block_1_1' title="bbox 1099 243 1363 288">
    <p class='ocr_par' dir='ltr' id='par_1_1' title="bbox 1099 243 1363 288">
     <span class='ocr_line' id='line_1_1' title="bbox 1099 243 1363 288; baseline -0.015 0"><span class='ocrx_word' id='word_1_1' title='bbox 1099 243 1268 288; x_wconf 85' lang='lat' dir='ltr'><strong>CAPUT</strong></span> <span class='ocrx_word' id='word_1_2' title='bbox 1296 244 1363 286; x_wconf 85' lang='lat' dir='ltr'>XI.</span> 
     </span>
    </p>
   </div>
   <div class='ocr_carea' id='block_1_2' title="bbox 159 335 1212 1096">
    <p class='ocr_par' dir='ltr' id='par_1_2' title="bbox 159 335 1212 1096">
     <span class='ocr_line' id='line_1_2' title="bbox 159 335 1195 389; baseline -0.011 -4"><span class='ocrx_word' id='word_1_3' title='bbox 159 341 506 385; x_wconf 86' lang='lat' dir='ltr'>benefaciendum</span> <span class='ocrx_word' id='word_1_4' title='bbox 537 340 795 380; x_wconf 82' lang='lat' dir='ltr'>incessanter</span> <span class='ocrx_word' id='word_1_5' title='bbox 821 350 830 378; x_wconf 79' lang='lat' dir='ltr'>t</span> <span class='ocrx_word' id='word_1_6' title='bbox 862 338 902 378; x_wconf 91' lang='lat' dir='ltr'>et</span> <span class='ocrx_word' id='word_1_7' title='bbox 921 335 1195 389; x_wconf 77' lang='lat' dir='ltr'>praemittitur</span> 
     </span>
     <span class='ocr_line' id='line_1_3' title="bbox 161 405 1196 462; baseline -0.012 -6"><span class='ocrx_word' id='word_1_8' title='bbox 161 413 421 462; x_wconf 85' lang='lat' dir='ltr'>exhortatio;</span> <span class='ocrx_word' id='word_1_9' title='bbox 444 409 626 452; x_wconf 85' lang='lat' dir='ltr'>secundo</span> <span class='ocrx_word' id='word_1_10' title='bbox 645 407 924 461; x_wconf 81' lang='lat' dir='ltr'>subjungitur</span> <span class='ocrx_word' id='word_1_11' title='bbox 944 405 1196 447; x_wconf 81' lang='lat' dir='ltr'>exhortatio-</span> 
     </span>
     <span class='ocr_line' id='line_1_4' title="bbox 162 478 1199 534; baseline -0.009 -9"><span class='ocrx_word' id='word_1_12' title='bbox 162 485 228 525; x_wconf 86' lang='lat' dir='ltr'>nis</span> <span class='ocrx_word' id='word_1_13' title='bbox 246 483 370 534; x_wconf 89' lang='lat' dir='ltr'>ratio,</span> <span class='ocrx_word' id='word_1_14' title='bbox 403 484 444 522; x_wconf 90' lang='lat' dir='ltr'>et</span> <span class='ocrx_word' id='word_1_15' title='bbox 470 480 593 522; x_wconf 88' lang='lat' dir='ltr'>tertio</span> <span class='ocrx_word' id='word_1_16' title='bbox 612 479 916 521; x_wconf 77' lang='lat' dir='ltr'><strong>remuneratio.</strong></span> <span class='ocrx_word' id='word_1_17' title='bbox 940 478 1199 519; x_wconf 80' lang='lat' dir='ltr'>Exhortatur</span> 
     </span>
     <span class='ocr_line' id='line_1_5' title="bbox 164 547 1198 606; baseline -0.008 -12"><span class='ocrx_word' id='word_1_18' title='bbox 164 566 268 606; x_wconf 85' lang='lat' dir='ltr'>ergo</span> <span class='ocrx_word' id='word_1_19' title='bbox 297 553 350 593; x_wconf 85' lang='lat' dir='ltr'>ad</span> <span class='ocrx_word' id='word_1_20' title='bbox 377 552 615 592; x_wconf 87' lang='lat' dir='ltr'>faciendum</span> <span class='ocrx_word' id='word_1_21' title='bbox 648 562 776 604; x_wconf 88' lang='lat' dir='ltr'>opera</span> <span class='ocrx_word' id='word_1_22' title='bbox 805 548 1104 590; x_wconf 71' lang='lat' dir='ltr'>misericordiae</span> <span class='ocrx_word' id='word_1_23' title='bbox 1132 547 1198 586; x_wconf 91' lang='lat' dir='ltr'>in-</span> 
     </span>
     <span class='ocr_line' id='line_1_6' title="bbox 164 621 1204 672; baseline -0.004 -8"><span class='ocrx_word' id='word_1_24' title='bbox 164 627 394 672; x_wconf 85' lang='lat' dir='ltr'>cessanter,</span> <span class='ocrx_word' id='word_1_25' title='bbox 427 636 525 664; x_wconf 82' lang='lat' dir='ltr'>eum</span> <span class='ocrx_word' id='word_1_26' title='bbox 551 623 650 663; x_wconf 83' lang='lat' dir='ltr'>dicit</span> <span class='ocrx_word' id='word_1_27' title='bbox 680 636 687 661; x_wconf 94' lang='lat'>:</span> <span class='ocrx_word' id='word_1_28' title='bbox 718 622 844 663; x_wconf 81' lang='lat' dir='ltr'>Mcme</span> <span class='ocrx_word' id='word_1_29' title='bbox 876 621 1038 663; x_wconf 74' lang='lat' dir='ltr'>semina</span> <span class='ocrx_word' id='word_1_30' title='bbox 1064 629 1204 661; x_wconf 79' lang='lat' dir='ltr'>semen</span> 
     </span>
     <span class='ocr_line' id='line_1_7' title="bbox 167 691 1200 746; baseline -0.006 -9"><span class='ocrx_word' id='word_1_31' title='bbox 167 700 303 745; x_wconf 81' lang='lat' dir='ltr'>tuum,</span> <span class='ocrx_word' id='word_1_32' title='bbox 318 695 399 735; x_wconf 88' lang='lat' dir='ltr'>hoc</span> <span class='ocrx_word' id='word_1_33' title='bbox 413 697 489 743; x_wconf 87' lang='lat' dir='ltr'>est,</span> <span class='ocrx_word' id='word_1_34' title='bbox 507 694 552 734; x_wconf 90' lang='lat' dir='ltr'>in</span> <span class='ocrx_word' id='word_1_35' title='bbox 564 697 755 746; x_wconf 85' lang='lat' dir='ltr'>tempore</span> <span class='ocrx_word' id='word_1_36' title='bbox 765 693 1023 746; x_wconf 71' lang='lat' dir='ltr'>Juveiitutis,</span> <span class='ocrx_word' id='word_1_37' title='bbox 1039 691 1139 744; x_wconf 87' lang='lat' dir='ltr'>quia</span> <span class='ocrx_word' id='word_1_38' title='bbox 1156 692 1166 712; x_wconf 92' lang='lat'>¹</span> <span class='ocrx_word' id='word_1_39' title='bbox 1192 705 1200 731; x_wconf 75' lang='grc' dir='ltr'>ε</span> 
     </span>
     <span class='ocr_line' id='line_1_8' title="bbox 173 762 1205 818; baseline -0.003 -13"><span class='ocrx_word' id='word_1_40' title='bbox 173 781 192 804; x_wconf 70' lang='lat' dir='ltr'>a</span> <span class='ocrx_word' id='word_1_41' title='bbox 209 765 376 806; x_wconf 90' lang='lat' dir='ltr'>Bonum</span> <span class='ocrx_word' id='word_1_42' title='bbox 395 767 457 806; x_wconf 90' lang='lat' dir='ltr'>est</span> <span class='ocrx_word' id='word_1_43' title='bbox 474 766 581 815; x_wconf 88' lang='lat' dir='ltr'>viro,</span> <span class='ocrx_word' id='word_1_44' title='bbox 609 765 683 817; x_wconf 89' lang='lat' dir='ltr'>qui</span> <span class='ocrx_word' id='word_1_45' title='bbox 704 764 938 818; x_wconf 84' lang='lat' dir='ltr'>portaverit</span> <span class='ocrx_word' id='word_1_46' title='bbox 962 765 1122 816; x_wconf 83' lang='lat' dir='ltr'>jugum</span> <span class='ocrx_word' id='word_1_47' title='bbox 1152 762 1205 802; x_wconf 88' lang='lat' dir='ltr'>ab</span> 
     </span>
     <span class='ocr_line' id='line_1_9' title="bbox 168 836 1208 888; baseline -0.004 -11"><span class='ocrx_word' id='word_1_48' title='bbox 168 836 445 878; x_wconf 84' lang='lat' dir='ltr'>adolescentia</span> <span class='ocrx_word' id='word_1_49' title='bbox 459 847 549 876; x_wconf 87' lang='lat' dir='ltr'>sua.</span> <span class='ocrx_word' id='word_1_50' title='bbox 567 850 585 872; x_wconf 86' lang='lat'>»</span> <span class='ocrx_word' id='word_1_51' title='bbox 605 837 666 877; x_wconf 78' lang='lat' dir='ltr'>Ec</span> <span class='ocrx_word' id='word_1_52' title='bbox 677 845 843 888; x_wconf 71' lang='lat' dir='ltr'>vespere</span> <span class='ocrx_word' id='word_1_53' title='bbox 857 846 907 877; x_wconf 71' lang='lat' dir='ltr'>ne</span> <span class='ocrx_word' id='word_1_54' title='bbox 917 838 1043 876; x_wconf 76' lang='lat' dir='ltr'>cesset</span> <span class='ocrx_word' id='word_1_55' title='bbox 1055 843 1208 875; x_wconf 77' lang='lat' dir='ltr'>manus</span> 
     </span>
     <span class='ocr_line' id='line_1_10' title="bbox 172 903 1210 959; baseline -0.005 -10"><span class='ocrx_word' id='word_1_56' title='bbox 172 911 260 958; x_wconf 75' lang='lat' dir='ltr'>tua,</span> <span class='ocrx_word' id='word_1_57' title='bbox 286 907 328 948; x_wconf 91' lang='lat' dir='ltr'>id</span> <span class='ocrx_word' id='word_1_58' title='bbox 359 908 443 956; x_wconf 84' lang='lat' dir='ltr'>est,</span> <span class='ocrx_word' id='word_1_59' title='bbox 474 906 519 946; x_wconf 88' lang='grc'>111</span> <span class='ocrx_word' id='word_1_60' title='bbox 557 908 791 957; x_wconf 73' lang='lat' dir='ltr'>senectute,</span> <span class='ocrx_word' id='word_1_61' title='bbox 825 905 945 959; x_wconf 80' lang='lat' dir='ltr'>quasi</span> <span class='ocrx_word' id='word_1_62' title='bbox 976 906 1086 947; x_wconf 85' lang='lat' dir='ltr'>dicat</span> <span class='ocrx_word' id='word_1_63' title='bbox 1119 919 1127 944; x_wconf 73' lang='grc' dir='ltr'>ε</span> <span class='ocrx_word' id='word_1_64' title='bbox 1162 903 1210 944; x_wconf 90' lang='lat' dir='ltr'>In</span> 
     </span>
     <span class='ocr_line' id='line_1_11' title="bbox 173 976 1212 1030; baseline -0.004 -12"><span class='ocrx_word' id='word_1_65' title='bbox 173 977 499 1030; x_wconf 88' lang='lat' dir='ltr'>omnitempore</span> <span class='ocrx_word' id='word_1_66' title='bbox 519 980 560 1018; x_wconf 91' lang='lat' dir='ltr'>et</span> <span class='ocrx_word' id='word_1_67' title='bbox 579 980 700 1018; x_wconf 84' lang='lat' dir='ltr'>aetate</span> <span class='ocrx_word' id='word_1_68' title='bbox 726 977 817 1018; x_wconf 90' lang='lat' dir='ltr'>sine</span> <span class='ocrx_word' id='word_1_69' title='bbox 846 977 1080 1018; x_wconf 85' lang='lat' dir='ltr'>cessatione</span> <span class='ocrx_word' id='word_1_70' title='bbox 1111 976 1212 1016; x_wconf 90' lang='lat' dir='ltr'>sunt</span> 
     </span>
     <span class='ocr_line' id='line_1_12' title="bbox 174 1047 1208 1096; baseline -0.004 -7"><span class='ocrx_word' id='word_1_71' title='bbox 174 1047 363 1089; x_wconf 86' lang='lat' dir='ltr'>facienda</span> <span class='ocrx_word' id='word_1_72' title='bbox 381 1048 495 1089; x_wconf 89' lang='lat' dir='ltr'>bona</span> <span class='ocrx_word' id='word_1_73' title='bbox 514 1049 528 1070; x_wconf 71' lang='lat'>2</span> <span class='ocrx_word' id='word_1_74' title='bbox 551 1063 559 1087; x_wconf 78' lang='grc' dir='ltr'><strong><em>ε</em></strong></span> <span class='ocrx_word' id='word_1_75' title='bbox 591 1063 610 1086; x_wconf 68' lang='lat' dir='ltr'>&lt;z</span> <span class='ocrx_word' id='word_1_76' title='bbox 635 1047 801 1088; x_wconf 90' lang='lat' dir='ltr'>Bonum</span> <span class='ocrx_word' id='word_1_77' title='bbox 826 1051 969 1089; x_wconf 91' lang='lat' dir='ltr'>autem</span> <span class='ocrx_word' id='word_1_78' title='bbox 998 1047 1208 1096; x_wconf 75' lang='lat' dir='ltr'>facientes,</span> 
     </span>
    </p>
   </div>
   <div class='ocr_carea' id='block_1_3' title="bbox 176 1119 1217 1231">
    <p class='ocr_par' dir='ltr' id='par_1_3' title="bbox 176 1119 1217 1231">
     <span class='ocr_line' id='line_1_13' title="bbox 176 1119 1213 1172; baseline -0.001 -13"><span class='ocrx_word' id='word_1_79' title='bbox 176 1130 264 1160; x_wconf 89' lang='lat' dir='ltr'>non</span> <span class='ocrx_word' id='word_1_80' title='bbox 281 1119 551 1169; x_wconf 82' lang='lat' dir='ltr'>deficiamus3</span> <span class='ocrx_word' id='word_1_81' title='bbox 575 1121 767 1172; x_wconf 88' lang='lat' dir='ltr'>tempore</span> <span class='ocrx_word' id='word_1_82' title='bbox 787 1119 904 1160; x_wconf 88' lang='lat' dir='ltr'>enim</span> <span class='ocrx_word' id='word_1_83' title='bbox 928 1121 1098 1172; x_wconf 87' lang='lat' dir='ltr'>accepto</span> <span class='ocrx_word' id='word_1_84' title='bbox 1119 1129 1213 1158; x_wconf 88' lang='lat' dir='ltr'>me-</span> 
     </span>
     <span class='ocr_line' id='line_1_14' title="bbox 178 1190 1217 1231; baseline 0.001 -2"><span class='ocrx_word' id='word_1_85' title='bbox 178 1192 319 1231; x_wconf 89' lang='lat' dir='ltr'>temus</span> <span class='ocrx_word' id='word_1_86' title='bbox 337 1202 425 1231; x_wconf 93' lang='lat' dir='ltr'>non</span> <span class='ocrx_word' id='word_1_87' title='bbox 449 1190 703 1231; x_wconf 88' lang='lat' dir='ltr'>deficientes.</span> <span class='ocrx_word' id='word_1_88' title='bbox 732 1205 751 1228; x_wconf 73' lang='lat' dir='ltr'>n</span> <span class='ocrx_word' id='word_1_89' title='bbox 786 1190 882 1231; x_wconf 91' lang='lat' dir='ltr'>Ideo</span> <span class='ocrx_word' id='word_1_90' title='bbox 917 1190 1120 1231; x_wconf 78' lang='lat' dir='ltr'>continue</span> <span class='ocrx_word' id='word_1_91' title='bbox 1146 1201 1217 1230; x_wconf 90' lang='lat' dir='ltr'>se-</span> 
     </span>
    </p>
   </div>
   <div class='ocr_carea' id='block_1_4' title="bbox 179 1261 1218 1314">
    <p class='ocr_par' dir='ltr' id='par_1_4' title="bbox 179 1261 1218 1314">
     <span class='ocr_line' id='line_1_15' title="bbox 179 1261 1218 1314; baseline -0.001 -12"><span class='ocrx_word' id='word_1_92' title='bbox 179 1261 378 1312; x_wconf 87' lang='lat' dir='ltr'>rendum,</span> <span class='ocrx_word' id='word_1_93' title='bbox 395 1261 496 1314; x_wconf 87' lang='lat' dir='ltr'>quia</span> <span class='ocrx_word' id='word_1_94' title='bbox 514 1262 528 1283; x_wconf 70' lang='grc'><strong>3</strong></span> <span class='ocrx_word' id='word_1_95' title='bbox 552 1276 560 1302; x_wconf 92' lang='lat'>:</span> <span class='ocrx_word' id='word_1_96' title='bbox 590 1261 705 1310; x_wconf 83' lang='lat' dir='ltr'>«Qui</span> <span class='ocrx_word' id='word_1_97' title='bbox 727 1274 851 1314; x_wconf 86' lang='lat' dir='ltr'>parce</span> <span class='ocrx_word' id='word_1_98' title='bbox 882 1261 1075 1312; x_wconf 86' lang='lat' dir='ltr'>seminat,</span> <span class='ocrx_word' id='word_1_99' title='bbox 1094 1272 1218 1314; x_wconf 87' lang='lat' dir='ltr'>parce</span> 
     </span>
    </p>
   </div>
   <div class='ocr_carea' id='block_1_5' title="bbox 182 1331 1246 2668">
    <p class='ocr_par' dir='ltr' id='par_1_5' title="bbox 182 1331 1235 2240">
     <span class='ocr_line' id='line_1_16' title="bbox 182 1331 1216 1384; baseline -0.001 -12"><span class='ocrx_word' id='word_1_100' title='bbox 182 1334 224 1372; x_wconf 88' lang='lat' dir='ltr'>et</span> <span class='ocrx_word' id='word_1_101' title='bbox 243 1333 390 1381; x_wconf 90' lang='lat' dir='ltr'>metet;</span> <span class='ocrx_word' id='word_1_102' title='bbox 413 1334 453 1372; x_wconf 87' lang='lat' dir='ltr'>et</span> <span class='ocrx_word' id='word_1_103' title='bbox 473 1332 547 1384; x_wconf 83' lang='lat' dir='ltr'>qui</span> <span class='ocrx_word' id='word_1_104' title='bbox 567 1333 748 1373; x_wconf 88' lang='lat' dir='ltr'>seminat</span> <span class='ocrx_word' id='word_1_105' title='bbox 768 1332 815 1372; x_wconf 89' lang='lat' dir='ltr'>in</span> <span class='ocrx_word' id='word_1_106' title='bbox 835 1331 1216 1382; x_wconf 85' lang='lat' dir='ltr'>benedictionibus,</span> 
     </span>
     <span class='ocr_line' id='line_1_17' title="bbox 184 1403 1219 1452; baseline 0.002 -9"><span class='ocrx_word' id='word_1_107' title='bbox 184 1403 234 1444; x_wconf 91' lang='lat' dir='ltr'>de</span> <span class='ocrx_word' id='word_1_108' title='bbox 246 1403 608 1444; x_wconf 86' lang='lat' dir='ltr'>benedictionibus</span> <span class='ocrx_word' id='word_1_109' title='bbox 619 1407 660 1444; x_wconf 89' lang='lat' dir='ltr'>et</span> <span class='ocrx_word' id='word_1_110' title='bbox 671 1407 812 1445; x_wconf 88' lang='lat' dir='ltr'>metet.</span> <span class='ocrx_word' id='word_1_111' title='bbox 831 1422 846 1440; x_wconf 89' lang='lat'>»</span> <span class='ocrx_word' id='word_1_112' title='bbox 857 1405 966 1451; x_wconf 74' lang='lat' dir='ltr'>Ouia</span> <span class='ocrx_word' id='word_1_113' title='bbox 976 1404 1130 1452; x_wconf 74' lang='lat' dir='ltr'>nesct&#39;S,</span> <span class='ocrx_word' id='word_1_114' title='bbox 1140 1403 1219 1442; x_wconf 72' lang='lat' dir='ltr'>etc.</span> 
     </span>
     <span class='ocr_line' id='line_1_18' title="bbox 186 1473 1223 1526; baseline -0.001 -12"><span class='ocrx_word' id='word_1_115' title='bbox 186 1473 262 1515; x_wconf 90' lang='lat' dir='ltr'>Hic</span> <span class='ocrx_word' id='word_1_116' title='bbox 291 1477 465 1515; x_wconf 84' lang='lat' dir='ltr'>notatur</span> <span class='ocrx_word' id='word_1_117' title='bbox 493 1475 745 1526; x_wconf 89' lang='lat' dir='ltr'>secundum,</span> <span class='ocrx_word' id='word_1_118' title='bbox 779 1475 934 1517; x_wconf 86' lang='lat' dir='ltr'>scilicet</span> <span class='ocrx_word' id='word_1_119' title='bbox 962 1474 1223 1516; x_wconf 81' lang='lat' dir='ltr'>exhortatio-</span> 
     </span>
     <span class='ocr_line' id='line_1_19' title="bbox 187 1545 1224 1599; baseline 0.001 -14"><span class='ocrx_word' id='word_1_120' title='bbox 187 1545 253 1585; x_wconf 90' lang='lat' dir='ltr'>nis</span> <span class='ocrx_word' id='word_1_121' title='bbox 271 1545 380 1586; x_wconf 89' lang='lat' dir='ltr'>ratio</span> <span class='ocrx_word' id='word_1_122' title='bbox 404 1560 412 1586; x_wconf 93' lang='lat'>:</span> <span class='ocrx_word' id='word_1_123' title='bbox 436 1546 536 1598; x_wconf 86' lang='lat' dir='ltr'>quia</span> <span class='ocrx_word' id='word_1_124' title='bbox 555 1546 687 1587; x_wconf 89' lang='lat' dir='ltr'>nescit</span> <span class='ocrx_word' id='word_1_125' title='bbox 707 1546 837 1587; x_wconf 87' lang='lat' dir='ltr'>homo</span> <span class='ocrx_word' id='word_1_126' title='bbox 857 1546 1040 1599; x_wconf 85' lang='lat' dir='ltr'>quando,</span> <span class='ocrx_word' id='word_1_127' title='bbox 1064 1548 1104 1586; x_wconf 94' lang='lat' dir='ltr'>et</span> <span class='ocrx_word' id='word_1_128' title='bbox 1127 1556 1224 1598; x_wconf 81' lang='lat' dir='ltr'>quae</span> 
     </span>
     <span class='ocr_line' id='line_1_20' title="bbox 189 1617 1226 1670; baseline -0.001 -13"><span class='ocrx_word' id='word_1_129' title='bbox 189 1628 318 1669; x_wconf 85' lang='lat' dir='ltr'>opera</span> <span class='ocrx_word' id='word_1_130' title='bbox 351 1620 536 1669; x_wconf 87' lang='lat' dir='ltr'>acceptat</span> <span class='ocrx_word' id='word_1_131' title='bbox 553 1618 682 1667; x_wconf 90' lang='lat' dir='ltr'>Deus;</span> <span class='ocrx_word' id='word_1_132' title='bbox 702 1617 810 1658; x_wconf 86' lang='lat' dir='ltr'>sicut</span> <span class='ocrx_word' id='word_1_133' title='bbox 830 1618 903 1670; x_wconf 85' lang='lat' dir='ltr'>qui</span> <span class='ocrx_word' id='word_1_134' title='bbox 918 1617 1112 1667; x_wconf 90' lang='lat' dir='ltr'>seminat,</span> <span class='ocrx_word' id='word_1_135' title='bbox 1136 1627 1226 1656; x_wconf 91' lang='lat' dir='ltr'>nes-</span> 
     </span>
     <span class='ocr_line' id='line_1_21' title="bbox 191 1687 1224 1740; baseline -0.001 -13"><span class='ocrx_word' id='word_1_136' title='bbox 191 1688 246 1728; x_wconf 87' lang='lat' dir='ltr'>cit</span> <span class='ocrx_word' id='word_1_137' title='bbox 265 1687 379 1740; x_wconf 90' lang='lat' dir='ltr'>quod</span> <span class='ocrx_word' id='word_1_138' title='bbox 405 1699 550 1728; x_wconf 91' lang='lat' dir='ltr'>semen</span> <span class='ocrx_word' id='word_1_139' title='bbox 575 1688 762 1728; x_wconf 84' lang='lat' dir='ltr'>fructum</span> <span class='ocrx_word' id='word_1_140' title='bbox 794 1688 916 1729; x_wconf 84' lang='lat' dir='ltr'>faciet</span> <span class='ocrx_word' id='word_1_141' title='bbox 939 1702 947 1728; x_wconf 95' lang='lat'>:</span> <span class='ocrx_word' id='word_1_142' title='bbox 971 1687 1065 1728; x_wconf 88' lang='lat' dir='ltr'>ideo</span> <span class='ocrx_word' id='word_1_143' title='bbox 1098 1687 1224 1727; x_wconf 87' lang='lat' dir='ltr'>dicit:</span> 
     </span>
     <span class='ocr_line' id='line_1_22' title="bbox 198 1756 1230 1811; baseline -0.003 -12"><span class='ocrx_word' id='word_1_144' title='bbox 198 1758 307 1805; x_wconf 78' lang='lat' dir='ltr'>Quia</span> <span class='ocrx_word' id='word_1_145' title='bbox 343 1759 502 1809; x_wconf 74' lang='lat' dir='ltr'>neseis,</span> <span class='ocrx_word' id='word_1_146' title='bbox 534 1758 641 1810; x_wconf 73' lang='lat' dir='ltr'>quid</span> <span class='ocrx_word' id='word_1_147' title='bbox 676 1759 816 1811; x_wconf 60' lang='lat' dir='ltr'>magis</span> <span class='ocrx_word' id='word_1_148' title='bbox 853 1759 1020 1800; x_wconf 71' lang='lat' dir='ltr'>oriatur</span> <span class='ocrx_word' id='word_1_149' title='bbox 1043 1757 1162 1807; x_wconf 81' lang='lat' dir='ltr'>:hoe,</span> <span class='ocrx_word' id='word_1_150' title='bbox 1187 1756 1230 1797; x_wconf 83' lang='lat' dir='ltr'>id</span> 
     </span>
     <span class='ocr_line' id='line_1_23' title="bbox 194 1828 1232 1880; baseline -0.001 -11"><span class='ocrx_word' id='word_1_151' title='bbox 194 1831 272 1880; x_wconf 89' lang='lat' dir='ltr'>est,</span> <span class='ocrx_word' id='word_1_152' title='bbox 306 1829 560 1879; x_wconf 88' lang='lat' dir='ltr'>serotinum;</span> <span class='ocrx_word' id='word_1_153' title='bbox 601 1834 678 1872; x_wconf 75' lang='grc' dir='ltr'><em>αιιτ</em></span> <span class='ocrx_word' id='word_1_154' title='bbox 719 1829 843 1880; x_wconf 73' lang='lat' dir='ltr'>illud,</span> <span class='ocrx_word' id='word_1_155' title='bbox 878 1829 920 1870; x_wconf 89' lang='lat' dir='ltr'>id</span> <span class='ocrx_word' id='word_1_156' title='bbox 952 1833 1029 1879; x_wconf 89' lang='lat' dir='ltr'>est,</span> <span class='ocrx_word' id='word_1_157' title='bbox 1056 1828 1232 1869; x_wconf 87' lang='lat' dir='ltr'>matuti-</span> 
     </span>
     <span class='ocr_line' id='line_1_24' title="bbox 196 1901 1233 1952; baseline 0.001 -11"><span class='ocrx_word' id='word_1_158' title='bbox 196 1913 304 1942; x_wconf 89' lang='lat' dir='ltr'>num</span> <span class='ocrx_word' id='word_1_159' title='bbox 323 1901 337 1922; x_wconf 45' lang='grc'><strong>4</strong></span> <span class='ocrx_word' id='word_1_160' title='bbox 363 1913 374 1942; x_wconf 88' lang='lat'>:</span> <span class='ocrx_word' id='word_1_161' title='bbox 402 1916 421 1940; x_wconf 75' lang='grc'>11</span> <span class='ocrx_word' id='word_1_162' title='bbox 439 1901 580 1943; x_wconf 78' lang='lat' dir='ltr'>Nescit</span> <span class='ocrx_word' id='word_1_163' title='bbox 618 1902 749 1943; x_wconf 89' lang='lat' dir='ltr'>homo</span> <span class='ocrx_word' id='word_1_164' title='bbox 789 1905 938 1943; x_wconf 88' lang='lat' dir='ltr'>utrum</span> <span class='ocrx_word' id='word_1_165' title='bbox 977 1914 1145 1952; x_wconf 88' lang='lat' dir='ltr'>amore,</span> <span class='ocrx_word' id='word_1_166' title='bbox 1177 1914 1233 1942; x_wconf 90' lang='lat' dir='ltr'>an</span> 
     </span>
     <span class='ocr_line' id='line_1_25' title="bbox 198 1972 1232 2027; baseline 0.001 -14"><span class='ocrx_word' id='word_1_167' title='bbox 198 1972 295 2013; x_wconf 88' lang='lat' dir='ltr'>odio</span> <span class='ocrx_word' id='word_1_168' title='bbox 331 1973 489 2025; x_wconf 83' lang='lat' dir='ltr'>dignus</span> <span class='ocrx_word' id='word_1_169' title='bbox 519 1973 629 2014; x_wconf 84' lang='lat' dir='ltr'>sit.»</span> <span class='ocrx_word' id='word_1_170' title='bbox 665 1975 720 2016; x_wconf 75' lang='lat' dir='ltr'>Et</span> <span class='ocrx_word' id='word_1_171' title='bbox 749 1974 790 2015; x_wconf 76' lang='lat' dir='ltr'>si</span> <span class='ocrx_word' id='word_1_172' title='bbox 822 1978 1048 2027; x_wconf 65' lang='lat' dir='ltr'>utrimnque</span> <span class='ocrx_word' id='word_1_173' title='bbox 1087 1973 1232 2020; x_wconf 78' lang='lat' dir='ltr'>simul,</span> 
     </span>
     <span class='ocr_line' id='line_1_26' title="bbox 199 2043 1235 2098; baseline 0.001 -15"><span class='ocrx_word' id='word_1_174' title='bbox 199 2043 352 2085; x_wconf 79' lang='lat' dir='ltr'>melius</span> <span class='ocrx_word' id='word_1_175' title='bbox 391 2045 489 2094; x_wconf 73' lang='lat' dir='ltr'>erit,</span> <span class='ocrx_word' id='word_1_176' title='bbox 522 2044 621 2097; x_wconf 87' lang='lat' dir='ltr'>quia</span> <span class='ocrx_word' id='word_1_177' title='bbox 656 2044 781 2098; x_wconf 86' lang='lat' dir='ltr'>plura</span> <span class='ocrx_word' id='word_1_178' title='bbox 811 2045 923 2085; x_wconf 89' lang='lat' dir='ltr'>bona</span> <span class='ocrx_word' id='word_1_179' title='bbox 961 2044 1235 2098; x_wconf 77' lang='lat' dir='ltr'>paucioribus</span> 
     </span>
     <span class='ocr_line' id='line_1_27' title="bbox 201 2114 1232 2168; baseline 0.003 -15"><span class='ocrx_word' id='word_1_180' title='bbox 201 2114 341 2166; x_wconf 83' lang='lat' dir='ltr'>magis</span> <span class='ocrx_word' id='word_1_181' title='bbox 360 2114 556 2166; x_wconf 80' lang='lat' dir='ltr'>eligenda</span> <span class='ocrx_word' id='word_1_182' title='bbox 574 2115 586 2137; x_wconf 56' lang='grc' dir='ltr'><strong>ὃ</strong></span> <span class='ocrx_word' id='word_1_183' title='bbox 607 2127 617 2155; x_wconf 88' lang='lat'>:</span> <span class='ocrx_word' id='word_1_184' title='bbox 646 2130 665 2153; x_wconf 87' lang='lat'>«</span> <span class='ocrx_word' id='word_1_185' title='bbox 685 2115 818 2165; x_wconf 80' lang='lat' dir='ltr'>Beati,</span> <span class='ocrx_word' id='word_1_186' title='bbox 841 2115 917 2168; x_wconf 89' lang='lat' dir='ltr'>qui</span> <span class='ocrx_word' id='word_1_187' title='bbox 936 2114 1153 2156; x_wconf 89' lang='lat' dir='ltr'>seminatis</span> <span class='ocrx_word' id='word_1_188' title='bbox 1166 2126 1232 2156; x_wconf 91' lang='lat' dir='ltr'>su-</span> 
     </span>
     <span class='ocr_line' id='line_1_28' title="bbox 202 2197 936 2240; baseline -0.003 -14"><span class='ocrx_word' id='word_1_189' title='bbox 202 2197 278 2238; x_wconf 92' lang='lat' dir='ltr'>per</span> <span class='ocrx_word' id='word_1_190' title='bbox 296 2198 444 2228; x_wconf 89' lang='lat' dir='ltr'>omnes</span> <span class='ocrx_word' id='word_1_191' title='bbox 465 2199 614 2240; x_wconf 89' lang='lat' dir='ltr'>aquas.</span> <span class='ocrx_word' id='word_1_192' title='bbox 634 2202 654 2225; x_wconf 77' lang='grc'>»</span> <span class='ocrx_word' id='word_1_193' title='bbox 932 2230 936 2233; x_wconf 35' lang='grc'><strong>,</strong></span> 
     </span>
    </p>

    <p class='ocr_par' dir='ltr' id='par_1_6' title="bbox 205 2258 1246 2668">
     <span class='ocr_line' id='line_1_29' title="bbox 258 2258 1237 2309; baseline 0 -11"><span class='ocrx_word' id='word_1_194' title='bbox 258 2262 297 2299; x_wconf 87' lang='grc'>7.</span> <span class='ocrx_word' id='word_1_195' title='bbox 324 2259 451 2301; x_wconf 83' lang='lat' dir='ltr'>Dulce</span> <span class='ocrx_word' id='word_1_196' title='bbox 470 2259 631 2309; x_wconf 76' lang='lat' dir='ltr'>lumen,</span> <span class='ocrx_word' id='word_1_197' title='bbox 653 2261 730 2300; x_wconf 86' lang='lat' dir='ltr'>etc.</span> <span class='ocrx_word' id='word_1_198' title='bbox 753 2259 829 2300; x_wconf 80' lang='lat' dir='ltr'>Hic</span> <span class='ocrx_word' id='word_1_199' title='bbox 852 2261 1026 2300; x_wconf 85' lang='lat' dir='ltr'>notatur</span> <span class='ocrx_word' id='word_1_200' title='bbox 1045 2258 1237 2308; x_wconf 87' lang='lat' dir='ltr'>tertium,</span> 
     </span>
     <span class='ocr_line' id='line_1_30' title="bbox 205 2329 1239 2384; baseline 0 -14"><span class='ocrx_word' id='word_1_201' title='bbox 205 2329 360 2371; x_wconf 88' lang='lat' dir='ltr'>scilicet</span> <span class='ocrx_word' id='word_1_202' title='bbox 386 2330 699 2372; x_wconf 88' lang='lat' dir='ltr'>remuneratio:</span> <span class='ocrx_word' id='word_1_203' title='bbox 718 2334 759 2372; x_wconf 87' lang='grc' dir='ltr'>οῖ</span> <span class='ocrx_word' id='word_1_204' title='bbox 781 2331 873 2372; x_wconf 85' lang='lat' dir='ltr'>haec</span> <span class='ocrx_word' id='word_1_205' title='bbox 890 2334 952 2372; x_wconf 90' lang='lat' dir='ltr'>est</span> <span class='ocrx_word' id='word_1_206' title='bbox 970 2333 1162 2384; x_wconf 90' lang='lat' dir='ltr'>aspectus</span> <span class='ocrx_word' id='word_1_207' title='bbox 1173 2330 1239 2371; x_wconf 91' lang='lat' dir='ltr'>lu-</span> 
     </span>
     <span class='ocr_line' id='line_1_31' title="bbox 207 2400 1244 2454; baseline 0 -13"><span class='ocrx_word' id='word_1_208' title='bbox 207 2401 335 2441; x_wconf 92' lang='lat' dir='ltr'>minis</span> <span class='ocrx_word' id='word_1_209' title='bbox 354 2404 396 2441; x_wconf 89' lang='lat' dir='ltr'>et</span> <span class='ocrx_word' id='word_1_210' title='bbox 417 2401 516 2442; x_wconf 91' lang='lat' dir='ltr'>solis</span> <span class='ocrx_word' id='word_1_211' title='bbox 537 2401 702 2452; x_wconf 78' lang='lat' dir='ltr'>aeterni,</span> <span class='ocrx_word' id='word_1_212' title='bbox 724 2401 770 2441; x_wconf 89' lang='lat' dir='ltr'>in</span> <span class='ocrx_word' id='word_1_213' title='bbox 784 2413 868 2454; x_wconf 89' lang='lat' dir='ltr'>quo</span> <span class='ocrx_word' id='word_1_214' title='bbox 888 2404 950 2442; x_wconf 89' lang='lat' dir='ltr'>est</span> <span class='ocrx_word' id='word_1_215' title='bbox 966 2413 1135 2441; x_wconf 91' lang='lat' dir='ltr'>summa</span> <span class='ocrx_word' id='word_1_216' title='bbox 1154 2400 1244 2441; x_wconf 94' lang='lat' dir='ltr'>dul-</span> 
     </span>
     <span class='ocr_line' id='line_1_32' title="bbox 208 2472 1242 2525; baseline -0.001 -12"><span class='ocrx_word' id='word_1_217' title='bbox 208 2472 323 2522; x_wconf 92' lang='lat' dir='ltr'>cedo,</span> <span class='ocrx_word' id='word_1_218' title='bbox 345 2475 386 2513; x_wconf 89' lang='lat' dir='ltr'>et</span> <span class='ocrx_word' id='word_1_219' title='bbox 405 2472 464 2513; x_wconf 87' lang='lat' dir='ltr'>ita</span> <span class='ocrx_word' id='word_1_220' title='bbox 495 2485 656 2525; x_wconf 82' lang='lat' dir='ltr'>magna</span> <span class='ocrx_word' id='word_1_221' title='bbox 679 2472 966 2513; x_wconf 84' lang='lat' dir='ltr'>remuneratio</span> <span class='ocrx_word' id='word_1_222' title='bbox 1000 2474 1085 2522; x_wconf 90' lang='lat' dir='ltr'>est;</span> <span class='ocrx_word' id='word_1_223' title='bbox 1113 2484 1242 2525; x_wconf 91' lang='lat' dir='ltr'>prop-</span> 
     </span>
     <span class='ocr_line' id='line_1_33' title="bbox 207 2538 1246 2597; baseline -0.001 -12"><span class='ocrx_word' id='word_1_224' title='bbox 207 2547 324 2585; x_wconf 89' lang='lat' dir='ltr'>terea</span> <span class='ocrx_word' id='word_1_225' title='bbox 341 2544 441 2586; x_wconf 83' lang='lat' dir='ltr'>dicit</span> <span class='ocrx_word' id='word_1_226' title='bbox 463 2545 616 2587; x_wconf 79' lang='lat' dir='ltr'>:Dulce</span> <span class='ocrx_word' id='word_1_227' title='bbox 630 2544 786 2595; x_wconf 81' lang='lat' dir='ltr'>lumen,</span> <span class='ocrx_word' id='word_1_228' title='bbox 801 2544 854 2585; x_wconf 86' lang='lat' dir='ltr'>ad</span> <span class='ocrx_word' id='word_1_229' title='bbox 864 2538 1172 2597; x_wconf 87' lang='lat' dir='ltr'>aspiciendum.</span> <span class='ocrx_word' id='word_1_230' title='bbox 1191 2543 1246 2583; x_wconf 91' lang='lat' dir='ltr'>De</span> 
     </span>
     <span class='ocr_line' id='line_1_34' title="bbox 210 2614 1246 2668; baseline -0.002 -12"><span class='ocrx_word' id='word_1_231' title='bbox 210 2616 290 2657; x_wconf 90' lang='lat' dir='ltr'>hac</span> <span class='ocrx_word' id='word_1_232' title='bbox 336 2616 556 2658; x_wconf 87' lang='lat' dir='ltr'>dulcedine</span> <span class='ocrx_word' id='word_1_233' title='bbox 591 2617 604 2638; x_wconf 79' lang='lat'>⁸</span> <span class='ocrx_word' id='word_1_234' title='bbox 641 2630 650 2657; x_wconf 91' lang='lat'>:</span> <span class='ocrx_word' id='word_1_235' title='bbox 681 2631 702 2654; x_wconf 84' lang='lat'>«</span> <span class='ocrx_word' id='word_1_236' title='bbox 725 2616 861 2665; x_wconf 88' lang='lat' dir='ltr'>Quam</span> <span class='ocrx_word' id='word_1_237' title='bbox 892 2627 1056 2668; x_wconf 84' lang='lat' dir='ltr'>magna</span> <span class='ocrx_word' id='word_1_238' title='bbox 1095 2614 1246 2655; x_wconf 89' lang='lat' dir='ltr'>multi-</span> 
     </span>
    </p>
   </div>
   <div class='ocr_carea' id='block_1_6' title="bbox 210 2685 1300 2738">
    <p class='ocr_par' dir='ltr' id='par_1_7' title="bbox 210 2685 1300 2738">
     <span class='ocr_line' id='line_1_35' title="bbox 210 2685 1300 2738; baseline -0.001 -10"><span class='ocrx_word' id='word_1_239' title='bbox 210 2687 314 2729; x_wconf 88' lang='lat' dir='ltr'>tudo</span> <span class='ocrx_word' id='word_1_240' title='bbox 340 2687 576 2729; x_wconf 90' lang='lat' dir='ltr'>dulcedinis</span> <span class='ocrx_word' id='word_1_241' title='bbox 604 2690 712 2738; x_wconf 81' lang='lat' dir='ltr'>tuae,</span> <span class='ocrx_word' id='word_1_242' title='bbox 746 2686 949 2728; x_wconf 84' lang='lat' dir='ltr'>Domine!</span> <span class='ocrx_word' id='word_1_243' title='bbox 974 2701 993 2724; x_wconf 71' lang='lat' dir='ltr'>n</span> <span class='ocrx_word' id='word_1_244' title='bbox 1029 2687 1084 2728; x_wconf 77' lang='lat' dir='ltr'>Ec</span> <span class='ocrx_word' id='word_1_245' title='bbox 1111 2685 1246 2728; x_wconf 81' lang='lat' dir='ltr'>delec-</span> <span class='ocrx_word' id='word_1_246' title='bbox 1298 2687 1300 2690; x_wconf 79' lang='grc'>’</span> 
     </span>
    </p>
   </div>
   <div class='ocr_carea' id='block_1_7' title="bbox 214 2755 1262 3380">
    <p class='ocr_par' dir='ltr' id='par_1_8' title="bbox 214 2755 1258 3308">
     <span class='ocr_line' id='line_1_36' title="bbox 215 2755 1249 2811; baseline -0.005 -11"><span class='ocrx_word' id='word_1_247' title='bbox 215 2758 341 2801; x_wconf 72' lang='lat' dir='ltr'>labile</span> <span class='ocrx_word' id='word_1_248' title='bbox 357 2761 417 2801; x_wconf 79' lang='lat' dir='ltr'>est</span> <span class='ocrx_word' id='word_1_249' title='bbox 445 2758 577 2801; x_wconf 76' lang='lat' dir='ltr'>oculis</span> <span class='ocrx_word' id='word_1_250' title='bbox 594 2758 700 2800; x_wconf 76' lang='lat' dir='ltr'>meis</span> <span class='ocrx_word' id='word_1_251' title='bbox 725 2757 776 2811; x_wconf 78' lang='lat' dir='ltr'>(a)</span> <span class='ocrx_word' id='word_1_252' title='bbox 799 2757 943 2800; x_wconf 76' lang='lat' dir='ltr'>videre</span> <span class='ocrx_word' id='word_1_253' title='bbox 959 2757 1107 2807; x_wconf 81' lang='lat' dir='ltr'>solem3</span> <span class='ocrx_word' id='word_1_254' title='bbox 1126 2755 1249 2796; x_wconf 86' lang='lat' dir='ltr'>illum</span> 
     </span>
     <span class='ocr_line' id='line_1_37' title="bbox 214 2827 1248 2883; baseline -0.004 -12"><span class='ocrx_word' id='word_1_255' title='bbox 214 2830 363 2881; x_wconf 88' lang='lat' dir='ltr'>solem,</span> <span class='ocrx_word' id='word_1_256' title='bbox 383 2830 434 2871; x_wconf 91' lang='lat' dir='ltr'>de</span> <span class='ocrx_word' id='word_1_257' title='bbox 453 2841 538 2883; x_wconf 88' lang='lat' dir='ltr'>quo</span> <span class='ocrx_word' id='word_1_258' title='bbox 568 2829 748 2870; x_wconf 82' lang='lat' dir='ltr'>dicitur⁷</span> <span class='ocrx_word' id='word_1_259' title='bbox 771 2843 781 2870; x_wconf 93' lang='lat'>:</span> <span class='ocrx_word' id='word_1_260' title='bbox 817 2844 836 2868; x_wconf 89' lang='lat'>«</span> <span class='ocrx_word' id='word_1_261' title='bbox 857 2828 1024 2871; x_wconf 88' lang='lat' dir='ltr'>Orietur</span> <span class='ocrx_word' id='word_1_262' title='bbox 1054 2827 1176 2870; x_wconf 87' lang='lat' dir='ltr'>vobis</span> <span class='ocrx_word' id='word_1_263' title='bbox 1195 2827 1248 2867; x_wconf 91' lang='lat' dir='ltr'>ti-</span> 
     </span>
     <span class='ocr_line' id='line_1_38' title="bbox 216 2898 1252 2953; baseline -0.003 -12"><span class='ocrx_word' id='word_1_264' title='bbox 216 2900 433 2941; x_wconf 81' lang='lat' dir='ltr'>mentibus</span> <span class='ocrx_word' id='word_1_265' title='bbox 452 2900 608 2951; x_wconf 90' lang='lat' dir='ltr'>Deum,</span> <span class='ocrx_word' id='word_1_266' title='bbox 631 2900 692 2941; x_wconf 89' lang='lat' dir='ltr'>sol</span> <span class='ocrx_word' id='word_1_267' title='bbox 703 2899 903 2953; x_wconf 84' lang='lat' dir='ltr'>justitiae.</span> <span class='ocrx_word' id='word_1_268' title='bbox 926 2914 945 2937; x_wconf 88' lang='lat'>»</span> <span class='ocrx_word' id='word_1_269' title='bbox 977 2899 1100 2940; x_wconf 85' lang='lat' dir='ltr'>Hunc</span> <span class='ocrx_word' id='word_1_270' title='bbox 1119 2898 1252 2939; x_wconf 91' lang='lat' dir='ltr'>solem</span> 
     </span>
     <span class='ocr_line' id='line_1_39' title="bbox 218 2969 1253 3023; baseline -0.002 -11"><span class='ocrx_word' id='word_1_271' title='bbox 218 2971 460 3012; x_wconf 84' lang='lat' dir='ltr'>delectabile</span> <span class='ocrx_word' id='word_1_272' title='bbox 479 2972 542 3011; x_wconf 88' lang='lat' dir='ltr'>est</span> <span class='ocrx_word' id='word_1_273' title='bbox 567 2970 713 3012; x_wconf 90' lang='lat' dir='ltr'>videre</span> <span class='ocrx_word' id='word_1_274' title='bbox 738 2970 751 2991; x_wconf 80' lang='lat'>⁸</span> <span class='ocrx_word' id='word_1_275' title='bbox 775 2985 784 3011; x_wconf 91' lang='lat'>:</span> <span class='ocrx_word' id='word_1_276' title='bbox 809 2986 829 3008; x_wconf 87' lang='lat'>«</span> <span class='ocrx_word' id='word_1_277' title='bbox 848 2970 897 3011; x_wconf 91' lang='lat' dir='ltr'>In</span> <span class='ocrx_word' id='word_1_278' title='bbox 928 2982 1058 3023; x_wconf 89' lang='lat' dir='ltr'>quem</span> <span class='ocrx_word' id='word_1_279' title='bbox 1088 2969 1253 3010; x_wconf 90' lang='lat' dir='ltr'>deside-</span> 
     </span>
     <span class='ocr_line' id='line_1_40' title="bbox 220 3039 1253 3094; baseline -0.002 -12"><span class='ocrx_word' id='word_1_280' title='bbox 220 3044 316 3083; x_wconf 85' lang='lat' dir='ltr'>rant</span> <span class='ocrx_word' id='word_1_281' title='bbox 334 3039 480 3093; x_wconf 82' lang='lat' dir='ltr'>angeli</span> <span class='ocrx_word' id='word_1_282' title='bbox 497 3042 751 3094; x_wconf 87' lang='lat' dir='ltr'>prospicere.</span> <span class='ocrx_word' id='word_1_283' title='bbox 773 3056 792 3079; x_wconf 84' lang='grc'>»</span> <span class='ocrx_word' id='word_1_284' title='bbox 818 3043 868 3081; x_wconf 89' lang='lat' dir='ltr'>Et</span> <span class='ocrx_word' id='word_1_285' title='bbox 887 3041 989 3094; x_wconf 87' lang='lat' dir='ltr'>quia</span> <span class='ocrx_word' id='word_1_286' title='bbox 1015 3040 1046 3080; x_wconf 91' lang='lat' dir='ltr'>ii</span> <span class='ocrx_word' id='word_1_287' title='bbox 1078 3040 1156 3081; x_wconf 90' lang='lat' dir='ltr'>soli</span> <span class='ocrx_word' id='word_1_288' title='bbox 1183 3040 1253 3080; x_wconf 89' lang='lat' dir='ltr'>vi-</span> 
     </span>
     <span class='ocr_line' id='line_1_41' title="bbox 223 3110 1253 3166; baseline -0.001 -13"><span class='ocrx_word' id='word_1_289' title='bbox 223 3113 382 3154; x_wconf 90' lang='lat' dir='ltr'>debunt</span> <span class='ocrx_word' id='word_1_290' title='bbox 413 3110 520 3154; x_wconf 89' lang='lat' dir='ltr'>illud</span> <span class='ocrx_word' id='word_1_291' title='bbox 552 3112 720 3164; x_wconf 92' lang='lat' dir='ltr'>lumen,</span> <span class='ocrx_word' id='word_1_292' title='bbox 755 3112 831 3166; x_wconf 85' lang='lat' dir='ltr'>qui</span> <span class='ocrx_word' id='word_1_293' title='bbox 858 3114 984 3153; x_wconf 85' lang='lat' dir='ltr'>erunt</span> <span class='ocrx_word' id='word_1_294' title='bbox 1010 3112 1055 3152; x_wconf 92' lang='lat' dir='ltr'>in</span> <span class='ocrx_word' id='word_1_295' title='bbox 1075 3111 1253 3162; x_wconf 84' lang='lat' dir='ltr'>dextris;</span> 
     </span>
     <span class='ocr_line' id='line_1_42' title="bbox 224 3183 1258 3225; baseline -0.001 0"><span class='ocrx_word' id='word_1_296' title='bbox 224 3184 317 3225; x_wconf 86' lang='lat' dir='ltr'>ideo</span> <span class='ocrx_word' id='word_1_297' title='bbox 337 3183 490 3225; x_wconf 80' lang='lat' dir='ltr'>dicitur</span> <span class='ocrx_word' id='word_1_298' title='bbox 510 3183 523 3206; x_wconf 79' lang='lat'><strong>⁹</strong></span> <span class='ocrx_word' id='word_1_299' title='bbox 553 3195 564 3224; x_wconf 87' lang='lat'>:</span> <span class='ocrx_word' id='word_1_300' title='bbox 604 3199 624 3223; x_wconf 88' lang='lat'>&lt;‹</span> <span class='ocrx_word' id='word_1_301' title='bbox 658 3183 963 3225; x_wconf 88' lang='lat' dir='ltr'>Delectationes</span> <span class='ocrx_word' id='word_1_302' title='bbox 1001 3183 1047 3224; x_wconf 92' lang='lat' dir='ltr'>in</span> <span class='ocrx_word' id='word_1_303' title='bbox 1084 3183 1258 3225; x_wconf 80' lang='lat' dir='ltr'>dextera</span> 
     </span>
     <span class='ocr_line' id='line_1_43' title="bbox 226 3255 730 3308; baseline -0.008 -12"><span class='ocrx_word' id='word_1_304' title='bbox 226 3259 302 3296; x_wconf 82' lang='lat' dir='ltr'>tua</span> <span class='ocrx_word' id='word_1_305' title='bbox 318 3267 454 3308; x_wconf 86' lang='lat' dir='ltr'>usque</span> <span class='ocrx_word' id='word_1_306' title='bbox 474 3255 518 3295; x_wconf 91' lang='lat' dir='ltr'>in</span> <span class='ocrx_word' id='word_1_307' title='bbox 540 3255 688 3296; x_wconf 87' lang='lat' dir='ltr'>finem.</span> <span class='ocrx_word' id='word_1_308' title='bbox 710 3269 730 3292; x_wconf 86' lang='lat'>›&gt;</span> 
     </span>
    </p>

    <p class='ocr_par' dir='ltr' id='par_1_9' title="bbox 283 3325 1262 3380">
     <span class='ocr_line' id='line_1_44' title="bbox 283 3325 1262 3380; baseline 0 -12"><span class='ocrx_word' id='word_1_309' title='bbox 283 3327 464 3369; x_wconf 80' lang='lat' dir='ltr'>Possunt</span> <span class='ocrx_word' id='word_1_310' title='bbox 481 3327 576 3367; x_wconf 82' lang='lat' dir='ltr'>haec</span> <span class='ocrx_word' id='word_1_311' title='bbox 595 3327 783 3368; x_wconf 88' lang='lat' dir='ltr'>breviter</span> <span class='ocrx_word' id='word_1_312' title='bbox 794 3327 922 3368; x_wconf 88' lang='lat' dir='ltr'>etiam</span> <span class='ocrx_word' id='word_1_313' title='bbox 937 3326 1094 3380; x_wconf 81' lang='lat' dir='ltr'>exponi</span> <span class='ocrx_word' id='word_1_314' title='bbox 1113 3326 1165 3367; x_wconf 90' lang='lat' dir='ltr'>de</span> <span class='ocrx_word' id='word_1_315' title='bbox 1176 3325 1262 3368; x_wconf 89' lang='lat' dir='ltr'>ele-</span> 
     </span>
    </p>
   </div>
   <div class='ocr_carea' id='block_1_8' title="bbox 234 3408 1267 3594">
    <p class='ocr_par' dir='ltr' id='par_1_10' title="bbox 234 3408 1267 3594">
     <span class='ocr_line' id='line_1_45' title="bbox 275 3408 1264 3451; baseline -0.001 -9"><span class='ocrx_word' id='word_1_316' title='bbox 275 3412 283 3429; x_wconf 79' lang='lat'>¹</span> <span class='ocrx_word' id='word_1_317' title='bbox 307 3410 436 3451; x_wconf 59' lang='lat' dir='ltr'>Thi-en„</span> <span class='ocrx_word' id='word_1_318' title='bbox 460 3418 518 3450; x_wconf 88' lang='lat'>111,</span> <span class='ocrx_word' id='word_1_319' title='bbox 540 3411 592 3441; x_wconf 77' lang='lat'>27.</span> <span class='ocrx_word' id='word_1_320' title='bbox 614 3427 649 3432; x_wconf 91' lang='lat'>-—</span> <span class='ocrx_word' id='word_1_321' title='bbox 673 3410 687 3431; x_wconf 77' lang='lat'><em>2</em></span> <span class='ocrx_word' id='word_1_322' title='bbox 709 3409 801 3450; x_wconf 68' lang='lat' dir='ltr'>Gal„</span> <span class='ocrx_word' id='word_1_323' title='bbox 829 3417 880 3450; x_wconf 73' lang='lat' dir='ltr'>vt,</span> <span class='ocrx_word' id='word_1_324' title='bbox 901 3412 931 3441; x_wconf 83' lang='lat'>9.</span> <span class='ocrx_word' id='word_1_325' title='bbox 954 3426 994 3432; x_wconf 93' lang='lat'>—</span> <span class='ocrx_word' id='word_1_326' title='bbox 1013 3408 1026 3430; x_wconf 80' lang='lat'>³</span> <span class='ocrx_word' id='word_1_327' title='bbox 1046 3409 1073 3440; x_wconf 87' lang='lat'>11</span> <span class='ocrx_word' id='word_1_328' title='bbox 1096 3408 1187 3448; x_wconf 59' lang='lat' dir='ltr'>Corn,</span> <span class='ocrx_word' id='word_1_329' title='bbox 1212 3417 1264 3447; x_wconf 82' lang='lat' dir='ltr'>lx,</span> 
     </span>
     <span class='ocr_line' id='line_1_46' title="bbox 234 3457 1264 3499; baseline -0.001 -10"><span class='ocrx_word' id='word_1_330' title='bbox 234 3459 265 3489; x_wconf 87' lang='lat'>6.</span> <span class='ocrx_word' id='word_1_331' title='bbox 285 3476 328 3482; x_wconf 88' lang='lat'>—</span> <span class='ocrx_word' id='word_1_332' title='bbox 346 3458 356 3476; x_wconf 76' lang='lat'>⁴</span> <span class='ocrx_word' id='word_1_333' title='bbox 377 3459 504 3499; x_wconf 85' lang='lat' dir='ltr'>Supra,</span> <span class='ocrx_word' id='word_1_334' title='bbox 532 3465 588 3497; x_wconf 84' lang='lat' dir='ltr'>lx,</span> <span class='ocrx_word' id='word_1_335' title='bbox 614 3460 644 3488; x_wconf 73' lang='lat'>1.</span> <span class='ocrx_word' id='word_1_336' title='bbox 663 3475 704 3480; x_wconf 97' lang='lat'><strong>—</strong></span> <span class='ocrx_word' id='word_1_337' title='bbox 731 3458 744 3479; x_wconf 71' lang='grc' dir='ltr'>ὓ</span> <span class='ocrx_word' id='word_1_338' title='bbox 764 3459 843 3498; x_wconf 72' lang='grc' dir='ltr'>Ιεα.,</span> <span class='ocrx_word' id='word_1_339' title='bbox 869 3464 986 3496; x_wconf 81' lang='lat' dir='ltr'>xxxu,</span> <span class='ocrx_word' id='word_1_340' title='bbox 1011 3458 1064 3488; x_wconf 77' lang='lat'>20.</span> <span class='ocrx_word' id='word_1_341' title='bbox 1083 3474 1125 3480; x_wconf 89' lang='lat'>—-</span> <span class='ocrx_word' id='word_1_342' title='bbox 1144 3457 1156 3475; x_wconf 69' lang='grc' dir='ltr'>ὓ</span> <span class='ocrx_word' id='word_1_343' title='bbox 1174 3457 1264 3489; x_wconf 80' lang='lat' dir='ltr'>Psal.</span> 
     </span>
     <span class='ocr_line' id='line_1_47' title="bbox 235 3503 1267 3546; baseline -0.002 -9"><span class='ocrx_word' id='word_1_344' title='bbox 235 3515 325 3546; x_wconf 78' lang='lat' dir='ltr'>xxx,</span> <span class='ocrx_word' id='word_1_345' title='bbox 344 3507 395 3538; x_wconf 82' lang='lat'>20.</span> <span class='ocrx_word' id='word_1_346' title='bbox 423 3522 463 3529; x_wconf 91' lang='grc'>-</span> <span class='ocrx_word' id='word_1_347' title='bbox 485 3507 495 3525; x_wconf 86' lang='lat'><strong>⁷</strong></span> <span class='ocrx_word' id='word_1_348' title='bbox 520 3504 658 3544; x_wconf 66' lang='lat' dir='ltr'>Malae„</span> <span class='ocrx_word' id='word_1_349' title='bbox 683 3512 730 3546; x_wconf 85' lang='grc' dir='ltr'>Ῑν,</span> <span class='ocrx_word' id='word_1_350' title='bbox 754 3506 785 3536; x_wconf 79' lang='lat'>2.</span> <span class='ocrx_word' id='word_1_351' title='bbox 812 3521 852 3527; x_wconf 96' lang='lat'>—</span> <span class='ocrx_word' id='word_1_352' title='bbox 878 3503 892 3525; x_wconf 80' lang='lat'>⁸</span> <span class='ocrx_word' id='word_1_353' title='bbox 917 3505 930 3536; x_wconf 88' lang='lat'><em>1</em></span> <span class='ocrx_word' id='word_1_354' title='bbox 958 3505 1062 3544; x_wconf 52' lang='lat' dir='ltr'>Petu,</span> <span class='ocrx_word' id='word_1_355' title='bbox 1096 3512 1124 3544; x_wconf 91' lang='lat'>1,</span> <span class='ocrx_word' id='word_1_356' title='bbox 1156 3506 1205 3536; x_wconf 83' lang='lat'>12.</span> <span class='ocrx_word' id='word_1_357' title='bbox 1225 3522 1267 3528; x_wconf 95' lang='lat'><strong>—</strong></span> 
     </span>
     <span class='ocr_line' id='line_1_48' title="bbox 237 3551 1266 3594; baseline -0.003 -8"><span class='ocrx_word' id='word_1_358' title='bbox 237 3556 248 3571; x_wconf 65' lang='lat'>³</span> <span class='ocrx_word' id='word_1_359' title='bbox 272 3553 361 3586; x_wconf 79' lang='lat' dir='ltr'>Psal.</span> <span class='ocrx_word' id='word_1_360' title='bbox 381 3561 437 3594; x_wconf 67' lang='lat' dir='ltr'>XV,</span> <span class='ocrx_word' id='word_1_361' title='bbox 464 3556 514 3585; x_wconf 77' lang='lat'>11.</span> <span class='ocrx_word' id='word_1_362' title='bbox 538 3570 577 3577; x_wconf 91' lang='lat'>—</span> <span class='ocrx_word' id='word_1_363' title='bbox 601 3553 625 3574; x_wconf 83' lang='lat'>¹⁰</span> <span class='ocrx_word' id='word_1_364' title='bbox 646 3551 780 3591; x_wconf 58' lang='lat' dir='ltr'>Mami„</span> <span class='ocrx_word' id='word_1_365' title='bbox 797 3560 832 3593; x_wconf 80' lang='lat' dir='ltr'>x,</span> <span class='ocrx_word' id='word_1_366' title='bbox 852 3553 883 3584; x_wconf 93' lang='lat'>8.</span> <span class='ocrx_word' id='word_1_367' title='bbox 904 3569 944 3575; x_wconf 89' lang='lat'><em>—</em></span> <span class='ocrx_word' id='word_1_368' title='bbox 965 3552 987 3573; x_wconf 89' lang='lat'>¹¹</span> <span class='ocrx_word' id='word_1_369' title='bbox 1013 3551 1214 3594; x_wconf 73' lang='lat' dir='ltr'>T111·en.,1v‚</span> <span class='ocrx_word' id='word_1_370' title='bbox 1235 3554 1266 3583; x_wconf 76' lang='lat'>4.</span> 
     </span>
    </p>
   </div>
   <div class='ocr_carea' id='block_1_9' title="bbox 399 3624 588 3654">
    <p class='ocr_par' dir='ltr' id='par_1_11' title="bbox 399 3624 588 3654">
     <span class='ocr_line' id='line_1_49' title="bbox 399 3624 588 3654; baseline -0.005 -1"><span class='ocrx_word' id='word_1_371' title='bbox 399 3624 497 3654; x_wconf 70' lang='lat' dir='ltr'>Tou.</span> <span class='ocrx_word' id='word_1_372' title='bbox 526 3625 588 3653; x_wconf 82' lang='lat' dir='ltr'>IX.</span> 
     </span>
    </p>
   </div>
   <div class='ocr_carea' id='block_1_10' title="bbox 2221 246 2296 284">
    <p class='ocr_par' dir='ltr' id='par_1_12' title="bbox 2221 246 2296 284">
     <span class='ocr_line' id='line_1_50' title="bbox 2221 246 2296 284; baseline 0.027 -2"><span class='ocrx_word' id='word_1_373' title='bbox 2221 246 2296 284; x_wconf 81' lang='lat'>673</span> 
     </span>
    </p>
   </div>
   <div class='ocr_carea' id='block_1_11' title="bbox 1270 330 2371 1881">
    <p class='ocr_par' dir='ltr' id='par_1_13' title="bbox 1270 330 2371 1881">
     <span class='ocr_line' id='line_1_51' title="bbox 1270 330 2298 386; baseline -0.001 -11"><span class='ocrx_word' id='word_1_374' title='bbox 1270 344 1475 386; x_wconf 87' lang='lat' dir='ltr'>emosyna</span> <span class='ocrx_word' id='word_1_375' title='bbox 1493 331 1714 385; x_wconf 82' lang='lat' dir='ltr'>spirituali,</span> <span class='ocrx_word' id='word_1_376' title='bbox 1729 343 1827 385; x_wconf 88' lang='lat' dir='ltr'>quae</span> <span class='ocrx_word' id='word_1_377' title='bbox 1846 331 2034 374; x_wconf 83' lang='lat' dir='ltr'>consistit</span> <span class='ocrx_word' id='word_1_378' title='bbox 2052 332 2096 373; x_wconf 91' lang='lat' dir='ltr'>in</span> <span class='ocrx_word' id='word_1_379' title='bbox 2113 330 2298 374; x_wconf 89' lang='lat' dir='ltr'>instruc-</span> 
     </span>
     <span class='ocr_line' id='line_1_52' title="bbox 1271 402 2300 457; baseline -0.001 -12"><span class='ocrx_word' id='word_1_380' title='bbox 1271 405 1383 445; x_wconf 88' lang='lat' dir='ltr'>tione</span> <span class='ocrx_word' id='word_1_381' title='bbox 1403 403 1610 457; x_wconf 81' lang='lat' dir='ltr'>proximi3</span> <span class='ocrx_word' id='word_1_382' title='bbox 1630 403 1682 443; x_wconf 90' lang='lat' dir='ltr'>ad</span> <span class='ocrx_word' id='word_1_383' title='bbox 1702 415 1831 456; x_wconf 87' lang='lat' dir='ltr'>quam</span> <span class='ocrx_word' id='word_1_384' title='bbox 1844 402 2038 444; x_wconf 89' lang='lat' dir='ltr'>similiter</span> <span class='ocrx_word' id='word_1_385' title='bbox 2051 403 2300 445; x_wconf 86' lang='lat' dir='ltr'>exhortatur</span> 
     </span>
     <span class='ocr_line' id='line_1_53' title="bbox 1273 474 2302 522; baseline 0 -8"><span class='ocrx_word' id='word_1_386' title='bbox 1273 475 1324 514; x_wconf 85' lang='lat' dir='ltr'>ad</span> <span class='ocrx_word' id='word_1_387' title='bbox 1344 474 1531 515; x_wconf 90' lang='lat' dir='ltr'>dandum</span> <span class='ocrx_word' id='word_1_388' title='bbox 1551 474 1750 522; x_wconf 84' lang='lat' dir='ltr'>libenter,</span> <span class='ocrx_word' id='word_1_389' title='bbox 1775 474 1863 514; x_wconf 88' lang='lat' dir='ltr'>sive</span> <span class='ocrx_word' id='word_1_390' title='bbox 1883 474 2163 520; x_wconf 84' lang='lat' dir='ltr'>abundanter,</span> <span class='ocrx_word' id='word_1_391' title='bbox 2186 477 2227 515; x_wconf 89' lang='lat' dir='ltr'>et</span> <span class='ocrx_word' id='word_1_392' title='bbox 2241 474 2302 514; x_wconf 90' lang='lat' dir='ltr'>in-</span> 
     </span>
     <span class='ocr_line' id='line_1_54' title="bbox 1274 543 2304 597; baseline 0.002 -12"><span class='ocrx_word' id='word_1_393' title='bbox 1274 548 1485 586; x_wconf 87' lang='lat' dir='ltr'>cessanter</span> <span class='ocrx_word' id='word_1_394' title='bbox 1505 559 1513 586; x_wconf 90' lang='lat'>:</span> <span class='ocrx_word' id='word_1_395' title='bbox 1536 545 1733 595; x_wconf 77' lang='lat' dir='ltr'>libenter,</span> <span class='ocrx_word' id='word_1_396' title='bbox 1757 545 1823 585; x_wconf 89' lang='lat' dir='ltr'>vel</span> <span class='ocrx_word' id='word_1_397' title='bbox 1839 543 2090 597; x_wconf 77' lang='lat' dir='ltr'>liberaliter,</span> <span class='ocrx_word' id='word_1_398' title='bbox 2119 560 2216 587; x_wconf 83' lang='lat' dir='ltr'>cum</span> <span class='ocrx_word' id='word_1_399' title='bbox 2237 547 2304 587; x_wconf 91' lang='lat' dir='ltr'>di-</span> 
     </span>
     <span class='ocr_line' id='line_1_55' title="bbox 1276 617 2371 669; baseline 0.002 -13"><span class='ocrx_word' id='word_1_400' title='bbox 1276 617 1331 656; x_wconf 90' lang='lat' dir='ltr'>cit</span> <span class='ocrx_word' id='word_1_401' title='bbox 1354 630 1363 657; x_wconf 90' lang='lat'>:</span> <span class='ocrx_word' id='word_1_402' title='bbox 1387 617 1507 659; x_wconf 75' lang='lat' dir='ltr'>Mitte</span> <span class='ocrx_word' id='word_1_403' title='bbox 1524 627 1678 669; x_wconf 71' lang='lat' dir='ltr'>panem</span> <span class='ocrx_word' id='word_1_404' title='bbox 1698 622 1838 667; x_wconf 78' lang='lat' dir='ltr'>tuum,</span> <span class='ocrx_word' id='word_1_405' title='bbox 1857 617 1900 658; x_wconf 92' lang='lat' dir='ltr'>id</span> <span class='ocrx_word' id='word_1_406' title='bbox 1920 620 1996 668; x_wconf 91' lang='lat' dir='ltr'>est,</span> <span class='ocrx_word' id='word_1_407' title='bbox 2020 618 2152 669; x_wconf 80' lang='lat' dir='ltr'>gratis</span> <span class='ocrx_word' id='word_1_408' title='bbox 2173 618 2226 658; x_wconf 91' lang='lat' dir='ltr'>da</span> <span class='ocrx_word' id='word_1_409' title='bbox 2244 619 2271 643; x_wconf 88' lang='lat'>¹⁰</span> <span class='ocrx_word' id='word_1_410' title='bbox 2295 633 2305 657; x_wconf 75' lang='grc' dir='ltr'><em>τ</em></span> <span class='ocrx_word' id='word_1_411' title='bbox 2366 640 2371 645; x_wconf 96' lang='grc'><strong>-</strong></span> 
     </span>
     <span class='ocr_line' id='line_1_56' title="bbox 1284 687 2309 741; baseline 0.003 -15"><span class='ocrx_word' id='word_1_412' title='bbox 1284 687 1462 728; x_wconf 86' lang='lat' dir='ltr'>«Gratis</span> <span class='ocrx_word' id='word_1_413' title='bbox 1497 688 1734 741; x_wconf 87' lang='lat' dir='ltr'>accepistis,</span> <span class='ocrx_word' id='word_1_414' title='bbox 1775 688 1910 740; x_wconf 84' lang='lat' dir='ltr'>gratis</span> <span class='ocrx_word' id='word_1_415' title='bbox 1941 689 2049 730; x_wconf 89' lang='lat' dir='ltr'>date.</span> <span class='ocrx_word' id='word_1_416' title='bbox 2086 703 2104 727; x_wconf 70' lang='lat' dir='ltr'>n</span> <span class='ocrx_word' id='word_1_417' title='bbox 2130 689 2309 739; x_wconf 81' lang='lat' dir='ltr'>Panem,</span> 
     </span>
     <span class='ocr_line' id='line_1_57' title="bbox 1279 758 2312 812; baseline 0.001 -14"><span class='ocrx_word' id='word_1_418' title='bbox 1279 758 1449 808; x_wconf 90' lang='lat' dir='ltr'>scilicet,</span> <span class='ocrx_word' id='word_1_419' title='bbox 1466 758 1682 809; x_wconf 83' lang='lat' dir='ltr'>doctrinae,</span> <span class='ocrx_word' id='word_1_420' title='bbox 1700 758 1751 800; x_wconf 91' lang='lat' dir='ltr'>de</span> <span class='ocrx_word' id='word_1_421' title='bbox 1770 771 1856 812; x_wconf 86' lang='lat' dir='ltr'>quo</span> <span class='ocrx_word' id='word_1_422' title='bbox 1875 759 2029 800; x_wconf 91' lang='lat' dir='ltr'>dicitur</span> <span class='ocrx_word' id='word_1_423' title='bbox 2043 763 2068 785; x_wconf 90' lang='lat'>¹¹</span> <span class='ocrx_word' id='word_1_424' title='bbox 2089 758 2312 801; x_wconf 79' lang='lat' dir='ltr'>:c‹Parvuli</span> 
     </span>
     <span class='ocr_line' id='line_1_58' title="bbox 1280 829 2315 883; baseline 0 -13"><span class='ocrx_word' id='word_1_425' title='bbox 1280 829 1493 882; x_wconf 87' lang='lat' dir='ltr'>petierunt</span> <span class='ocrx_word' id='word_1_426' title='bbox 1512 841 1665 880; x_wconf 89' lang='lat' dir='ltr'>panem</span> <span class='ocrx_word' id='word_1_427' title='bbox 1678 861 1689 879; x_wconf 93' lang='lat'>,</span> <span class='ocrx_word' id='word_1_428' title='bbox 1721 832 1763 870; x_wconf 90' lang='lat' dir='ltr'>et</span> <span class='ocrx_word' id='word_1_429' title='bbox 1781 841 1868 870; x_wconf 89' lang='lat' dir='ltr'>non</span> <span class='ocrx_word' id='word_1_430' title='bbox 1885 833 1974 870; x_wconf 90' lang='lat' dir='ltr'>erat</span> <span class='ocrx_word' id='word_1_431' title='bbox 2004 830 2078 883; x_wconf 88' lang='lat' dir='ltr'>qui</span> <span class='ocrx_word' id='word_1_432' title='bbox 2097 831 2315 883; x_wconf 84' lang='lat' dir='ltr'>frangeret</span> 
     </span>
     <span class='ocr_line' id='line_1_59' title="bbox 1282 900 2313 953; baseline 0.003 -13"><span class='ocrx_word' id='word_1_433' title='bbox 1282 901 1390 941; x_wconf 84' lang='lat' dir='ltr'>eis.»</span> <span class='ocrx_word' id='word_1_434' title='bbox 1417 900 1557 951; x_wconf 75' lang='lat' dir='ltr'>Super</span> <span class='ocrx_word' id='word_1_435' title='bbox 1580 903 1846 942; x_wconf 74' lang='lat' dir='ltr'>transeuntes</span> <span class='ocrx_word' id='word_1_436' title='bbox 1870 911 2026 953; x_wconf 79' lang='lat' dir='ltr'>aquas,</span> <span class='ocrx_word' id='word_1_437' title='bbox 2048 901 2091 942; x_wconf 90' lang='lat' dir='ltr'>id</span> <span class='ocrx_word' id='word_1_438' title='bbox 2114 904 2190 953; x_wconf 88' lang='lat' dir='ltr'>est,</span> <span class='ocrx_word' id='word_1_439' title='bbox 2213 914 2313 943; x_wconf 86' lang='lat' dir='ltr'>cou-</span> 
     </span>
     <span class='ocr_line' id='line_1_60' title="bbox 1283 971 2319 1025; baseline 0.001 -13"><span class='ocrx_word' id='word_1_440' title='bbox 1283 973 1519 1012; x_wconf 90' lang='lat' dir='ltr'>temneutes</span> <span class='ocrx_word' id='word_1_441' title='bbox 1563 971 1676 1010; x_wconf 86' lang='lat' dir='ltr'>bona</span> <span class='ocrx_word' id='word_1_442' title='bbox 1711 971 1981 1023; x_wconf 88' lang='lat' dir='ltr'>temporalia,</span> <span class='ocrx_word' id='word_1_443' title='bbox 2018 972 2176 1025; x_wconf 90' lang='lat' dir='ltr'>quibus</span> <span class='ocrx_word' id='word_1_444' title='bbox 2220 973 2319 1014; x_wconf 88' lang='lat' dir='ltr'>solis</span> 
     </span>
     <span class='ocr_line' id='line_1_61' title="bbox 1286 1041 2315 1085; baseline -0.004 -1"><span class='ocrx_word' id='word_1_445' title='bbox 1286 1043 1439 1084; x_wconf 85' lang='lat' dir='ltr'>dicitur</span> <span class='ocrx_word' id='word_1_446' title='bbox 1460 1042 1489 1064; x_wconf 74' lang='lat'>¹²</span> <span class='ocrx_word' id='word_1_447' title='bbox 1512 1057 1520 1082; x_wconf 87' lang='lat'>:</span> <span class='ocrx_word' id='word_1_448' title='bbox 1550 1041 1722 1083; x_wconf 85' lang='lat' dir='ltr'>«Nolite</span> <span class='ocrx_word' id='word_1_449' title='bbox 1745 1044 1939 1083; x_wconf 90' lang='lat' dir='ltr'>sanctum</span> <span class='ocrx_word' id='word_1_450' title='bbox 1964 1042 2064 1083; x_wconf 90' lang='lat' dir='ltr'>dare</span> <span class='ocrx_word' id='word_1_451' title='bbox 2084 1043 2274 1085; x_wconf 89' lang='lat' dir='ltr'>canibus.</span> <span class='ocrx_word' id='word_1_452' title='bbox 2297 1058 2315 1081; x_wconf 70' lang='lat' dir='ltr'>n</span> 
     </span>
     <span class='ocr_line' id='line_1_62' title="bbox 1288 1113 2318 1166; baseline 0.001 -11"><span class='ocrx_word' id='word_1_453' title='bbox 1288 1113 1566 1155; x_wconf 89' lang='lat' dir='ltr'>Abundanter</span> <span class='ocrx_word' id='word_1_454' title='bbox 1588 1113 1718 1153; x_wconf 91' lang='lat' dir='ltr'>etiam</span> <span class='ocrx_word' id='word_1_455' title='bbox 1748 1113 2045 1166; x_wconf 87' lang='lat' dir='ltr'>dispensanda,</span> <span class='ocrx_word' id='word_1_456' title='bbox 2069 1114 2164 1155; x_wconf 91' lang='lat' dir='ltr'>ideo</span> <span class='ocrx_word' id='word_1_457' title='bbox 2187 1114 2287 1156; x_wconf 91' lang='lat' dir='ltr'>dicit</span> <span class='ocrx_word' id='word_1_458' title='bbox 2309 1130 2318 1156; x_wconf 80' lang='lat' dir='ltr'>z</span> 
     </span>
     <span class='ocr_line' id='line_1_63' title="bbox 1290 1184 2323 1237; baseline 0.001 -11"><span class='ocrx_word' id='word_1_459' title='bbox 1290 1185 1358 1226; x_wconf 80' lang='lat' dir='ltr'>Da</span> <span class='ocrx_word' id='word_1_460' title='bbox 1385 1187 1532 1236; x_wconf 72' lang='lat' dir='ltr'>parces</span> <span class='ocrx_word' id='word_1_461' title='bbox 1569 1188 1721 1236; x_wconf 78' lang='lat' dir='ltr'>septem</span> <span class='ocrx_word' id='word_1_462' title='bbox 1732 1199 1742 1234; x_wconf 92' lang='lat'>;</span> <span class='ocrx_word' id='word_1_463' title='bbox 1780 1184 2062 1237; x_wconf 81' lang='lat' dir='ltr'>intelligimus</span> <span class='ocrx_word' id='word_1_464' title='bbox 2089 1185 2323 1227; x_wconf 85' lang='lat' dir='ltr'>doctrinam</span> 
     </span>
     <span class='ocr_line' id='line_1_64' title="bbox 1292 1255 2325 1311; baseline 0 -12"><span class='ocrx_word' id='word_1_465' title='bbox 1292 1256 1446 1299; x_wconf 85' lang='lat' dir='ltr'>Christi</span> <span class='ocrx_word' id='word_1_466' title='bbox 1463 1256 1621 1298; x_wconf 87' lang='lat' dir='ltr'>Veteris</span> <span class='ocrx_word' id='word_1_467' title='bbox 1649 1255 1921 1308; x_wconf 87' lang='lat' dir='ltr'>Testamenti,</span> <span class='ocrx_word' id='word_1_468' title='bbox 1955 1257 2055 1310; x_wconf 85' lang='lat' dir='ltr'>quia</span> <span class='ocrx_word' id='word_1_469' title='bbox 2084 1257 2143 1298; x_wconf 90' lang='lat' dir='ltr'>ibi</span> <span class='ocrx_word' id='word_1_470' title='bbox 2176 1258 2325 1311; x_wconf 84' lang='lat' dir='ltr'>praeci-</span> 
     </span>
     <span class='ocr_line' id='line_1_65' title="bbox 1292 1327 2330 1382; baseline 0 -13"><span class='ocrx_word' id='word_1_471' title='bbox 1292 1329 1492 1382; x_wconf 89' lang='lat' dir='ltr'>piebatur</span> <span class='ocrx_word' id='word_1_472' title='bbox 1514 1328 1693 1381; x_wconf 89' lang='lat' dir='ltr'>septima</span> <span class='ocrx_word' id='word_1_473' title='bbox 1712 1327 1801 1368; x_wconf 91' lang='lat' dir='ltr'>dies</span> <span class='ocrx_word' id='word_1_474' title='bbox 1824 1328 2011 1379; x_wconf 83' lang='lat' dir='ltr'>servari3</span> <span class='ocrx_word' id='word_1_475' title='bbox 2032 1340 2107 1382; x_wconf 89' lang='lat' dir='ltr'>per</span> <span class='ocrx_word' id='word_1_476' title='bbox 2133 1334 2236 1379; x_wconf 79' lang='lat' dir='ltr'>octo,</span> <span class='ocrx_word' id='word_1_477' title='bbox 2263 1329 2330 1370; x_wconf 93' lang='lat' dir='ltr'>in-</span> 
     </span>
     <span class='ocr_line' id='line_1_66' title="bbox 1294 1398 2332 1454; baseline 0.001 -14"><span class='ocrx_word' id='word_1_478' title='bbox 1294 1400 1535 1452; x_wconf 84' lang='lat' dir='ltr'>lelligimus</span> <span class='ocrx_word' id='word_1_479' title='bbox 1555 1399 1790 1440; x_wconf 83' lang='lat' dir='ltr'>doctrinam</span> <span class='ocrx_word' id='word_1_480' title='bbox 1811 1398 1920 1440; x_wconf 89' lang='lat' dir='ltr'>Novi</span> <span class='ocrx_word' id='word_1_481' title='bbox 1940 1399 2209 1452; x_wconf 88' lang='lat' dir='ltr'>Testamenti,</span> <span class='ocrx_word' id='word_1_482' title='bbox 2231 1401 2332 1454; x_wconf 86' lang='lat' dir='ltr'>quia</span> 
     </span>
     <span class='ocr_line' id='line_1_67' title="bbox 1297 1471 2334 1525; baseline -0.001 -12"><span class='ocrx_word' id='word_1_483' title='bbox 1297 1475 1446 1514; x_wconf 85' lang='lat' dir='ltr'>octava</span> <span class='ocrx_word' id='word_1_484' title='bbox 1479 1472 1568 1513; x_wconf 91' lang='lat' dir='ltr'>dies</span> <span class='ocrx_word' id='word_1_485' title='bbox 1588 1471 1809 1513; x_wconf 89' lang='lat' dir='ltr'>observari</span> <span class='ocrx_word' id='word_1_486' title='bbox 1847 1471 2095 1524; x_wconf 76' lang='lat' dir='ltr'>praecipitur</span> <span class='ocrx_word' id='word_1_487' title='bbox 2119 1484 2129 1513; x_wconf 75' lang='grc' dir='ltr'><strong><em>ε</em></strong></span> <span class='ocrx_word' id='word_1_488' title='bbox 2157 1474 2199 1513; x_wconf 83' lang='grc' dir='ltr'>οῖ</span> <span class='ocrx_word' id='word_1_489' title='bbox 2234 1472 2334 1525; x_wconf 89' lang='lat' dir='ltr'>quia</span> 
     </span>
     <span class='ocr_line' id='line_1_68' title="bbox 1298 1543 2336 1597; baseline -0.001 -12"><span class='ocrx_word' id='word_1_490' title='bbox 1298 1556 1384 1586; x_wconf 90' lang='lat' dir='ltr'>non</span> <span class='ocrx_word' id='word_1_491' title='bbox 1429 1546 1566 1597; x_wconf 88' lang='lat' dir='ltr'>potest</span> <span class='ocrx_word' id='word_1_492' title='bbox 1612 1544 1742 1584; x_wconf 87' lang='lat' dir='ltr'>homo</span> <span class='ocrx_word' id='word_1_493' title='bbox 1788 1543 2053 1584; x_wconf 83' lang='lat' dir='ltr'>abundanter</span> <span class='ocrx_word' id='word_1_494' title='bbox 2101 1543 2336 1585; x_wconf 89' lang='lat' dir='ltr'>doctrinam</span> 
     </span>
     <span class='ocr_line' id='line_1_69' title="bbox 1301 1614 2334 1667; baseline -0.001 -11"><span class='ocrx_word' id='word_1_495' title='bbox 1301 1615 1636 1665; x_wconf 87' lang='lat' dir='ltr'>communicare,</span> <span class='ocrx_word' id='word_1_496' title='bbox 1650 1614 1733 1654; x_wconf 90' lang='lat' dir='ltr'>nisi</span> <span class='ocrx_word' id='word_1_497' title='bbox 1744 1614 1924 1667; x_wconf 89' lang='lat' dir='ltr'>desuper</span> <span class='ocrx_word' id='word_1_498' title='bbox 1942 1614 2186 1667; x_wconf 87' lang='lat' dir='ltr'>impleatur,</span> <span class='ocrx_word' id='word_1_499' title='bbox 2208 1614 2309 1655; x_wconf 81' lang='lat' dir='ltr'>dic-it</span> <span class='ocrx_word' id='word_1_500' title='bbox 2325 1629 2334 1655; x_wconf 74' lang='grc' dir='ltr'>ε</span> 
     </span>
     <span class='ocr_line' id='line_1_70' title="bbox 1305 1685 2338 1739; baseline 0.001 -12"><span class='ocrx_word' id='word_1_501' title='bbox 1305 1687 1352 1728; x_wconf 77' lang='lat' dir='ltr'>Si</span> <span class='ocrx_word' id='word_1_502' title='bbox 1372 1686 1555 1739; x_wconf 56' lang='lat' dir='ltr'>impletae</span> <span class='ocrx_word' id='word_1_503' title='bbox 1580 1686 1746 1737; x_wconf 67' lang='lat' dir='ltr'>fecerint</span> <span class='ocrx_word' id='word_1_504' title='bbox 1771 1685 1919 1736; x_wconf 75' lang='lat' dir='ltr'>nubeS,</span> <span class='ocrx_word' id='word_1_505' title='bbox 1945 1685 2120 1728; x_wconf 77' lang='lat' dir='ltr'>imbrem</span> <span class='ocrx_word' id='word_1_506' title='bbox 2143 1687 2338 1729; x_wconf 78' lang='lat' dir='ltr'>emittent</span> 
     </span>
     <span class='ocr_line' id='line_1_71' title="bbox 1304 1756 2340 1810; baseline -0.002 -12"><span class='ocrx_word' id='word_1_507' title='bbox 1304 1768 1430 1810; x_wconf 73' lang='lat' dir='ltr'>saper</span> <span class='ocrx_word' id='word_1_508' title='bbox 1482 1760 1654 1799; x_wconf 77' lang='lat' dir='ltr'>terram.</span> <span class='ocrx_word' id='word_1_509' title='bbox 1703 1756 1845 1797; x_wconf 92' lang='lat' dir='ltr'>Nubes</span> <span class='ocrx_word' id='word_1_510' title='bbox 1892 1759 1992 1797; x_wconf 89' lang='lat' dir='ltr'>sunt</span> <span class='ocrx_word' id='word_1_511' title='bbox 2044 1756 2340 1809; x_wconf 71' lang='lat' dir='ltr'>praedicatores</span> 
     </span>
     <span class='ocr_line' id='line_1_72' title="bbox 1306 1827 2341 1881; baseline -0.001 -13"><span class='ocrx_word' id='word_1_512' title='bbox 1306 1828 1420 1879; x_wconf 89' lang='lat' dir='ltr'>boni,</span> <span class='ocrx_word' id='word_1_513' title='bbox 1443 1828 1519 1881; x_wconf 84' lang='lat' dir='ltr'>qui</span> <span class='ocrx_word' id='word_1_514' title='bbox 1549 1828 1695 1869; x_wconf 88' lang='lat' dir='ltr'>volant</span> <span class='ocrx_word' id='word_1_515' title='bbox 1721 1828 1775 1869; x_wconf 92' lang='lat' dir='ltr'>ad</span> <span class='ocrx_word' id='word_1_516' title='bbox 1801 1827 1886 1868; x_wconf 88' lang='lat' dir='ltr'>alta</span> <span class='ocrx_word' id='word_1_517' title='bbox 1917 1839 1993 1881; x_wconf 91' lang='lat' dir='ltr'>per</span> <span class='ocrx_word' id='word_1_518' title='bbox 2025 1827 2341 1881; x_wconf 89' lang='lat' dir='ltr'>contemplatio-</span> 
     </span>
    </p>
   </div>
   <div class='ocr_carea' id='block_1_12' title="bbox 1307 1898 2348 2020">
    <p class='ocr_par' dir='ltr' id='par_1_14' title="bbox 1307 1898 2348 2020">
     <span class='ocr_line' id='line_1_73' title="bbox 1307 1898 2343 1952; baseline 0.001 -14"><span class='ocrx_word' id='word_1_519' title='bbox 1307 1911 1407 1939; x_wconf 92' lang='lat' dir='ltr'>nem</span> <span class='ocrx_word' id='word_1_520' title='bbox 1428 1899 1455 1923; x_wconf 76' lang='lat'>13</span> <span class='ocrx_word' id='word_1_521' title='bbox 1475 1914 1483 1938; x_wconf 91' lang='lat'><strong>:</strong></span> <span class='ocrx_word' id='word_1_522' title='bbox 1510 1914 1529 1937; x_wconf 85' lang='grc'>(1</span> <span class='ocrx_word' id='word_1_523' title='bbox 1550 1898 1630 1948; x_wconf 82' lang='lat' dir='ltr'>Qui</span> <span class='ocrx_word' id='word_1_524' title='bbox 1649 1901 1751 1940; x_wconf 91' lang='lat' dir='ltr'>sunt</span> <span class='ocrx_word' id='word_1_525' title='bbox 1769 1899 1830 1950; x_wconf 88' lang='lat' dir='ltr'>hi,</span> <span class='ocrx_word' id='word_1_526' title='bbox 1856 1899 1931 1952; x_wconf 89' lang='lat' dir='ltr'>qui</span> <span class='ocrx_word' id='word_1_527' title='bbox 1949 1901 1997 1939; x_wconf 91' lang='lat' dir='ltr'>ut</span> <span class='ocrx_word' id='word_1_528' title='bbox 2026 1899 2164 1939; x_wconf 88' lang='lat' dir='ltr'>nubes</span> <span class='ocrx_word' id='word_1_529' title='bbox 2182 1898 2343 1947; x_wconf 83' lang='lat' dir='ltr'>volant,</span> 
     </span>
     <span class='ocr_line' id='line_1_74' title="bbox 1310 1969 2348 2020; baseline 0 -10"><span class='ocrx_word' id='word_1_530' title='bbox 1310 1972 1351 2010; x_wconf 88' lang='lat' dir='ltr'>et</span> <span class='ocrx_word' id='word_1_531' title='bbox 1367 1970 1488 2020; x_wconf 69' lang='lat' dir='ltr'>quasi</span> <span class='ocrx_word' id='word_1_532' title='bbox 1512 1969 1722 2011; x_wconf 66' lang='lat' dir='ltr'>columbae</span> <span class='ocrx_word' id='word_1_533' title='bbox 1748 1970 1801 2011; x_wconf 91' lang='lat' dir='ltr'>ad</span> <span class='ocrx_word' id='word_1_534' title='bbox 1832 1970 2036 2011; x_wconf 88' lang='lat' dir='ltr'>fenestras</span> <span class='ocrx_word' id='word_1_535' title='bbox 2067 1971 2194 2011; x_wconf 81' lang='lat' dir='ltr'>suas?</span> <span class='ocrx_word' id='word_1_536' title='bbox 2221 1984 2241 2007; x_wconf 68' lang='lat'>³&gt;</span> <span class='ocrx_word' id='word_1_537' title='bbox 2273 1969 2348 2010; x_wconf 89' lang='lat' dir='ltr'>lsti</span> 
     </span>
    </p>
   </div>
   <div class='ocr_carea' id='block_1_13' title="bbox 1310 2040 2371 3378">
    <p class='ocr_par' dir='ltr' id='par_1_15' title="bbox 1310 2040 2362 2950">
     <span class='ocr_line' id='line_1_75' title="bbox 1310 2040 2351 2094; baseline 0 -14"><span class='ocrx_word' id='word_1_538' title='bbox 1310 2040 1527 2093; x_wconf 90' lang='lat' dir='ltr'>replentur</span> <span class='ocrx_word' id='word_1_539' title='bbox 1544 2053 1569 2081; x_wconf 88' lang='lat' dir='ltr'>a</span> <span class='ocrx_word' id='word_1_540' title='bbox 1589 2040 1768 2082; x_wconf 89' lang='lat' dir='ltr'>Domino</span> <span class='ocrx_word' id='word_1_541' title='bbox 1787 2041 1961 2082; x_wconf 86' lang='lat' dir='ltr'>scientia</span> <span class='ocrx_word' id='word_1_542' title='bbox 1982 2041 2009 2063; x_wconf 54' lang='grc' dir='ltr'>Γ*</span> <span class='ocrx_word' id='word_1_543' title='bbox 2032 2054 2077 2082; x_wconf 82' lang='lat' dir='ltr'>z«</span> <span class='ocrx_word' id='word_1_544' title='bbox 2095 2040 2267 2094; x_wconf 88' lang='lat' dir='ltr'>Repleta</span> <span class='ocrx_word' id='word_1_545' title='bbox 2287 2042 2351 2081; x_wconf 88' lang='lat' dir='ltr'>est</span> 
     </span>
     <span class='ocr_line' id='line_1_76' title="bbox 1312 2111 2346 2165; baseline 0 -13"><span class='ocrx_word' id='word_1_546' title='bbox 1312 2115 1425 2152; x_wconf 90' lang='lat' dir='ltr'>terra</span> <span class='ocrx_word' id='word_1_547' title='bbox 1442 2111 1615 2153; x_wconf 88' lang='lat' dir='ltr'>scientia</span> <span class='ocrx_word' id='word_1_548' title='bbox 1636 2114 1725 2161; x_wconf 89' lang='lat' dir='ltr'>tua,</span> <span class='ocrx_word' id='word_1_549' title='bbox 1743 2112 1852 2154; x_wconf 89' lang='lat' dir='ltr'>sicut</span> <span class='ocrx_word' id='word_1_550' title='bbox 1869 2125 1982 2165; x_wconf 87' lang='lat' dir='ltr'>aqua</span> <span class='ocrx_word' id='word_1_551' title='bbox 2000 2112 2130 2153; x_wconf 91' lang='lat' dir='ltr'>maris</span> <span class='ocrx_word' id='word_1_552' title='bbox 2150 2112 2346 2165; x_wconf 90' lang='lat' dir='ltr'>operien-</span> 
     </span>
     <span class='ocr_line' id='line_1_77' title="bbox 1312 2183 2352 2238; baseline 0 -13"><span class='ocrx_word' id='word_1_553' title='bbox 1312 2185 1387 2235; x_wconf 82' lang='lat' dir='ltr'>tis3</span> <span class='ocrx_word' id='word_1_554' title='bbox 1416 2199 1435 2222; x_wconf 75' lang='lat' dir='ltr'>n</span> <span class='ocrx_word' id='word_1_555' title='bbox 1458 2186 1499 2225; x_wconf 87' lang='lat' dir='ltr'>et</span> <span class='ocrx_word' id='word_1_556' title='bbox 1516 2184 1598 2224; x_wconf 90' lang='lat' dir='ltr'>hoc</span> <span class='ocrx_word' id='word_1_557' title='bbox 1617 2196 1693 2238; x_wconf 88' lang='lat' dir='ltr'>per</span> <span class='ocrx_word' id='word_1_558' title='bbox 1714 2183 1922 2237; x_wconf 89' lang='lat' dir='ltr'>Spiritum</span> <span class='ocrx_word' id='word_1_559' title='bbox 1936 2187 2132 2226; x_wconf 88' lang='lat' dir='ltr'>sanctum</span> <span class='ocrx_word' id='word_1_560' title='bbox 2151 2185 2179 2210; x_wconf 80' lang='lat'>¹⁵</span> <span class='ocrx_word' id='word_1_561' title='bbox 2202 2200 2210 2226; x_wconf 92' lang='lat'>:</span> <span class='ocrx_word' id='word_1_562' title='bbox 2229 2200 2249 2224; x_wconf 80' lang='grc'>11</span> <span class='ocrx_word' id='word_1_563' title='bbox 2262 2184 2352 2238; x_wconf 90' lang='lat' dir='ltr'>Spi-</span> 
     </span>
     <span class='ocr_line' id='line_1_78' title="bbox 1314 2256 2346 2309; baseline -0.001 -13"><span class='ocrx_word' id='word_1_564' title='bbox 1314 2258 1421 2297; x_wconf 86' lang='lat' dir='ltr'>ritus</span> <span class='ocrx_word' id='word_1_565' title='bbox 1459 2256 1625 2297; x_wconf 90' lang='lat' dir='ltr'>Domini</span> <span class='ocrx_word' id='word_1_566' title='bbox 1665 2256 1844 2309; x_wconf 87' lang='lat' dir='ltr'>replevit</span> <span class='ocrx_word' id='word_1_567' title='bbox 1880 2257 2027 2297; x_wconf 90' lang='lat' dir='ltr'>orbem</span> <span class='ocrx_word' id='word_1_568' title='bbox 2067 2259 2295 2297; x_wconf 90' lang='lat' dir='ltr'>terrarum.</span> <span class='ocrx_word' id='word_1_569' title='bbox 2327 2272 2346 2295; x_wconf 75' lang='lat' dir='ltr'>n</span> 
     </span>
     <span class='ocr_line' id='line_1_79' title="bbox 1317 2327 2356 2380; baseline 0 -12"><span class='ocrx_word' id='word_1_570' title='bbox 1317 2327 1413 2368; x_wconf 75' lang='lat' dir='ltr'>Istae</span> <span class='ocrx_word' id='word_1_571' title='bbox 1444 2327 1580 2368; x_wconf 90' lang='lat' dir='ltr'>nubes</span> <span class='ocrx_word' id='word_1_572' title='bbox 1607 2327 1780 2380; x_wconf 85' lang='lat' dir='ltr'>repletae</span> <span class='ocrx_word' id='word_1_573' title='bbox 1824 2327 2044 2368; x_wconf 85' lang='lat' dir='ltr'>effundent</span> <span class='ocrx_word' id='word_1_574' title='bbox 2076 2327 2280 2377; x_wconf 91' lang='lat' dir='ltr'>imbrem,</span> <span class='ocrx_word' id='word_1_575' title='bbox 2311 2327 2356 2368; x_wconf 90' lang='lat' dir='ltr'>id</span> 
     </span>
     <span class='ocr_line' id='line_1_80' title="bbox 1318 2397 2355 2451; baseline 0.001 -13"><span class='ocrx_word' id='word_1_576' title='bbox 1318 2401 1400 2447; x_wconf 91' lang='lat' dir='ltr'>est,</span> <span class='ocrx_word' id='word_1_577' title='bbox 1432 2398 1565 2439; x_wconf 86' lang='lat' dir='ltr'>divini</span> <span class='ocrx_word' id='word_1_578' title='bbox 1592 2398 1714 2439; x_wconf 90' lang='lat' dir='ltr'>verbi</span> <span class='ocrx_word' id='word_1_579' title='bbox 1739 2397 1976 2439; x_wconf 90' lang='lat' dir='ltr'>doctrinam</span> <span class='ocrx_word' id='word_1_580' title='bbox 2001 2398 2029 2423; x_wconf 75' lang='lat'>¹⁶</span> <span class='ocrx_word' id='word_1_581' title='bbox 2054 2412 2063 2439; x_wconf 92' lang='lat'><strong>:</strong></span> <span class='ocrx_word' id='word_1_582' title='bbox 2093 2414 2113 2437; x_wconf 88' lang='lat'>«</span> <span class='ocrx_word' id='word_1_583' title='bbox 2133 2398 2241 2451; x_wconf 83' lang='lat' dir='ltr'>lpse,</span> <span class='ocrx_word' id='word_1_584' title='bbox 2259 2401 2355 2439; x_wconf 87' lang='lat' dir='ltr'>tan-</span> 
     </span>
     <span class='ocr_line' id='line_1_81' title="bbox 1320 2469 2356 2522; baseline 0.001 -13"><span class='ocrx_word' id='word_1_585' title='bbox 1320 2482 1450 2522; x_wconf 89' lang='lat' dir='ltr'>quam</span> <span class='ocrx_word' id='word_1_586' title='bbox 1492 2469 1670 2520; x_wconf 91' lang='lat' dir='ltr'>imbres,</span> <span class='ocrx_word' id='word_1_587' title='bbox 1723 2469 1886 2510; x_wconf 89' lang='lat' dir='ltr'>emittet</span> <span class='ocrx_word' id='word_1_588' title='bbox 1930 2469 2100 2522; x_wconf 88' lang='lat' dir='ltr'>eloquia</span> <span class='ocrx_word' id='word_1_589' title='bbox 2138 2470 2356 2522; x_wconf 76' lang='lat' dir='ltr'>sapientiae</span> 
     </span>
     <span class='ocr_line' id='line_1_82' title="bbox 1320 2539 2355 2590; baseline -0.001 -9"><span class='ocrx_word' id='word_1_590' title='bbox 1320 2552 1425 2581; x_wconf 83' lang='lat' dir='ltr'>suae.</span> <span class='ocrx_word' id='word_1_591' title='bbox 1442 2555 1461 2578; x_wconf 81' lang='lat'>›&gt;</span> <span class='ocrx_word' id='word_1_592' title='bbox 1483 2539 1536 2581; x_wconf 89' lang='lat' dir='ltr'>Et</span> <span class='ocrx_word' id='word_1_593' title='bbox 1555 2541 1583 2565; x_wconf 82' lang='lat'>¹⁷</span> <span class='ocrx_word' id='word_1_594' title='bbox 1606 2555 1615 2581; x_wconf 91' lang='lat'>:</span> <span class='ocrx_word' id='word_1_595' title='bbox 1645 2555 1664 2579; x_wconf 82' lang='lat'>&lt;‹</span> <span class='ocrx_word' id='word_1_596' title='bbox 1685 2539 1776 2590; x_wconf 84' lang='lat' dir='ltr'>Quo</span> <span class='ocrx_word' id='word_1_597' title='bbox 1807 2540 1934 2581; x_wconf 90' lang='lat' dir='ltr'>modo</span> <span class='ocrx_word' id='word_1_598' title='bbox 1964 2540 2178 2581; x_wconf 88' lang='lat' dir='ltr'>descendit</span> <span class='ocrx_word' id='word_1_599' title='bbox 2203 2540 2355 2590; x_wconf 90' lang='lat' dir='ltr'>imber,</span> 
     </span>
     <span class='ocr_line' id='line_1_83' title="bbox 1321 2611 2359 2662; baseline -0.001 -10"><span class='ocrx_word' id='word_1_600' title='bbox 1321 2614 1363 2652; x_wconf 89' lang='lat' dir='ltr'>et</span> <span class='ocrx_word' id='word_1_601' title='bbox 1379 2612 1457 2652; x_wconf 83' lang='lat' dir='ltr'>nix</span> <span class='ocrx_word' id='word_1_602' title='bbox 1476 2612 1527 2652; x_wconf 93' lang='lat' dir='ltr'>de</span> <span class='ocrx_word' id='word_1_603' title='bbox 1546 2611 1667 2661; x_wconf 85' lang='lat' dir='ltr'>coelo,</span> <span class='ocrx_word' id='word_1_604' title='bbox 1690 2614 1731 2653; x_wconf 88' lang='lat' dir='ltr'>et</span> <span class='ocrx_word' id='word_1_605' title='bbox 1752 2612 1934 2653; x_wconf 90' lang='lat' dir='ltr'>inebriat</span> <span class='ocrx_word' id='word_1_606' title='bbox 1949 2614 2134 2662; x_wconf 89' lang='lat' dir='ltr'>terram,</span> <span class='ocrx_word' id='word_1_607' title='bbox 2155 2613 2196 2652; x_wconf 88' lang='lat' dir='ltr'>et</span> <span class='ocrx_word' id='word_1_608' title='bbox 2213 2611 2359 2652; x_wconf 88' lang='lat' dir='ltr'>infun-</span> 
     </span>
     <span class='ocr_line' id='line_1_84' title="bbox 1323 2683 2361 2736; baseline 0 -12"><span class='ocrx_word' id='word_1_609' title='bbox 1323 2683 1383 2725; x_wconf 86' lang='lat' dir='ltr'>dit</span> <span class='ocrx_word' id='word_1_610' title='bbox 1407 2695 1526 2734; x_wconf 90' lang='lat' dir='ltr'>eam,</span> <span class='ocrx_word' id='word_1_611' title='bbox 1567 2683 1628 2723; x_wconf 88' lang='lat' dir='ltr'>sic</span> <span class='ocrx_word' id='word_1_612' title='bbox 1664 2683 1745 2724; x_wconf 89' lang='lat' dir='ltr'>erit</span> <span class='ocrx_word' id='word_1_613' title='bbox 1779 2683 1961 2724; x_wconf 89' lang='lat' dir='ltr'>verbum</span> <span class='ocrx_word' id='word_1_614' title='bbox 1992 2695 2164 2732; x_wconf 90' lang='lat' dir='ltr'>meum,</span> <span class='ocrx_word' id='word_1_615' title='bbox 2185 2697 2204 2720; x_wconf 88' lang='grc'>»</span> <span class='ocrx_word' id='word_1_616' title='bbox 2232 2694 2361 2736; x_wconf 87' lang='lat' dir='ltr'>super</span> 
     </span>
     <span class='ocr_line' id='line_1_85' title="bbox 1323 2753 2362 2795; baseline -0.002 0"><span class='ocrx_word' id='word_1_617' title='bbox 1323 2757 1481 2795; x_wconf 88' lang='lat' dir='ltr'>terram</span> <span class='ocrx_word' id='word_1_618' title='bbox 1499 2754 1635 2795; x_wconf 86' lang='lat' dir='ltr'>cordis</span> <span class='ocrx_word' id='word_1_619' title='bbox 1655 2754 1708 2795; x_wconf 87' lang='lat' dir='ltr'>ad</span> <span class='ocrx_word' id='word_1_620' title='bbox 1725 2753 2068 2795; x_wconf 84' lang='lat' dir='ltr'>fructificandum</span> <span class='ocrx_word' id='word_1_621' title='bbox 2089 2755 2119 2780; x_wconf 84' lang='lat'>¹⁸</span> <span class='ocrx_word' id='word_1_622' title='bbox 2145 2768 2154 2794; x_wconf 75' lang='grc' dir='ltr'>ε</span> <span class='ocrx_word' id='word_1_623' title='bbox 2185 2769 2205 2793; x_wconf 80' lang='grc'>11</span> <span class='ocrx_word' id='word_1_624' title='bbox 2232 2753 2362 2794; x_wconf 87' lang='lat' dir='ltr'>Terra</span> 
     </span>
     <span class='ocr_line' id='line_1_86' title="bbox 1327 2824 2360 2878; baseline 0 -12"><span class='ocrx_word' id='word_1_625' title='bbox 1327 2837 1455 2878; x_wconf 84' lang='lat' dir='ltr'>super</span> <span class='ocrx_word' id='word_1_626' title='bbox 1471 2837 1515 2866; x_wconf 91' lang='lat' dir='ltr'>se</span> <span class='ocrx_word' id='word_1_627' title='bbox 1531 2824 1775 2866; x_wconf 88' lang='lat' dir='ltr'>venientem</span> <span class='ocrx_word' id='word_1_628' title='bbox 1809 2824 1960 2866; x_wconf 90' lang='lat' dir='ltr'>bibens</span> <span class='ocrx_word' id='word_1_629' title='bbox 1983 2825 2180 2877; x_wconf 91' lang='lat' dir='ltr'>imbrem,</span> <span class='ocrx_word' id='word_1_630' title='bbox 2200 2826 2243 2867; x_wconf 86' lang='lat' dir='ltr'>et</span> <span class='ocrx_word' id='word_1_631' title='bbox 2260 2837 2360 2878; x_wconf 89' lang='lat' dir='ltr'>pro-</span> 
     </span>
     <span class='ocr_line' id='line_1_87' title="bbox 1327 2896 1930 2950; baseline -0.003 -14"><span class='ocrx_word' id='word_1_632' title='bbox 1327 2898 1466 2938; x_wconf 83' lang='lat' dir='ltr'>ferens</span> <span class='ocrx_word' id='word_1_633' title='bbox 1484 2899 1643 2937; x_wconf 90' lang='lat' dir='ltr'>terram</span> <span class='ocrx_word' id='word_1_634' title='bbox 1670 2896 1892 2950; x_wconf 88' lang='lat' dir='ltr'>optimam.</span> <span class='ocrx_word' id='word_1_635' title='bbox 1910 2911 1930 2934; x_wconf 84' lang='grc'>»</span> 
     </span>
    </p>

    <p class='ocr_par' dir='ltr' id='par_1_16' title="bbox 1331 2968 2371 3378">
     <span class='ocr_line' id='line_1_88' title="bbox 1382 2968 2365 3023; baseline 0.001 -14"><span class='ocrx_word' id='word_1_636' title='bbox 1382 2968 1644 3010; x_wconf 89' lang='lat' dir='ltr'>Incessanter</span> <span class='ocrx_word' id='word_1_637' title='bbox 1675 2969 1804 3010; x_wconf 90' lang='lat' dir='ltr'>etiam</span> <span class='ocrx_word' id='word_1_638' title='bbox 1832 2973 1895 3010; x_wconf 89' lang='lat' dir='ltr'>est</span> <span class='ocrx_word' id='word_1_639' title='bbox 1930 2969 2228 3023; x_wconf 83' lang='lat' dir='ltr'>dispensanda;</span> <span class='ocrx_word' id='word_1_640' title='bbox 2271 2969 2365 3011; x_wconf 89' lang='lat' dir='ltr'>ideo</span> 
     </span>
     <span class='ocr_line' id='line_1_89' title="bbox 1331 3040 2363 3091; baseline 0.001 -11"><span class='ocrx_word' id='word_1_641' title='bbox 1331 3040 1430 3081; x_wconf 86' lang='lat' dir='ltr'>dicit</span> <span class='ocrx_word' id='word_1_642' title='bbox 1450 3054 1459 3081; x_wconf 75' lang='grc' dir='ltr'>ι</span> <span class='ocrx_word' id='word_1_643' title='bbox 1486 3040 1567 3087; x_wconf 76' lang='lat' dir='ltr'>Qui</span> <span class='ocrx_word' id='word_1_644' title='bbox 1582 3040 1825 3083; x_wconf 77' lang='lat' dir='ltr'>considerat</span> <span class='ocrx_word' id='word_1_645' title='bbox 1843 3044 2031 3091; x_wconf 77' lang='lat' dir='ltr'>ventu-m,</span> <span class='ocrx_word' id='word_1_646' title='bbox 2059 3050 2146 3083; x_wconf 78' lang='grc' dir='ltr'>ηοη</span> <span class='ocrx_word' id='word_1_647' title='bbox 2163 3041 2363 3082; x_wconf 77' lang='lat' dir='ltr'>seminat.</span> 
     </span>
     <span class='ocr_line' id='line_1_90' title="bbox 1332 3110 2364 3164; baseline -0.002 -11"><span class='ocrx_word' id='word_1_648' title='bbox 1332 3110 1574 3162; x_wconf 86' lang='lat' dir='ltr'>Seminare,</span> <span class='ocrx_word' id='word_1_649' title='bbox 1613 3113 1675 3152; x_wconf 90' lang='lat' dir='ltr'>est</span> <span class='ocrx_word' id='word_1_650' title='bbox 1708 3111 1890 3153; x_wconf 87' lang='lat' dir='ltr'>verbum</span> <span class='ocrx_word' id='word_1_651' title='bbox 1924 3110 1997 3151; x_wconf 92' lang='lat' dir='ltr'>Dei</span> <span class='ocrx_word' id='word_1_652' title='bbox 2035 3110 2265 3164; x_wconf 85' lang='lat' dir='ltr'>praedicare</span> <span class='ocrx_word' id='word_1_653' title='bbox 2292 3111 2321 3142; x_wconf 69' lang='lat'>³⁹</span> <span class='ocrx_word' id='word_1_654' title='bbox 2355 3125 2364 3151; x_wconf 77' lang='grc' dir='ltr'>ε</span> 
     </span>
     <span class='ocr_line' id='line_1_91' title="bbox 1340 3181 2363 3235; baseline -0.002 -14"><span class='ocrx_word' id='word_1_655' title='bbox 1340 3198 1359 3221; x_wconf 82' lang='grc'>(1</span> <span class='ocrx_word' id='word_1_656' title='bbox 1375 3182 1504 3234; x_wconf 81' lang='lat' dir='ltr'>Exiit,</span> <span class='ocrx_word' id='word_1_657' title='bbox 1523 3182 1596 3235; x_wconf 88' lang='lat' dir='ltr'>qui</span> <span class='ocrx_word' id='word_1_658' title='bbox 1608 3181 1802 3232; x_wconf 81' lang='lat' dir='ltr'>seminat,</span> <span class='ocrx_word' id='word_1_659' title='bbox 1816 3181 2025 3222; x_wconf 88' lang='lat' dir='ltr'>seminare</span> <span class='ocrx_word' id='word_1_660' title='bbox 2039 3193 2184 3223; x_wconf 91' lang='lat' dir='ltr'>semen</span> <span class='ocrx_word' id='word_1_661' title='bbox 2195 3193 2363 3232; x_wconf 73' lang='lat' dir='ltr'>suum;n</span> 
     </span>
     <span class='ocr_line' id='line_1_92' title="bbox 1339 3251 2371 3307; baseline -0.004 -11"><span class='ocrx_word' id='word_1_662' title='bbox 1339 3257 1380 3296; x_wconf 91' lang='lat' dir='ltr'>et</span> <span class='ocrx_word' id='word_1_663' title='bbox 1399 3257 1493 3307; x_wconf 87' lang='lat' dir='ltr'>post</span> <span class='ocrx_word' id='word_1_664' title='bbox 1516 3269 1524 3294; x_wconf 93' lang='lat'>:</span> <span class='ocrx_word' id='word_1_665' title='bbox 1551 3268 1570 3292; x_wconf 82' lang='lat'>&lt;‹</span> <span class='ocrx_word' id='word_1_666' title='bbox 1592 3253 1747 3294; x_wconf 87' lang='lat' dir='ltr'>Semen</span> <span class='ocrx_word' id='word_1_667' title='bbox 1768 3256 1831 3293; x_wconf 87' lang='lat' dir='ltr'>est</span> <span class='ocrx_word' id='word_1_668' title='bbox 1850 3253 2034 3294; x_wconf 90' lang='lat' dir='ltr'>verbum</span> <span class='ocrx_word' id='word_1_669' title='bbox 2054 3253 2142 3293; x_wconf 92' lang='lat' dir='ltr'>Dei.</span> <span class='ocrx_word' id='word_1_670' title='bbox 2163 3268 2183 3290; x_wconf 89' lang='lat'>»</span> <span class='ocrx_word' id='word_1_671' title='bbox 2210 3251 2371 3294; x_wconf 87' lang='lat' dir='ltr'>Ventus</span> 
     </span>
     <span class='ocr_line' id='line_1_93' title="bbox 1337 3324 2369 3378; baseline -0.002 -11"><span class='ocrx_word' id='word_1_672' title='bbox 1337 3327 1416 3367; x_wconf 89' lang='lat' dir='ltr'>iste</span> <span class='ocrx_word' id='word_1_673' title='bbox 1430 3329 1491 3367; x_wconf 88' lang='lat' dir='ltr'>est</span> <span class='ocrx_word' id='word_1_674' title='bbox 1509 3328 1662 3366; x_wconf 89' lang='lat' dir='ltr'>ventus</span> <span class='ocrx_word' id='word_1_675' title='bbox 1681 3324 1962 3375; x_wconf 87' lang='lat' dir='ltr'>detractionis,</span> <span class='ocrx_word' id='word_1_676' title='bbox 1978 3325 2029 3366; x_wconf 89' lang='lat' dir='ltr'>de</span> <span class='ocrx_word' id='word_1_677' title='bbox 2042 3336 2127 3378; x_wconf 88' lang='lat' dir='ltr'>quo</span> <span class='ocrx_word' id='word_1_678' title='bbox 2145 3324 2298 3366; x_wconf 88' lang='lat' dir='ltr'>dicitur</span> <span class='ocrx_word' id='word_1_679' title='bbox 2315 3327 2369 3365; x_wconf 78' lang='lat'>²0:</span> 
     </span>
    </p>
   </div>
   <div class='ocr_carea' id='block_1_14' title="bbox 1341 3408 2375 3592">
    <p class='ocr_par' dir='ltr' id='par_1_17' title="bbox 1341 3408 2375 3592">
     <span class='ocr_line' id='line_1_94' title="bbox 1341 3408 2374 3450; baseline -0.003 -9"><span class='ocrx_word' id='word_1_680' title='bbox 1341 3428 1380 3433; x_wconf 94' lang='lat'><strong>—</strong></span> <span class='ocrx_word' id='word_1_681' title='bbox 1403 3410 1428 3431; x_wconf 75' lang='lat'>¹²</span> <span class='ocrx_word' id='word_1_682' title='bbox 1446 3409 1583 3449; x_wconf 65' lang='lat' dir='ltr'>Mami„</span> <span class='ocrx_word' id='word_1_683' title='bbox 1603 3417 1663 3449; x_wconf 87' lang='lat' dir='ltr'>vu,</span> <span class='ocrx_word' id='word_1_684' title='bbox 1682 3410 1714 3440; x_wconf 89' lang='grc'>6.</span> <span class='ocrx_word' id='word_1_685' title='bbox 1729 3425 1770 3431; x_wconf 89' lang='grc'>-</span> <span class='ocrx_word' id='word_1_686' title='bbox 1789 3408 1815 3430; x_wconf 83' lang='lat'>¹³</span> <span class='ocrx_word' id='word_1_687' title='bbox 1833 3408 1911 3448; x_wconf 63' lang='lat' dir='ltr'>lsa„</span> <span class='ocrx_word' id='word_1_688' title='bbox 1930 3415 1986 3449; x_wconf 82' lang='lat' dir='ltr'>Lx,</span> <span class='ocrx_word' id='word_1_689' title='bbox 2008 3410 2039 3440; x_wconf 92' lang='lat'>8.</span> <span class='ocrx_word' id='word_1_690' title='bbox 2054 3425 2095 3432; x_wconf 91' lang='grc'><strong>-</strong></span> <span class='ocrx_word' id='word_1_691' title='bbox 2115 3409 2142 3431; x_wconf 83' lang='lat'>¹¹·</span> <span class='ocrx_word' id='word_1_692' title='bbox 2161 3408 2261 3450; x_wconf 64' lang='lat' dir='ltr'>ibid„</span> <span class='ocrx_word' id='word_1_693' title='bbox 2278 3417 2328 3450; x_wconf 80' lang='lat' dir='ltr'>xi,</span> <span class='ocrx_word' id='word_1_694' title='bbox 2344 3412 2374 3440; x_wconf 78' lang='grc'>9,</span> 
     </span>
     <span class='ocr_line' id='line_1_95' title="bbox 1341 3455 2374 3498; baseline 0 -10"><span class='ocrx_word' id='word_1_695' title='bbox 1341 3475 1380 3482; x_wconf 94' lang='lat'>-</span> <span class='ocrx_word' id='word_1_696' title='bbox 1402 3458 1430 3479; x_wconf 82' lang='lat'>¹⁵</span> <span class='ocrx_word' id='word_1_697' title='bbox 1448 3457 1539 3497; x_wconf 66' lang='lat' dir='ltr'>Sap„</span> <span class='ocrx_word' id='word_1_698' title='bbox 1563 3465 1592 3498; x_wconf 85' lang='lat'>1,</span> <span class='ocrx_word' id='word_1_699' title='bbox 1612 3459 1644 3488; x_wconf 77' lang='grc'>7.</span> <span class='ocrx_word' id='word_1_700' title='bbox 1663 3473 1706 3479; x_wconf 89' lang='grc'>-</span> <span class='ocrx_word' id='word_1_701' title='bbox 1730 3456 1757 3478; x_wconf 80' lang='lat'>¹⁶</span> <span class='ocrx_word' id='word_1_702' title='bbox 1774 3455 1894 3493; x_wconf 75' lang='lat' dir='ltr'>Eccli„</span> <span class='ocrx_word' id='word_1_703' title='bbox 1914 3463 2042 3496; x_wconf 73' lang='lat' dir='ltr'>xxxix,</span> <span class='ocrx_word' id='word_1_704' title='bbox 2061 3458 2092 3488; x_wconf 83' lang='lat'>9.</span> <span class='ocrx_word' id='word_1_705' title='bbox 2113 3473 2156 3480; x_wconf 89' lang='lat'>—</span> <span class='ocrx_word' id='word_1_706' title='bbox 2176 3457 2198 3476; x_wconf 89' lang='lat'>¹⁷</span> <span class='ocrx_word' id='word_1_707' title='bbox 2222 3457 2299 3493; x_wconf 75' lang='lat' dir='ltr'>isa..</span> <span class='ocrx_word' id='word_1_708' title='bbox 2322 3465 2374 3495; x_wconf 59' lang='grc' dir='ltr'>ω’,</span> 
     </span>
     <span class='ocr_line' id='line_1_96' title="bbox 1344 3503 2375 3544; baseline -0.003 -7"><span class='ocrx_word' id='word_1_709' title='bbox 1344 3508 1394 3537; x_wconf 77' lang='lat'>10.</span> <span class='ocrx_word' id='word_1_710' title='bbox 1414 3521 1449 3527; x_wconf 91' lang='lat'>-</span> <span class='ocrx_word' id='word_1_711' title='bbox 1471 3503 1622 3544; x_wconf 80' lang='lat' dir='ltr'>¹⁸Hebr.‚</span> <span class='ocrx_word' id='word_1_712' title='bbox 1643 3511 1691 3544; x_wconf 80' lang='lat' dir='ltr'>vl,</span> <span class='ocrx_word' id='word_1_713' title='bbox 1714 3504 1745 3534; x_wconf 83' lang='lat'>7.</span> <span class='ocrx_word' id='word_1_714' title='bbox 1766 3519 1806 3526; x_wconf 89' lang='lat'>—</span> <span class='ocrx_word' id='word_1_715' title='bbox 1823 3503 1850 3524; x_wconf 73' lang='lat'>¹²·</span> <span class='ocrx_word' id='word_1_716' title='bbox 1871 3503 2058 3543; x_wconf 78' lang='lat' dir='ltr'>Luc.‚vi11,</span> <span class='ocrx_word' id='word_1_717' title='bbox 2079 3506 2111 3544; x_wconf 85' lang='lat'>5,</span> <span class='ocrx_word' id='word_1_718' title='bbox 2133 3507 2184 3536; x_wconf 87' lang='lat'>11.</span> <span class='ocrx_word' id='word_1_719' title='bbox 2202 3521 2238 3526; x_wconf 96' lang='lat'><em>-</em></span> <span class='ocrx_word' id='word_1_720' title='bbox 2258 3504 2288 3525; x_wconf 82' lang='lat'>²⁰</span> <span class='ocrx_word' id='word_1_721' title='bbox 2305 3503 2375 3541; x_wconf 59' lang='lat' dir='ltr'>Joe</span> 
     </span>
     <span class='ocr_line' id='line_1_97' title="bbox 1345 3549 2000 3592; baseline -0.002 -10"><span class='ocrx_word' id='word_1_722' title='bbox 1345 3559 1369 3592; x_wconf 83' lang='lat'>1,</span> <span class='ocrx_word' id='word_1_723' title='bbox 1390 3553 1488 3584; x_wconf 81' lang='lat'><strong>19.—</strong></span> <span class='ocrx_word' id='word_1_724' title='bbox 1511 3551 1556 3592; x_wconf 81' lang='lat' dir='ltr'>(a)</span> <span class='ocrx_word' id='word_1_725' title='bbox 1577 3550 1678 3592; x_wconf 81' lang='lat' dir='ltr'>Vulg.</span> <span class='ocrx_word' id='word_1_726' title='bbox 1699 3559 1766 3582; x_wconf 87' lang='lat' dir='ltr'>non</span> <span class='ocrx_word' id='word_1_727' title='bbox 1784 3549 1887 3582; x_wconf 85' lang='lat' dir='ltr'>habet</span> <span class='ocrx_word' id='word_1_728' title='bbox 1907 3550 2000 3581; x_wconf 70' lang='lat' dir='ltr'>meix.</span> 
     </span>
    </p>
   </div>
   <div class='ocr_carea' id='block_1_15' title="bbox 2173 3613 2224 3650">
    <p class='ocr_par' dir='ltr' id='par_1_18' title="bbox 2173 3613 2224 3650">
     <span class='ocr_line' id='line_1_98' title="bbox 2173 3613 2224 3650; baseline 0.02 -1"><span class='ocrx_word' id='word_1_729' title='bbox 2173 3613 2224 3650; x_wconf 71' lang='lat'>43</span> 
     </span>
    </p>
   </div>
  </div>
 </body>
</html>
