<?xml version="1.0" encoding="UTF-8"?>
<!DOCTYPE html PUBLIC "-//W3C//DTD XHTML 1.0 Transitional//EN"
    "http://www.w3.org/TR/xhtml1/DTD/xhtml1-transitional.dtd">
<html xmlns="http://www.w3.org/1999/xhtml" xml:lang="en" lang="en">
 <head>
  <title>
</title>
<meta http-equiv="Content-Type" content="text/html;charset=utf-8" />
  <meta name='ocr-system' content='tesseract 3.04.00' />
  <meta name='ocr-capabilities' content='ocr_page ocr_carea ocr_par ocr_line ocrx_word'/>
</head>
<body>
  <div class='ocr_page' id='page_1' title='image "./operaomniasixtiv09bonauoft_0413.png"; bbox 0 0 2633 3878; ppageno 0'>
   <div class='ocr_carea' id='block_1_1' title="bbox 1105 212 2392 260">
    <p class='ocr_par' dir='ltr' id='par_1_1' title="bbox 1105 212 2392 260">
     <span class='ocr_line' id='line_1_1' title="bbox 1105 212 2392 260; baseline 0.005 -6"><span class='ocrx_word' id='word_1_1' title='bbox 1105 212 1349 255; x_wconf 86' lang='lat' dir='ltr'>PSALMUS</span> <span class='ocrx_word' id='word_1_2' title='bbox 1380 213 1552 255; x_wconf 87' lang='lat' dir='ltr'><strong>CXViii.</strong></span> <span class='ocrx_word' id='word_1_3' title='bbox 2321 222 2392 260; x_wconf 83' lang='lat'><strong>381</strong></span> 
     </span>
    </p>
   </div>
   <div class='ocr_carea' id='block_1_2' title="bbox 223 302 1293 979">
    <p class='ocr_par' dir='ltr' id='par_1_2' title="bbox 223 302 1293 979">
     <span class='ocr_line' id='line_1_2' title="bbox 257 302 1291 353; baseline -0.003 -11"><span class='ocrx_word' id='word_1_4' title='bbox 257 305 345 348; x_wconf 86' lang='lat' dir='ltr'><strong>illa,</strong></span> <span class='ocrx_word' id='word_1_5' title='bbox 381 316 461 353; x_wconf 89' lang='lat' dir='ltr'><strong>qua</strong></span> <span class='ocrx_word' id='word_1_6' title='bbox 498 303 731 353; x_wconf 82' lang='lat' dir='ltr'>perspicitur</span> <span class='ocrx_word' id='word_1_7' title='bbox 767 303 808 340; x_wconf 89' lang='lat' dir='ltr'><strong>in</strong></span> <span class='ocrx_word' id='word_1_8' title='bbox 845 302 1043 339; x_wconf 90' lang='lat' dir='ltr'><strong>mandatis</strong></span> <span class='ocrx_word' id='word_1_9' title='bbox 1081 302 1291 339; x_wconf 90' lang='lat' dir='ltr'><strong>consilium</strong></span> 
     </span>
     <span class='ocr_line' id='line_1_3' title="bbox 257 365 1291 414; baseline -0.003 -10"><span class='ocrx_word' id='word_1_10' title='bbox 257 368 514 406; x_wconf 85' lang='lat' dir='ltr'><strong>mandatoris.</strong></span> <span class='ocrx_word' id='word_1_11' title='bbox 537 367 655 414; x_wconf 75' lang='lat' dir='ltr'><strong>liuJus</strong></span> <span class='ocrx_word' id='word_1_12' title='bbox 675 365 926 414; x_wconf 76' lang='lat' dir='ltr'>perspicaciae</span> <span class='ocrx_word' id='word_1_13' title='bbox 945 365 1185 402; x_wconf 83' lang='lat' dir='ltr'><strong>beneficium</strong></span> <span class='ocrx_word' id='word_1_14' title='bbox 1203 365 1291 402; x_wconf 88' lang='lat' dir='ltr'><strong>insi-</strong></span> 
     </span>
     <span class='ocr_line' id='line_1_4' title="bbox 223 428 1291 477; baseline -0.005 -8"><span class='ocrx_word' id='word_1_15' title='bbox 223 461 226 465; x_wconf 90' lang='lat'><strong>.</strong></span> <span class='ocrx_word' id='word_1_16' title='bbox 255 435 350 469; x_wconf 89' lang='lat' dir='ltr'><strong>nuat</strong></span> <span class='ocrx_word' id='word_1_17' title='bbox 369 432 438 470; x_wconf 89' lang='lat' dir='ltr'><strong>iste</strong></span> <span class='ocrx_word' id='word_1_18' title='bbox 459 442 595 469; x_wconf 88' lang='lat' dir='ltr'><strong>versus</strong></span> <span class='ocrx_word' id='word_1_19' title='bbox 603 458 614 477; x_wconf 94' lang='lat'><strong>,</strong></span> <span class='ocrx_word' id='word_1_20' title='bbox 636 428 841 466; x_wconf 91' lang='lat' dir='ltr'><strong>innuendo</strong></span> <span class='ocrx_word' id='word_1_21' title='bbox 863 430 1035 476; x_wconf 89' lang='lat' dir='ltr'><strong>quatuor</strong></span> <span class='ocrx_word' id='word_1_22' title='bbox 1066 428 1207 465; x_wconf 88' lang='lat' dir='ltr'><strong>mentis</strong></span> <span class='ocrx_word' id='word_1_23' title='bbox 1227 438 1291 465; x_wconf 91' lang='lat' dir='ltr'><strong>ac-</strong></span> 
     </span>
     <span class='ocr_line' id='line_1_5' title="bbox 256 490 1291 542; baseline -0.002 -12"><span class='ocrx_word' id='word_1_24' title='bbox 256 497 338 541; x_wconf 88' lang='lat' dir='ltr'><strong>tus,</strong></span> <span class='ocrx_word' id='word_1_25' title='bbox 359 495 427 542; x_wconf 85' lang='lat' dir='ltr'><strong>qui</strong></span> <span class='ocrx_word' id='word_1_26' title='bbox 447 496 537 531; x_wconf 86' lang='lat' dir='ltr'><strong>sunt</strong></span> <span class='ocrx_word' id='word_1_27' title='bbox 555 492 771 541; x_wconf 87' lang='lat' dir='ltr'><strong>appetitus,</strong></span> <span class='ocrx_word' id='word_1_28' title='bbox 789 491 989 538; x_wconf 82' lang='lat' dir='ltr'><strong>introitus,</strong></span> <span class='ocrx_word' id='word_1_29' title='bbox 1011 491 1193 537; x_wconf 85' lang='lat' dir='ltr'><strong>intuitus,</strong></span> <span class='ocrx_word' id='word_1_30' title='bbox 1214 490 1291 528; x_wconf 92' lang='lat' dir='ltr'><strong>ob·</strong></span> 
     </span>
     <span class='ocr_line' id='line_1_6' title="bbox 256 553 1290 604; baseline -0.004 -10"><span class='ocrx_word' id='word_1_31' title='bbox 256 559 395 594; x_wconf 89' lang='lat' dir='ltr'><strong>tentus.</strong></span> <span class='ocrx_word' id='word_1_32' title='bbox 418 555 642 604; x_wconf 88' lang='lat' dir='ltr'><strong>Disponitur</strong></span> <span class='ocrx_word' id='word_1_33' title='bbox 661 565 836 602; x_wconf 90' lang='lat' dir='ltr'><strong>namque</strong></span> <span class='ocrx_word' id='word_1_34' title='bbox 862 564 995 601; x_wconf 91' lang='lat' dir='ltr'><strong>mens,</strong></span> <span class='ocrx_word' id='word_1_35' title='bbox 1016 556 1208 602; x_wconf 82' lang='lat' dir='ltr'><strong>tanquam</strong></span> <span class='ocrx_word' id='word_1_36' title='bbox 1228 553 1290 590; x_wconf 91' lang='lat' dir='ltr'><strong>in-</strong></span> 
     </span>
     <span class='ocr_line' id='line_1_7' title="bbox 254 616 1293 667; baseline -0.004 -10"><span class='ocrx_word' id='word_1_37' title='bbox 254 619 388 657; x_wconf 88' lang='lat' dir='ltr'><strong>venire</strong></span> <span class='ocrx_word' id='word_1_38' title='bbox 422 619 611 667; x_wconf 88' lang='lat' dir='ltr'><strong>cupiens,</strong></span> <span class='ocrx_word' id='word_1_39' title='bbox 637 616 850 665; x_wconf 88' lang='lat' dir='ltr'><strong>imperium</strong></span> <span class='ocrx_word' id='word_1_40' title='bbox 883 616 1135 664; x_wconf 74' lang='lat' dir='ltr'><strong>ingredIens,</strong></span> <span class='ocrx_word' id='word_1_41' title='bbox 1167 616 1293 664; x_wconf 90' lang='lat' dir='ltr'><strong>impe-</strong></span> 
     </span>
     <span class='ocr_line' id='line_1_8' title="bbox 255 679 1291 727; baseline -0.005 -8"><span class='ocrx_word' id='word_1_42' title='bbox 255 684 427 719; x_wconf 87' lang='lat' dir='ltr'><strong>ratorem</strong></span> <span class='ocrx_word' id='word_1_43' title='bbox 447 680 671 727; x_wconf 84' lang='lat' dir='ltr'><strong>inveniens,</strong></span> <span class='ocrx_word' id='word_1_44' title='bbox 693 679 845 717; x_wconf 90' lang='lat' dir='ltr'><strong>donum</strong></span> <span class='ocrx_word' id='word_1_45' title='bbox 871 679 1068 727; x_wconf 87' lang='lat' dir='ltr'><strong>optimum</strong></span> <span class='ocrx_word' id='word_1_46' title='bbox 1095 679 1291 717; x_wconf 89' lang='lat' dir='ltr'><strong>obtinens.</strong></span> 
     </span>
     <span class='ocr_line' id='line_1_9' title="bbox 255 741 1291 790; baseline -0.003 -9"><span class='ocrx_word' id='word_1_47' title='bbox 255 744 356 788; x_wconf 85' lang='lat' dir='ltr'><strong>Quid</strong></span> <span class='ocrx_word' id='word_1_48' title='bbox 388 744 495 781; x_wconf 87' lang='lat' dir='ltr'><strong>enim</strong></span> <span class='ocrx_word' id='word_1_49' title='bbox 526 745 583 781; x_wconf 90' lang='lat' dir='ltr'><strong>est</strong></span> <span class='ocrx_word' id='word_1_50' title='bbox 610 741 819 788; x_wconf 90' lang='lat' dir='ltr'><strong>meditari,</strong></span> <span class='ocrx_word' id='word_1_51' title='bbox 853 741 928 779; x_wconf 87' lang='lat' dir='ltr'><strong>nisi</strong></span> <span class='ocrx_word' id='word_1_52' title='bbox 961 741 1156 790; x_wconf 87' lang='lat' dir='ltr'><strong>appetitus</strong></span> <span class='ocrx_word' id='word_1_53' title='bbox 1181 741 1291 778; x_wconf 89' lang='lat' dir='ltr'><strong>inve-</strong></span> 
     </span>
     <span class='ocr_line' id='line_1_10' title="bbox 255 802 1293 852; baseline -0.004 -8"><span class='ocrx_word' id='word_1_54' title='bbox 255 806 391 844; x_wconf 90' lang='lat' dir='ltr'><strong>niendi</strong></span> <span class='ocrx_word' id='word_1_55' title='bbox 404 808 422 844; x_wconf 76' lang='lat'><strong>⁶?</strong></span> <span class='ocrx_word' id='word_1_56' title='bbox 443 805 545 852; x_wconf 83' lang='lat' dir='ltr'><strong>Quid</strong></span> <span class='ocrx_word' id='word_1_57' title='bbox 565 804 819 851; x_wconf 85' lang='lat' dir='ltr'><strong>mandatum,</strong></span> <span class='ocrx_word' id='word_1_58' title='bbox 841 804 916 842; x_wconf 89' lang='lat' dir='ltr'><strong>nisi</strong></span> <span class='ocrx_word' id='word_1_59' title='bbox 935 804 1174 852; x_wconf 78' lang='lat' dir='ltr'><strong>imperium?</strong></span> <span class='ocrx_word' id='word_1_60' title='bbox 1191 802 1293 849; x_wconf 84' lang='lat' dir='ltr'><strong>Quid</strong></span> 
     </span>
     <span class='ocr_line' id='line_1_11' title="bbox 255 865 1293 916; baseline -0.004 -10"><span class='ocrx_word' id='word_1_61' title='bbox 255 869 484 916; x_wconf 90' lang='lat' dir='ltr'><strong>mandator,</strong></span> <span class='ocrx_word' id='word_1_62' title='bbox 505 869 579 906; x_wconf 88' lang='lat' dir='ltr'><strong>nisi</strong></span> <span class='ocrx_word' id='word_1_63' title='bbox 602 868 846 916; x_wconf 79' lang='lat' dir='ltr'><strong>imperator?</strong></span> <span class='ocrx_word' id='word_1_64' title='bbox 866 866 969 912; x_wconf 86' lang='lat' dir='ltr'><strong>Quid</strong></span> <span class='ocrx_word' id='word_1_65' title='bbox 999 866 1164 915; x_wconf 82' lang='lat' dir='ltr'><strong>diligere</strong></span> <span class='ocrx_word' id='word_1_66' title='bbox 1179 895 1190 913; x_wconf 96' lang='lat'><strong>,</strong></span> <span class='ocrx_word' id='word_1_67' title='bbox 1218 865 1293 903; x_wconf 90' lang='lat' dir='ltr'><strong>nisi</strong></span> 
     </span>
     <span class='ocr_line' id='line_1_12' title="bbox 256 930 856 979; baseline -0.002 -12"><span class='ocrx_word' id='word_1_68' title='bbox 256 931 408 970; x_wconf 90' lang='lat' dir='ltr'><strong>donum</strong></span> <span class='ocrx_word' id='word_1_69' title='bbox 429 931 624 979; x_wconf 82' lang='lat' dir='ltr'><strong>optimum</strong></span> <span class='ocrx_word' id='word_1_70' title='bbox 645 930 823 969; x_wconf 89' lang='lat' dir='ltr'><strong>obtinere</strong></span> <span class='ocrx_word' id='word_1_71' title='bbox 838 931 856 966; x_wconf 70' lang='lat'><strong>⁶?</strong></span> 
     </span>
    </p>
   </div>
   <div class='ocr_carea' id='block_1_3' title="bbox 584 1036 963 1082">
    <p class='ocr_par' dir='ltr' id='par_1_3' title="bbox 584 1036 963 1082">
     <span class='ocr_line' id='line_1_13' title="bbox 584 1036 963 1082; baseline -0.003 -10"><span class='ocrx_word' id='word_1_72' title='bbox 584 1036 773 1072; x_wconf 77' lang='lat' dir='ltr'><strong>Articulus</strong></span> <span class='ocrx_word' id='word_1_73' title='bbox 808 1037 963 1082; x_wconf 77' lang='lat' dir='ltr'><strong>primus.</strong></span> 
     </span>
    </p>
   </div>
   <div class='ocr_carea' id='block_1_4' title="bbox 249 1118 1294 3425">
    <p class='ocr_par' dir='ltr' id='par_1_4' title="bbox 249 1118 1294 2346">
     <span class='ocr_line' id='line_1_14' title="bbox 303 1118 1291 1167; baseline 0.001 -12"><span class='ocrx_word' id='word_1_74' title='bbox 303 1119 505 1166; x_wconf 88' lang='lat' dir='ltr'><strong>Appetitus</strong></span> <span class='ocrx_word' id='word_1_75' title='bbox 533 1119 652 1166; x_wconf 82' lang='lat' dir='ltr'><strong>igitur</strong></span> <span class='ocrx_word' id='word_1_76' title='bbox 680 1122 940 1167; x_wconf 69' lang='lat' dir='ltr'><strong>praenotatur,</strong></span> <span class='ocrx_word' id='word_1_77' title='bbox 969 1129 1061 1156; x_wconf 92' lang='lat' dir='ltr'><strong>cum</strong></span> <span class='ocrx_word' id='word_1_78' title='bbox 1081 1118 1291 1167; x_wconf 86' lang='lat' dir='ltr'><strong>psallitur:</strong></span> 
     </span>
     <span class='ocr_line' id='line_1_15' title="bbox 256 1180 1294 1229; baseline 0.002 -14"><span class='ocrx_word' id='word_1_79' title='bbox 256 1181 303 1215; x_wconf 76' lang='lat' dir='ltr'><strong>Ec</strong></span> <span class='ocrx_word' id='word_1_80' title='bbox 333 1180 551 1224; x_wconf 63' lang='lat' dir='ltr'><strong>meditabar,</strong></span> <span class='ocrx_word' id='word_1_81' title='bbox 577 1180 690 1229; x_wconf 90' lang='lat' dir='ltr'><strong>quod</strong></span> <span class='ocrx_word' id='word_1_82' title='bbox 718 1181 926 1229; x_wconf 88' lang='lat' dir='ltr'><strong>proprium</strong></span> <span class='ocrx_word' id='word_1_83' title='bbox 950 1183 1005 1218; x_wconf 91' lang='lat' dir='ltr'><strong>est</strong></span> <span class='ocrx_word' id='word_1_84' title='bbox 1022 1180 1164 1218; x_wconf 90' lang='lat' dir='ltr'><strong>mentis</strong></span> <span class='ocrx_word' id='word_1_85' title='bbox 1184 1180 1294 1217; x_wconf 83' lang='lat' dir='ltr'><strong>inve-</strong></span> 
     </span>
     <span class='ocr_line' id='line_1_16' title="bbox 256 1242 1294 1291; baseline 0.001 -12"><span class='ocrx_word' id='word_1_86' title='bbox 256 1242 338 1279; x_wconf 91' lang='lat' dir='ltr'><strong>nire</strong></span> <span class='ocrx_word' id='word_1_87' title='bbox 356 1243 561 1291; x_wconf 87' lang='lat' dir='ltr'><strong>cupientis.</strong></span> <span class='ocrx_word' id='word_1_88' title='bbox 593 1243 696 1280; x_wconf 91' lang='lat' dir='ltr'><strong>lilud</strong></span> <span class='ocrx_word' id='word_1_89' title='bbox 725 1253 900 1291; x_wconf 88' lang='lat' dir='ltr'><strong>namque</strong></span> <span class='ocrx_word' id='word_1_90' title='bbox 934 1243 1095 1291; x_wconf 85' lang='lat' dir='ltr'>proprie</span> <span class='ocrx_word' id='word_1_91' title='bbox 1126 1242 1294 1281; x_wconf 87' lang='lat' dir='ltr'><strong>medita-</strong></span> 
     </span>
     <span class='ocr_line' id='line_1_17' title="bbox 255 1305 1293 1354; baseline 0 -12"><span class='ocrx_word' id='word_1_92' title='bbox 255 1316 358 1352; x_wconf 88' lang='lat' dir='ltr'><strong>mur,</strong></span> <span class='ocrx_word' id='word_1_93' title='bbox 381 1305 494 1354; x_wconf 89' lang='lat' dir='ltr'><strong>quod</strong></span> <span class='ocrx_word' id='word_1_94' title='bbox 513 1305 691 1343; x_wconf 86' lang='lat' dir='ltr'><strong>invenire</strong></span> <span class='ocrx_word' id='word_1_95' title='bbox 709 1315 914 1344; x_wconf 88' lang='lat' dir='ltr'><strong>conamur.</strong></span> <span class='ocrx_word' id='word_1_96' title='bbox 930 1305 1038 1343; x_wconf 81' lang='lat' dir='ltr'><strong>Unde</strong></span> <span class='ocrx_word' id='word_1_97' title='bbox 1057 1306 1293 1353; x_wconf 85' lang='lat' dir='ltr'><strong>notandum,</strong></span> 
     </span>
     <span class='ocr_line' id='line_1_18' title="bbox 257 1367 1294 1417; baseline 0.002 -13"><span class='ocrx_word' id='word_1_98' title='bbox 257 1367 368 1415; x_wconf 87' lang='lat' dir='ltr'><strong>quod</strong></span> <span class='ocrx_word' id='word_1_99' title='bbox 386 1370 488 1405; x_wconf 89' lang='lat' dir='ltr'><strong>recte</strong></span> <span class='ocrx_word' id='word_1_100' title='bbox 509 1378 620 1405; x_wconf 91' lang='lat' dir='ltr'><strong>mens</strong></span> <span class='ocrx_word' id='word_1_101' title='bbox 645 1368 871 1416; x_wconf 84' lang='lat' dir='ltr'><strong>meditatur,</strong></span> <span class='ocrx_word' id='word_1_102' title='bbox 903 1369 977 1406; x_wconf 89' lang='lat' dir='ltr'><strong>tria</strong></span> <span class='ocrx_word' id='word_1_103' title='bbox 995 1368 1215 1417; x_wconf 80' lang='lat' dir='ltr'><strong>specialiter</strong></span> <span class='ocrx_word' id='word_1_104' title='bbox 1234 1368 1294 1406; x_wconf 90' lang='lat' dir='ltr'><strong>in-</strong></span> 
     </span>
     <span class='ocr_line' id='line_1_19' title="bbox 260 1430 1294 1480; baseline 0.004 -15"><span class='ocrx_word' id='word_1_105' title='bbox 260 1430 391 1467; x_wconf 86' lang='lat' dir='ltr'><strong>venire</strong></span> <span class='ocrx_word' id='word_1_106' title='bbox 413 1431 597 1479; x_wconf 85' lang='lat' dir='ltr'><strong>cupiens3</strong></span> <span class='ocrx_word' id='word_1_107' title='bbox 623 1434 762 1479; x_wconf 88' lang='lat' dir='ltr'><strong>utputa</strong></span> <span class='ocrx_word' id='word_1_108' title='bbox 792 1432 1025 1480; x_wconf 82' lang='lat' dir='ltr'><strong>sapientiam</strong></span> <span class='ocrx_word' id='word_1_109' title='bbox 1040 1460 1052 1478; x_wconf 96' lang='lat'><strong>,</strong></span> <span class='ocrx_word' id='word_1_110' title='bbox 1076 1432 1266 1479; x_wconf 87' lang='lat' dir='ltr'><strong>justitiam</strong></span> <span class='ocrx_word' id='word_1_111' title='bbox 1281 1462 1294 1477; x_wconf 83' lang='lat'><strong>,</strong></span> 
     </span>
     <span class='ocr_line' id='line_1_20' title="bbox 257 1492 1293 1542; baseline 0.002 -13"><span class='ocrx_word' id='word_1_112' title='bbox 257 1492 479 1530; x_wconf 86' lang='lat' dir='ltr'><strong>doctrinam</strong></span> <span class='ocrx_word' id='word_1_113' title='bbox 501 1505 509 1530; x_wconf 91' lang='lat'>:</span> <span class='ocrx_word' id='word_1_114' title='bbox 532 1493 706 1541; x_wconf 88' lang='lat' dir='ltr'><strong>primum</strong></span> <span class='ocrx_word' id='word_1_115' title='bbox 731 1494 918 1542; x_wconf 87' lang='lat' dir='ltr'><strong>quidem,</strong></span> <span class='ocrx_word' id='word_1_116' title='bbox 939 1495 1103 1541; x_wconf 86' lang='lat' dir='ltr'><strong>propter</strong></span> <span class='ocrx_word' id='word_1_117' title='bbox 1122 1494 1188 1532; x_wconf 92' lang='lat' dir='ltr'><strong>Dei</strong></span> <span class='ocrx_word' id='word_1_118' title='bbox 1204 1505 1293 1542; x_wconf 89' lang='lat' dir='ltr'><strong>spe-</strong></span> 
     </span>
     <span class='ocr_line' id='line_1_21' title="bbox 255 1556 1293 1604; baseline 0.002 -12"><span class='ocrx_word' id='word_1_119' title='bbox 255 1556 520 1603; x_wconf 88' lang='lat' dir='ltr'><strong>culationem;</strong></span> <span class='ocrx_word' id='word_1_120' title='bbox 543 1556 763 1593; x_wconf 90' lang='lat' dir='ltr'><strong>secundum</strong></span> <span class='ocrx_word' id='word_1_121' title='bbox 794 1559 946 1603; x_wconf 91' lang='lat' dir='ltr'><strong>autem,</strong></span> <span class='ocrx_word' id='word_1_122' title='bbox 967 1559 1128 1604; x_wconf 89' lang='lat' dir='ltr'><strong>propter</strong></span> <span class='ocrx_word' id='word_1_123' title='bbox 1157 1557 1217 1593; x_wconf 88' lang='lat' dir='ltr'><strong>sui</strong></span> <span class='ocrx_word' id='word_1_124' title='bbox 1236 1567 1293 1594; x_wconf 83' lang='lat' dir='ltr'><strong>re-</strong></span> 
     </span>
     <span class='ocr_line' id='line_1_22' title="bbox 255 1618 1293 1667; baseline 0.001 -11"><span class='ocrx_word' id='word_1_125' title='bbox 255 1619 529 1666; x_wconf 82' lang='lat' dir='ltr'><strong>gulationem3</strong></span> <span class='ocrx_word' id='word_1_126' title='bbox 558 1619 713 1656; x_wconf 87' lang='lat' dir='ltr'><strong>tertium</strong></span> <span class='ocrx_word' id='word_1_127' title='bbox 751 1630 846 1656; x_wconf 90' lang='lat' dir='ltr'><strong>vero</strong></span> <span class='ocrx_word' id='word_1_128' title='bbox 867 1646 880 1665; x_wconf 86' lang='lat'><em>‚</em></span> <span class='ocrx_word' id='word_1_129' title='bbox 918 1622 1077 1667; x_wconf 89' lang='lat' dir='ltr'><strong>propter</strong></span> <span class='ocrx_word' id='word_1_130' title='bbox 1114 1618 1293 1657; x_wconf 78' lang='lat' dir='ltr'><strong>fraternae</strong></span> 
     </span>
     <span class='ocr_line' id='line_1_23' title="bbox 253 1681 1293 1729; baseline 0 -11"><span class='ocrx_word' id='word_1_131' title='bbox 253 1681 389 1719; x_wconf 89' lang='lat' dir='ltr'><strong>salutis</strong></span> <span class='ocrx_word' id='word_1_132' title='bbox 408 1681 716 1719; x_wconf 81' lang='lat' dir='ltr'><strong>aemulationem.</strong></span> <span class='ocrx_word' id='word_1_133' title='bbox 740 1683 790 1718; x_wconf 92' lang='lat' dir='ltr'><strong>De</strong></span> <span class='ocrx_word' id='word_1_134' title='bbox 821 1681 952 1729; x_wconf 92' lang='lat' dir='ltr'><strong>primo</strong></span> <span class='ocrx_word' id='word_1_135' title='bbox 973 1682 983 1703; x_wconf 80' lang='lat'><strong>¹</strong></span> <span class='ocrx_word' id='word_1_136' title='bbox 1008 1694 1016 1718; x_wconf 91' lang='lat'>:</span> <span class='ocrx_word' id='word_1_137' title='bbox 1043 1695 1061 1716; x_wconf 72' lang='lat' dir='ltr'><strong>a</strong></span> <span class='ocrx_word' id='word_1_138' title='bbox 1079 1682 1183 1719; x_wconf 81' lang='lat' dir='ltr'><strong>Mens</strong></span> <span class='ocrx_word' id='word_1_139' title='bbox 1199 1682 1293 1728; x_wconf 80' lang='lat' dir='ltr'><strong>J&#39;usti</strong></span> 
     </span>
     <span class='ocr_line' id='line_1_24' title="bbox 252 1744 1294 1793; baseline 0.001 -12"><span class='ocrx_word' id='word_1_140' title='bbox 252 1744 510 1783; x_wconf 85' lang='lat' dir='ltr'><strong>meditabitur</strong></span> <span class='ocrx_word' id='word_1_141' title='bbox 525 1745 774 1793; x_wconf 89' lang='lat' dir='ltr'><strong>sapientiam.</strong></span> <span class='ocrx_word' id='word_1_142' title='bbox 794 1757 812 1780; x_wconf 89' lang='lat'>»</span> <span class='ocrx_word' id='word_1_143' title='bbox 835 1746 886 1782; x_wconf 90' lang='lat' dir='ltr'><strong>De</strong></span> <span class='ocrx_word' id='word_1_144' title='bbox 906 1744 1081 1782; x_wconf 88' lang='lat' dir='ltr'><strong>secundo</strong></span> <span class='ocrx_word' id='word_1_145' title='bbox 1102 1744 1116 1764; x_wconf 77' lang='lat'><strong>²</strong></span> <span class='ocrx_word' id='word_1_146' title='bbox 1139 1757 1147 1782; x_wconf 72' lang='grc' dir='ltr'><strong><em>ε</em></strong></span> <span class='ocrx_word' id='word_1_147' title='bbox 1169 1757 1188 1779; x_wconf 86' lang='lat'>«</span> <span class='ocrx_word' id='word_1_148' title='bbox 1201 1747 1294 1782; x_wconf 90' lang='lat' dir='ltr'><strong>Bea-</strong></span> 
     </span>
     <span class='ocr_line' id='line_1_25' title="bbox 253 1807 1292 1856; baseline 0.001 -13"><span class='ocrx_word' id='word_1_149' title='bbox 253 1809 314 1844; x_wconf 88' lang='lat' dir='ltr'><strong>tus</strong></span> <span class='ocrx_word' id='word_1_150' title='bbox 333 1807 414 1854; x_wconf 87' lang='lat' dir='ltr'><strong>vir,</strong></span> <span class='ocrx_word' id='word_1_151' title='bbox 436 1807 505 1855; x_wconf 87' lang='lat' dir='ltr'><strong>qui</strong></span> <span class='ocrx_word' id='word_1_152' title='bbox 533 1807 574 1843; x_wconf 91' lang='lat' dir='ltr'><strong>in</strong></span> <span class='ocrx_word' id='word_1_153' title='bbox 602 1807 796 1855; x_wconf 80' lang='lat' dir='ltr'><strong>sapientia</strong></span> <span class='ocrx_word' id='word_1_154' title='bbox 823 1807 1071 1853; x_wconf 86' lang='lat' dir='ltr'><strong>morabitur,</strong></span> <span class='ocrx_word' id='word_1_155' title='bbox 1094 1810 1130 1844; x_wconf 93' lang='lat' dir='ltr'><strong>et</strong></span> <span class='ocrx_word' id='word_1_156' title='bbox 1162 1808 1231 1856; x_wconf 92' lang='lat' dir='ltr'><strong>qui</strong></span> <span class='ocrx_word' id='word_1_157' title='bbox 1251 1808 1292 1844; x_wconf 92' lang='lat' dir='ltr'><strong>in</strong></span> 
     </span>
     <span class='ocr_line' id='line_1_26' title="bbox 249 1869 1293 1918; baseline 0.003 -12"><span class='ocrx_word' id='word_1_158' title='bbox 249 1869 400 1916; x_wconf 84' lang='lat' dir='ltr'><strong>justitia</strong></span> <span class='ocrx_word' id='word_1_159' title='bbox 431 1869 711 1916; x_wconf 82' lang='lat' dir='ltr'><strong>meditabitur,</strong></span> <span class='ocrx_word' id='word_1_160' title='bbox 727 1885 745 1904; x_wconf 77' lang='lat' dir='ltr'><strong>n</strong></span> <span class='ocrx_word' id='word_1_161' title='bbox 770 1871 883 1918; x_wconf 84' lang='lat' dir='ltr'><strong>quasi</strong></span> <span class='ocrx_word' id='word_1_162' title='bbox 913 1871 1016 1909; x_wconf 88' lang='lat' dir='ltr'><strong>dicat</strong></span> <span class='ocrx_word' id='word_1_163' title='bbox 1038 1883 1046 1908; x_wconf 74' lang='grc' dir='ltr'><strong><em>ε</em></strong></span> <span class='ocrx_word' id='word_1_164' title='bbox 1073 1872 1212 1909; x_wconf 87' lang='lat' dir='ltr'><strong>Beatus</strong></span> <span class='ocrx_word' id='word_1_165' title='bbox 1231 1871 1293 1909; x_wconf 86' lang='lat' dir='ltr'><strong>vir</strong></span> 
     </span>
     <span class='ocr_line' id='line_1_27' title="bbox 252 1927 1291 1981; baseline 0.003 -13"><span class='ocrx_word' id='word_1_166' title='bbox 252 1932 293 1968; x_wconf 91' lang='lat' dir='ltr'><strong>in</strong></span> <span class='ocrx_word' id='word_1_167' title='bbox 330 1931 522 1979; x_wconf 85' lang='lat' dir='ltr'><strong>sapientia</strong></span> <span class='ocrx_word' id='word_1_168' title='bbox 555 1943 812 1981; x_wconf 80' lang='lat' dir='ltr'><strong>perseverans</strong></span> <span class='ocrx_word' id='word_1_169' title='bbox 840 1961 853 1980; x_wconf 94' lang='lat'><strong>,</strong></span> <span class='ocrx_word' id='word_1_170' title='bbox 884 1934 1075 1981; x_wconf 79' lang='lat' dir='ltr'><strong>J&#39;ustitiam</strong></span> <span class='ocrx_word' id='word_1_171' title='bbox 1113 1927 1291 1972; x_wconf 80' lang='lat' dir='ltr'><strong>invenire</strong></span> 
     </span>
     <span class='ocr_line' id='line_1_28' title="bbox 253 1994 1288 2046; baseline 0.004 -15"><span class='ocrx_word' id='word_1_172' title='bbox 253 1994 496 2041; x_wconf 81' lang='lat' dir='ltr'><strong>desiderans,</strong></span> <span class='ocrx_word' id='word_1_173' title='bbox 511 1995 626 2033; x_wconf 88' lang='lat' dir='ltr'><strong>istam</strong></span> <span class='ocrx_word' id='word_1_174' title='bbox 648 2006 731 2034; x_wconf 90' lang='lat' dir='ltr'><strong>non</strong></span> <span class='ocrx_word' id='word_1_175' title='bbox 751 1996 949 2043; x_wconf 83' lang='lat' dir='ltr'><strong>deserens,</strong></span> <span class='ocrx_word' id='word_1_176' title='bbox 967 1997 1078 2034; x_wconf 88' lang='lat' dir='ltr'><strong>illam</strong></span> <span class='ocrx_word' id='word_1_177' title='bbox 1096 2008 1288 2046; x_wconf 84' lang='lat' dir='ltr'><strong>quaerens.</strong></span> 
     </span>
     <span class='ocr_line' id='line_1_29' title="bbox 252 2058 1292 2107; baseline 0.003 -13"><span class='ocrx_word' id='word_1_178' title='bbox 252 2060 303 2095; x_wconf 92' lang='lat' dir='ltr'><strong>De</strong></span> <span class='ocrx_word' id='word_1_179' title='bbox 341 2058 455 2095; x_wconf 89' lang='lat' dir='ltr'><strong>tertio</strong></span> <span class='ocrx_word' id='word_1_180' title='bbox 494 2059 625 2107; x_wconf 87' lang='lat' dir='ltr'><strong>psallit</strong></span> <span class='ocrx_word' id='word_1_181' title='bbox 663 2060 856 2107; x_wconf 82' lang='lat' dir='ltr'><strong>Propheta</strong></span> <span class='ocrx_word' id='word_1_182' title='bbox 885 2060 898 2082; x_wconf 80' lang='lat'>³</span> <span class='ocrx_word' id='word_1_183' title='bbox 934 2071 943 2096; x_wconf 91' lang='lat'>:</span> <span class='ocrx_word' id='word_1_184' title='bbox 977 2073 994 2094; x_wconf 77' lang='grc' dir='ltr'>α</span> <span class='ocrx_word' id='word_1_185' title='bbox 1019 2062 1292 2097; x_wconf 84' lang='lat' dir='ltr'><strong>Praevenerunt</strong></span> 
     </span>
     <span class='ocr_line' id='line_1_30' title="bbox 252 2120 1292 2171; baseline 0.004 -14"><span class='ocrx_word' id='word_1_186' title='bbox 252 2120 357 2158; x_wconf 91' lang='lat' dir='ltr'><strong>oculi</strong></span> <span class='ocrx_word' id='word_1_187' title='bbox 377 2121 455 2158; x_wconf 86' lang='lat' dir='ltr'><strong>mei</strong></span> <span class='ocrx_word' id='word_1_188' title='bbox 476 2121 528 2159; x_wconf 89' lang='lat' dir='ltr'><strong>ad</strong></span> <span class='ocrx_word' id='word_1_189' title='bbox 549 2123 586 2159; x_wconf 93' lang='lat' dir='ltr'><strong>te</strong></span> <span class='ocrx_word' id='word_1_190' title='bbox 605 2122 803 2169; x_wconf 87' lang='lat' dir='ltr'><strong>diluculo,</strong></span> <span class='ocrx_word' id='word_1_191' title='bbox 825 2125 867 2160; x_wconf 91' lang='lat' dir='ltr'><strong>ut</strong></span> <span class='ocrx_word' id='word_1_192' title='bbox 885 2122 1098 2160; x_wconf 87' lang='lat' dir='ltr'><strong>meditarer</strong></span> <span class='ocrx_word' id='word_1_193' title='bbox 1131 2122 1292 2171; x_wconf 86' lang='lat' dir='ltr'><strong>eloquia</strong></span> 
     </span>
     <span class='ocr_line' id='line_1_31' title="bbox 251 2185 1291 2234; baseline 0.003 -14"><span class='ocrx_word' id='word_1_194' title='bbox 251 2186 328 2221; x_wconf 89' lang='lat' dir='ltr'><strong>tua.</strong></span> <span class='ocrx_word' id='word_1_195' title='bbox 351 2196 369 2219; x_wconf 91' lang='lat'>»</span> <span class='ocrx_word' id='word_1_196' title='bbox 394 2185 552 2232; x_wconf 87' lang='lat' dir='ltr'><strong>Oportet</strong></span> <span class='ocrx_word' id='word_1_197' title='bbox 579 2185 686 2222; x_wconf 89' lang='lat' dir='ltr'><strong>enim</strong></span> <span class='ocrx_word' id='word_1_198' title='bbox 713 2186 903 2223; x_wconf 88' lang='lat' dir='ltr'><strong>orationis</strong></span> <span class='ocrx_word' id='word_1_199' title='bbox 932 2186 1159 2224; x_wconf 87' lang='lat' dir='ltr'><strong>instantiam</strong></span> <span class='ocrx_word' id='word_1_200' title='bbox 1190 2196 1291 2234; x_wconf 83' lang='lat' dir='ltr'><strong>prae-</strong></span> 
     </span>
     <span class='ocr_line' id='line_1_32' title="bbox 250 2246 1290 2297; baseline 0.003 -14"><span class='ocrx_word' id='word_1_201' title='bbox 250 2246 406 2294; x_wconf 91' lang='lat' dir='ltr'><strong>venire,</strong></span> <span class='ocrx_word' id='word_1_202' title='bbox 434 2247 466 2284; x_wconf 86' lang='lat' dir='ltr'><strong>si</strong></span> <span class='ocrx_word' id='word_1_203' title='bbox 497 2248 682 2287; x_wconf 85' lang='lat' dir='ltr'><strong>volumus</strong></span> <span class='ocrx_word' id='word_1_204' title='bbox 712 2249 1003 2297; x_wconf 83' lang='lat' dir='ltr'><strong>praedicationis</strong></span> <span class='ocrx_word' id='word_1_205' title='bbox 1032 2249 1201 2297; x_wconf 88' lang='lat' dir='ltr'><strong>gratiam</strong></span> <span class='ocrx_word' id='word_1_206' title='bbox 1234 2249 1290 2286; x_wconf 92' lang='lat' dir='ltr'><strong>in-</strong></span> 
     </span>
     <span class='ocr_line' id='line_1_33' title="bbox 250 2309 397 2346; baseline 0.007 -1"><span class='ocrx_word' id='word_1_207' title='bbox 250 2309 397 2346; x_wconf 89' lang='lat' dir='ltr'><strong>venire.</strong></span> 
     </span>
    </p>

    <p class='ocr_par' dir='ltr' id='par_1_5' title="bbox 566 2360 968 2397">
     <span class='ocr_line' id='line_1_34' title="bbox 566 2360 968 2397; baseline 0.005 -2"><span class='ocrx_word' id='word_1_208' title='bbox 566 2360 756 2396; x_wconf 74' lang='lat' dir='ltr'><strong>Articulus</strong></span> <span class='ocrx_word' id='word_1_209' title='bbox 782 2360 968 2397; x_wconf 75' lang='lat' dir='ltr'><strong>secundus.</strong></span> 
     </span>
    </p>

    <p class='ocr_par' dir='ltr' id='par_1_6' title="bbox 251 2434 1291 3425">
     <span class='ocr_line' id='line_1_35' title="bbox 299 2434 1291 2481; baseline 0.003 -11"><span class='ocrx_word' id='word_1_210' title='bbox 299 2434 481 2472; x_wconf 89' lang='lat' dir='ltr'><strong>introitus</strong></span> <span class='ocrx_word' id='word_1_211' title='bbox 497 2438 729 2481; x_wconf 89' lang='lat' dir='ltr'><strong>annotatur,</strong></span> <span class='ocrx_word' id='word_1_212' title='bbox 749 2446 840 2473; x_wconf 92' lang='lat' dir='ltr'><strong>cum</strong></span> <span class='ocrx_word' id='word_1_213' title='bbox 860 2435 1019 2473; x_wconf 88' lang='lat' dir='ltr'><strong>additur</strong></span> <span class='ocrx_word' id='word_1_214' title='bbox 1042 2448 1050 2472; x_wconf 73' lang='grc' dir='ltr'><strong><em>ε</em></strong></span> <span class='ocrx_word' id='word_1_215' title='bbox 1076 2437 1120 2472; x_wconf 86' lang='lat' dir='ltr'><strong>In</strong></span> <span class='ocrx_word' id='word_1_216' title='bbox 1139 2436 1291 2473; x_wconf 75' lang='lat' dir='ltr'><strong>manda-</strong></span> 
     </span>
     <span class='ocr_line' id='line_1_36' title="bbox 253 2497 1290 2545; baseline 0.003 -13"><span class='ocrx_word' id='word_1_217' title='bbox 253 2498 313 2532; x_wconf 69' lang='lat' dir='ltr'><strong>tis.</strong></span> <span class='ocrx_word' id='word_1_218' title='bbox 345 2497 549 2544; x_wconf 84' lang='lat' dir='ltr'><strong>Mandata,</strong></span> <span class='ocrx_word' id='word_1_219' title='bbox 590 2498 810 2534; x_wconf 88' lang='lat' dir='ltr'><strong>secundum</strong></span> <span class='ocrx_word' id='word_1_220' title='bbox 845 2498 1080 2545; x_wconf 87' lang='lat' dir='ltr'><strong>Gregorium</strong></span> <span class='ocrx_word' id='word_1_221' title='bbox 1109 2499 1147 2543; x_wconf 72' lang='grc'><strong>”,,</strong></span> <span class='ocrx_word' id='word_1_222' title='bbox 1166 2498 1290 2536; x_wconf 90' lang='lat' dir='ltr'><strong>muita</strong></span> 
     </span>
     <span class='ocr_line' id='line_1_37' title="bbox 251 2559 1291 2608; baseline 0.004 -14"><span class='ocrx_word' id='word_1_223' title='bbox 251 2560 361 2606; x_wconf 88' lang='lat' dir='ltr'><strong>sunt,</strong></span> <span class='ocrx_word' id='word_1_224' title='bbox 383 2562 420 2596; x_wconf 89' lang='lat' dir='ltr'><strong>et</strong></span> <span class='ocrx_word' id='word_1_225' title='bbox 437 2570 562 2597; x_wconf 92' lang='lat' dir='ltr'><strong>unum</strong></span> <span class='ocrx_word' id='word_1_226' title='bbox 586 2573 593 2597; x_wconf 90' lang='lat'>:</span> <span class='ocrx_word' id='word_1_227' title='bbox 614 2560 739 2597; x_wconf 90' lang='lat' dir='ltr'><strong>multa</strong></span> <span class='ocrx_word' id='word_1_228' title='bbox 758 2559 904 2598; x_wconf 89' lang='lat' dir='ltr'><strong>scilicet</strong></span> <span class='ocrx_word' id='word_1_229' title='bbox 923 2570 993 2608; x_wconf 92' lang='lat' dir='ltr'><strong>per</strong></span> <span class='ocrx_word' id='word_1_230' title='bbox 1024 2559 1291 2598; x_wconf 88' lang='lat' dir='ltr'><strong>diversitatem</strong></span> 
     </span>
     <span class='ocr_line' id='line_1_38' title="bbox 253 2621 1289 2669; baseline 0.001 -11"><span class='ocrx_word' id='word_1_231' title='bbox 253 2621 383 2669; x_wconf 89' lang='lat' dir='ltr'><strong>operis</strong></span> <span class='ocrx_word' id='word_1_232' title='bbox 398 2634 409 2668; x_wconf 90' lang='lat'>;</span> <span class='ocrx_word' id='word_1_233' title='bbox 431 2633 556 2659; x_wconf 91' lang='lat' dir='ltr'><strong>unum</strong></span> <span class='ocrx_word' id='word_1_234' title='bbox 576 2623 616 2659; x_wconf 92' lang='lat' dir='ltr'><strong>in</strong></span> <span class='ocrx_word' id='word_1_235' title='bbox 643 2623 777 2660; x_wconf 87' lang='lat' dir='ltr'><strong>radice</strong></span> <span class='ocrx_word' id='word_1_236' title='bbox 804 2622 1039 2660; x_wconf 82' lang='lat' dir='ltr'><strong>dilectionis.</strong></span> <span class='ocrx_word' id='word_1_237' title='bbox 1075 2622 1182 2660; x_wconf 89' lang='lat' dir='ltr'><strong>Unde</strong></span> <span class='ocrx_word' id='word_1_238' title='bbox 1208 2623 1289 2660; x_wconf 91' lang='lat' dir='ltr'><strong>sive</strong></span> 
     </span>
     <span class='ocr_line' id='line_1_39' title="bbox 254 2683 1290 2733; baseline 0.003 -13"><span class='ocrx_word' id='word_1_239' title='bbox 254 2683 431 2721; x_wconf 88' lang='lat' dir='ltr'><strong>dicamus</strong></span> <span class='ocrx_word' id='word_1_240' title='bbox 465 2685 655 2723; x_wconf 88' lang='lat' dir='ltr'><strong>mandata</strong></span> <span class='ocrx_word' id='word_1_241' title='bbox 673 2713 687 2731; x_wconf 95' lang='lat'><strong>,</strong></span> <span class='ocrx_word' id='word_1_242' title='bbox 721 2686 801 2723; x_wconf 89' lang='lat' dir='ltr'><strong>sive</strong></span> <span class='ocrx_word' id='word_1_243' title='bbox 834 2686 1094 2733; x_wconf 89' lang='lat' dir='ltr'><strong>mandatum,</strong></span> <span class='ocrx_word' id='word_1_244' title='bbox 1123 2686 1290 2724; x_wconf 91' lang='lat' dir='ltr'><strong>virtuale</strong></span> 
     </span>
     <span class='ocr_line' id='line_1_40' title="bbox 254 2746 1287 2797; baseline 0.003 -15"><span class='ocrx_word' id='word_1_245' title='bbox 254 2746 482 2795; x_wconf 82' lang='lat' dir='ltr'><strong>designatur</strong></span> <span class='ocrx_word' id='word_1_246' title='bbox 500 2747 714 2796; x_wconf 88' lang='lat' dir='ltr'><strong>imperium</strong></span> <span class='ocrx_word' id='word_1_247' title='bbox 727 2777 739 2795; x_wconf 96' lang='lat'><strong>,</strong></span> <span class='ocrx_word' id='word_1_248' title='bbox 760 2748 801 2785; x_wconf 92' lang='lat' dir='ltr'><strong>in</strong></span> <span class='ocrx_word' id='word_1_249' title='bbox 833 2759 914 2797; x_wconf 88' lang='lat' dir='ltr'><strong>quo</strong></span> <span class='ocrx_word' id='word_1_250' title='bbox 937 2748 1108 2797; x_wconf 87' lang='lat' dir='ltr'><strong>imperat</strong></span> <span class='ocrx_word' id='word_1_251' title='bbox 1125 2759 1195 2786; x_wconf 79' lang='lat' dir='ltr'><strong>rex</strong></span> <span class='ocrx_word' id='word_1_252' title='bbox 1212 2748 1287 2785; x_wconf 89' lang='lat' dir='ltr'><strong>vir-</strong></span> 
     </span>
     <span class='ocr_line' id='line_1_41' title="bbox 253 2801 1291 2860; baseline 0.003 -14"><span class='ocrx_word' id='word_1_253' title='bbox 253 2801 394 2848; x_wconf 83' lang='lat' dir='ltr'><strong>tutum.</strong></span> <span class='ocrx_word' id='word_1_254' title='bbox 428 2813 508 2849; x_wconf 90' lang='lat' dir='ltr'><strong>Hoc</strong></span> <span class='ocrx_word' id='word_1_255' title='bbox 542 2811 755 2859; x_wconf 89' lang='lat' dir='ltr'><strong>imperium</strong></span> <span class='ocrx_word' id='word_1_256' title='bbox 787 2811 943 2850; x_wconf 89' lang='lat' dir='ltr'><strong>videtur</strong></span> <span class='ocrx_word' id='word_1_257' title='bbox 970 2822 1082 2849; x_wconf 89' lang='lat' dir='ltr'><strong>mens</strong></span> <span class='ocrx_word' id='word_1_258' title='bbox 1114 2811 1259 2849; x_wconf 85' lang='lat' dir='ltr'><strong>intrare</strong></span> <span class='ocrx_word' id='word_1_259' title='bbox 1278 2841 1291 2860; x_wconf 91' lang='lat'><em>‚</em></span> 
     </span>
     <span class='ocr_line' id='line_1_42' title="bbox 254 2873 1290 2923; baseline 0.003 -14"><span class='ocrx_word' id='word_1_260' title='bbox 254 2884 344 2910; x_wconf 89' lang='lat' dir='ltr'><strong>cum</strong></span> <span class='ocrx_word' id='word_1_261' title='bbox 372 2873 425 2911; x_wconf 89' lang='lat' dir='ltr'><strong>ad</strong></span> <span class='ocrx_word' id='word_1_262' title='bbox 453 2873 596 2911; x_wconf 67' lang='lat' dir='ltr'><strong>divinae</strong></span> <span class='ocrx_word' id='word_1_263' title='bbox 627 2873 895 2923; x_wconf 85' lang='lat' dir='ltr'><strong>dispositionis</strong></span> <span class='ocrx_word' id='word_1_264' title='bbox 930 2885 1121 2912; x_wconf 86' lang='lat' dir='ltr'><strong>arcanum</strong></span> <span class='ocrx_word' id='word_1_265' title='bbox 1155 2874 1290 2913; x_wconf 89' lang='lat' dir='ltr'><strong>nititur</strong></span> 
     </span>
     <span class='ocr_line' id='line_1_43' title="bbox 252 2936 1289 2986; baseline 0.004 -14"><span class='ocrx_word' id='word_1_266' title='bbox 252 2937 471 2982; x_wconf 89' lang='lat' dir='ltr'><strong>penetrare.</strong></span> <span class='ocrx_word' id='word_1_267' title='bbox 493 2938 536 2974; x_wconf 87' lang='lat' dir='ltr'><strong>Et</strong></span> <span class='ocrx_word' id='word_1_268' title='bbox 554 2938 670 2982; x_wconf 88' lang='lat' dir='ltr'><strong>nota,</strong></span> <span class='ocrx_word' id='word_1_269' title='bbox 691 2936 803 2986; x_wconf 90' lang='lat' dir='ltr'><strong>quod</strong></span> <span class='ocrx_word' id='word_1_270' title='bbox 836 2936 1018 2974; x_wconf 82' lang='lat' dir='ltr'><strong>divinum</strong></span> <span class='ocrx_word' id='word_1_271' title='bbox 1049 2937 1261 2986; x_wconf 89' lang='lat' dir='ltr'><strong>imperium</strong></span> <span class='ocrx_word' id='word_1_272' title='bbox 1276 2966 1289 2984; x_wconf 93' lang='lat'><strong>,</strong></span> 
     </span>
     <span class='ocr_line' id='line_1_44' title="bbox 252 2997 1290 3049; baseline 0.005 -15"><span class='ocrx_word' id='word_1_273' title='bbox 252 2997 317 3034; x_wconf 90' lang='lat' dir='ltr'><strong>vel</strong></span> <span class='ocrx_word' id='word_1_274' title='bbox 335 2998 593 3047; x_wconf 89' lang='lat' dir='ltr'><strong>mandatum,</strong></span> <span class='ocrx_word' id='word_1_275' title='bbox 615 3002 670 3037; x_wconf 89' lang='lat' dir='ltr'><strong>est</strong></span> <span class='ocrx_word' id='word_1_276' title='bbox 700 3001 787 3039; x_wconf 90' lang='lat' dir='ltr'><strong>aliis</strong></span> <span class='ocrx_word' id='word_1_277' title='bbox 815 3001 1027 3049; x_wconf 89' lang='lat' dir='ltr'><strong>pacificum</strong></span> <span class='ocrx_word' id='word_1_278' title='bbox 1042 3028 1055 3046; x_wconf 96' lang='lat'><strong>,</strong></span> <span class='ocrx_word' id='word_1_279' title='bbox 1077 3000 1163 3038; x_wconf 88' lang='lat' dir='ltr'><strong>aliis</strong></span> <span class='ocrx_word' id='word_1_280' title='bbox 1181 3012 1290 3039; x_wconf 91' lang='lat' dir='ltr'><strong>mor-</strong></span> 
     </span>
     <span class='ocr_line' id='line_1_45' title="bbox 254 3059 1290 3112; baseline 0.006 -17"><span class='ocrx_word' id='word_1_281' title='bbox 254 3059 423 3107; x_wconf 88' lang='lat' dir='ltr'><strong>tificum,</strong></span> <span class='ocrx_word' id='word_1_282' title='bbox 454 3060 540 3098; x_wconf 90' lang='lat' dir='ltr'><strong>aliis</strong></span> <span class='ocrx_word' id='word_1_283' title='bbox 570 3062 799 3100; x_wconf 84' lang='lat' dir='ltr'><strong>vivificum:</strong></span> <span class='ocrx_word' id='word_1_284' title='bbox 820 3062 1032 3111; x_wconf 89' lang='lat' dir='ltr'><strong>pacificum</strong></span> <span class='ocrx_word' id='word_1_285' title='bbox 1055 3062 1180 3110; x_wconf 87' lang='lat' dir='ltr'><strong>plane</strong></span> <span class='ocrx_word' id='word_1_286' title='bbox 1200 3074 1290 3112; x_wconf 91' lang='lat' dir='ltr'><strong>pro-</strong></span> 
     </span>
     <span class='ocr_line' id='line_1_46' title="bbox 253 3121 1287 3174; baseline 0.006 -17"><span class='ocrx_word' id='word_1_287' title='bbox 253 3121 524 3169; x_wconf 86' lang='lat' dir='ltr'><strong>gredientibus</strong></span> <span class='ocrx_word' id='word_1_288' title='bbox 546 3137 557 3170; x_wconf 83' lang='lat'>3</span> <span class='ocrx_word' id='word_1_289' title='bbox 597 3125 838 3162; x_wconf 88' lang='lat' dir='ltr'><strong>mortificum</strong></span> <span class='ocrx_word' id='word_1_290' title='bbox 879 3124 1287 3174; x_wconf 85' lang='lat' dir='ltr'><strong>transgredientibus;</strong></span> 
     </span>
     <span class='ocr_line' id='line_1_47' title="bbox 255 3184 1289 3235; baseline 0.005 -14"><span class='ocrx_word' id='word_1_291' title='bbox 255 3184 458 3222; x_wconf 85' lang='lat' dir='ltr'><strong>vivificum</strong></span> <span class='ocrx_word' id='word_1_292' title='bbox 476 3186 805 3233; x_wconf 85' lang='lat' dir='ltr'><strong>regredientibus.</strong></span> <span class='ocrx_word' id='word_1_293' title='bbox 824 3189 874 3224; x_wconf 90' lang='lat' dir='ltr'><strong>De</strong></span> <span class='ocrx_word' id='word_1_294' title='bbox 893 3187 1023 3235; x_wconf 89' lang='lat' dir='ltr'><strong>primo</strong></span> <span class='ocrx_word' id='word_1_295' title='bbox 1036 3187 1049 3209; x_wconf 76' lang='lat'><strong>⁶</strong></span> <span class='ocrx_word' id='word_1_296' title='bbox 1070 3199 1079 3224; x_wconf 92' lang='lat'><strong>:</strong></span> <span class='ocrx_word' id='word_1_297' title='bbox 1101 3200 1120 3222; x_wconf 85' lang='lat'>«</span> <span class='ocrx_word' id='word_1_298' title='bbox 1137 3188 1289 3226; x_wconf 88' lang='lat' dir='ltr'><strong>Utinam</strong></span> 
     </span>
     <span class='ocr_line' id='line_1_48' title="bbox 253 3247 1291 3297; baseline 0.005 -13"><span class='ocrx_word' id='word_1_299' title='bbox 253 3247 483 3286; x_wconf 85' lang='lat' dir='ltr'><strong>attendisses</strong></span> <span class='ocrx_word' id='word_1_300' title='bbox 513 3249 704 3288; x_wconf 85' lang='lat' dir='ltr'><strong>mandata</strong></span> <span class='ocrx_word' id='word_1_301' title='bbox 734 3260 846 3297; x_wconf 75' lang='lat' dir='ltr'><strong>mea,</strong></span> <span class='ocrx_word' id='word_1_302' title='bbox 873 3248 975 3287; x_wconf 79' lang='lat' dir='ltr'><strong>facta</strong></span> <span class='ocrx_word' id='word_1_303' title='bbox 1006 3248 1161 3297; x_wconf 84' lang='lat' dir='ltr'><strong>fuisset,</strong></span> <span class='ocrx_word' id='word_1_304' title='bbox 1192 3250 1291 3289; x_wconf 89' lang='lat' dir='ltr'><strong>sicut</strong></span> 
     </span>
     <span class='ocr_line' id='line_1_49' title="bbox 253 3309 1290 3361; baseline 0.004 -14"><span class='ocrx_word' id='word_1_305' title='bbox 253 3309 424 3359; x_wconf 89' lang='lat' dir='ltr'><strong>flumen,</strong></span> <span class='ocrx_word' id='word_1_306' title='bbox 442 3322 522 3360; x_wconf 84' lang='lat' dir='ltr'><strong>pax</strong></span> <span class='ocrx_word' id='word_1_307' title='bbox 553 3314 620 3350; x_wconf 87' lang='lat' dir='ltr'><strong>tua</strong></span> <span class='ocrx_word' id='word_1_308' title='bbox 631 3325 643 3359; x_wconf 71' lang='grc' dir='ltr'><strong><em>ς</em></strong></span> <span class='ocrx_word' id='word_1_309' title='bbox 664 3325 682 3349; x_wconf 69' lang='grc' dir='ltr'><strong>ιι</strong></span> <span class='ocrx_word' id='word_1_310' title='bbox 707 3312 821 3361; x_wconf 87' lang='lat' dir='ltr'><strong>quasi</strong></span> <span class='ocrx_word' id='word_1_311' title='bbox 841 3312 946 3350; x_wconf 90' lang='lat' dir='ltr'><strong>dicat</strong></span> <span class='ocrx_word' id='word_1_312' title='bbox 964 3324 974 3349; x_wconf 89' lang='lat'><strong>:</strong></span> <span class='ocrx_word' id='word_1_313' title='bbox 996 3312 1148 3350; x_wconf 88' lang='lat' dir='ltr'><strong>Utinam</strong></span> <span class='ocrx_word' id='word_1_314' title='bbox 1167 3315 1290 3351; x_wconf 87' lang='lat' dir='ltr'><strong>atten-</strong></span> 
     </span>
     <span class='ocr_line' id='line_1_50' title="bbox 255 3373 1285 3425; baseline 0.002 -15"><span class='ocrx_word' id='word_1_315' title='bbox 255 3373 378 3412; x_wconf 87' lang='lat' dir='ltr'><strong>disses</strong></span> <span class='ocrx_word' id='word_1_316' title='bbox 394 3374 584 3415; x_wconf 89' lang='lat' dir='ltr'><strong>mandata</strong></span> <span class='ocrx_word' id='word_1_317' title='bbox 601 3385 716 3423; x_wconf 87' lang='lat' dir='ltr'><strong>mea,</strong></span> <span class='ocrx_word' id='word_1_318' title='bbox 731 3374 991 3425; x_wconf 87' lang='lat' dir='ltr'><strong>procedendo</strong></span> <span class='ocrx_word' id='word_1_319' title='bbox 1010 3375 1092 3413; x_wconf 87' lang='lat' dir='ltr'><strong>sine</strong></span> <span class='ocrx_word' id='word_1_320' title='bbox 1109 3376 1285 3424; x_wconf 90' lang='lat' dir='ltr'><strong>querela.</strong></span> 
     </span>
    </p>
   </div>
   <div class='ocr_carea' id='block_1_5' title="bbox 259 3458 1289 3549">
    <p class='ocr_par' dir='ltr' id='par_1_7' title="bbox 259 3458 1289 3549">
     <span class='ocr_line' id='line_1_51' title="bbox 298 3458 1288 3504; baseline 0.004 -14"><span class='ocrx_word' id='word_1_321' title='bbox 298 3458 437 3498; x_wconf 84' lang='lat' dir='ltr'><strong>¹Prov.,</strong></span> <span class='ocrx_word' id='word_1_322' title='bbox 457 3466 515 3502; x_wconf 81' lang='lat' dir='ltr'><strong>xv,</strong></span> <span class='ocrx_word' id='word_1_323' title='bbox 535 3461 587 3494; x_wconf 82' lang='lat'><strong>28.</strong></span> <span class='ocrx_word' id='word_1_324' title='bbox 606 3476 646 3484; x_wconf 88' lang='lat'>—</span> <span class='ocrx_word' id='word_1_325' title='bbox 666 3460 677 3478; x_wconf 88' lang='lat'>²</span> <span class='ocrx_word' id='word_1_326' title='bbox 698 3460 815 3501; x_wconf 65' lang='lat' dir='ltr'><strong>Eccli„</strong></span> <span class='ocrx_word' id='word_1_327' title='bbox 838 3467 908 3501; x_wconf 74' lang='lat' dir='ltr'><strong>XIV,</strong></span> <span class='ocrx_word' id='word_1_328' title='bbox 930 3461 980 3492; x_wconf 74' lang='lat'><strong>22.</strong></span> <span class='ocrx_word' id='word_1_329' title='bbox 1005 3477 1039 3482; x_wconf 94' lang='lat'><strong>—</strong></span> <span class='ocrx_word' id='word_1_330' title='bbox 1061 3459 1074 3481; x_wconf 83' lang='lat'><strong>³</strong></span> <span class='ocrx_word' id='word_1_331' title='bbox 1093 3460 1186 3493; x_wconf 81' lang='lat' dir='ltr'><strong>Psal.</strong></span> <span class='ocrx_word' id='word_1_332' title='bbox 1207 3461 1288 3504; x_wconf 90' lang='lat' dir='ltr'><strong>hoc,</strong></span> 
     </span>
     <span class='ocr_line' id='line_1_52' title="bbox 259 3506 1289 3549; baseline 0.006 -14"><span class='ocrx_word' id='word_1_333' title='bbox 259 3506 327 3537; x_wconf 72' lang='lat'><strong>¹48.</strong></span> <span class='ocrx_word' id='word_1_334' title='bbox 348 3523 389 3530; x_wconf 92' lang='lat'><strong>—</strong></span> <span class='ocrx_word' id='word_1_335' title='bbox 408 3508 418 3526; x_wconf 81' lang='lat'><strong>⁴</strong></span> <span class='ocrx_word' id='word_1_336' title='bbox 441 3508 557 3549; x_wconf 81' lang='lat' dir='ltr'><strong>Greg.‚</strong></span> <span class='ocrx_word' id='word_1_337' title='bbox 579 3509 669 3540; x_wconf 83' lang='lat' dir='ltr'><strong>Hom.</strong></span> <span class='ocrx_word' id='word_1_338' title='bbox 696 3516 805 3541; x_wconf 74' lang='lat' dir='ltr'><strong>xxvii.</strong></span> <span class='ocrx_word' id='word_1_339' title='bbox 826 3526 867 3532; x_wconf 94' lang='lat'><em>-</em></span> <span class='ocrx_word' id='word_1_340' title='bbox 889 3509 902 3530; x_wconf 77' lang='grc' dir='ltr'>Ι</span> <span class='ocrx_word' id='word_1_341' title='bbox 922 3508 1002 3547; x_wconf 59' lang='lat' dir='ltr'><strong>isa„</strong></span> <span class='ocrx_word' id='word_1_342' title='bbox 1031 3515 1153 3548; x_wconf 65' lang='lat' dir='ltr'><strong>xnvm,</strong></span> <span class='ocrx_word' id='word_1_343' title='bbox 1176 3509 1226 3541; x_wconf 82' lang='lat'><strong>18.</strong></span> <span class='ocrx_word' id='word_1_344' title='bbox 1248 3526 1289 3534; x_wconf 91' lang='lat'><strong>-—</strong></span> 
     </span>
    </p>
   </div>
   <div class='ocr_carea' id='block_1_6' title="bbox 1364 304 2400 975">
    <p class='ocr_par' dir='ltr' id='par_1_8' title="bbox 1364 304 2400 975">
     <span class='ocr_line' id='line_1_53' title="bbox 1364 304 2396 355; baseline 0.004 -15"><span class='ocrx_word' id='word_1_345' title='bbox 1364 306 1479 341; x_wconf 87' lang='lat' dir='ltr'><strong>Facta</strong></span> <span class='ocrx_word' id='word_1_346' title='bbox 1514 304 1673 351; x_wconf 83' lang='lat' dir='ltr'><strong>fuisset,</strong></span> <span class='ocrx_word' id='word_1_347' title='bbox 1693 305 1791 343; x_wconf 89' lang='lat' dir='ltr'><strong>sicut</strong></span> <span class='ocrx_word' id='word_1_348' title='bbox 1823 308 1994 354; x_wconf 89' lang='lat' dir='ltr'><strong>flumen,</strong></span> <span class='ocrx_word' id='word_1_349' title='bbox 2017 318 2095 355; x_wconf 87' lang='lat' dir='ltr'><strong>pax</strong></span> <span class='ocrx_word' id='word_1_350' title='bbox 2127 310 2217 354; x_wconf 92' lang='lat' dir='ltr'><strong>tua,</strong></span> <span class='ocrx_word' id='word_1_351' title='bbox 2240 307 2396 345; x_wconf 89' lang='lat' dir='ltr'><strong>descen-</strong></span> 
     </span>
     <span class='ocr_line' id='line_1_54' title="bbox 1365 364 2396 418; baseline 0.006 -17"><span class='ocrx_word' id='word_1_352' title='bbox 1365 364 1498 402; x_wconf 91' lang='lat' dir='ltr'><strong>dendo</strong></span> <span class='ocrx_word' id='word_1_353' title='bbox 1536 367 1620 403; x_wconf 90' lang='lat' dir='ltr'><strong>sine</strong></span> <span class='ocrx_word' id='word_1_354' title='bbox 1658 366 1741 404; x_wconf 87' lang='lat' dir='ltr'><strong>vitii</strong></span> <span class='ocrx_word' id='word_1_355' title='bbox 1782 371 1819 405; x_wconf 92' lang='lat' dir='ltr'><strong>et</strong></span> <span class='ocrx_word' id='word_1_356' title='bbox 1849 369 2030 417; x_wconf 90' lang='lat' dir='ltr'><strong>supplicii</strong></span> <span class='ocrx_word' id='word_1_357' title='bbox 2070 369 2304 418; x_wconf 87' lang='lat' dir='ltr'><strong>corruptela.</strong></span> <span class='ocrx_word' id='word_1_358' title='bbox 2346 371 2396 406; x_wconf 89' lang='lat' dir='ltr'><strong>De</strong></span> 
     </span>
     <span class='ocr_line' id='line_1_55' title="bbox 1364 428 2399 479; baseline 0.005 -14"><span class='ocrx_word' id='word_1_359' title='bbox 1364 428 1539 466; x_wconf 87' lang='lat' dir='ltr'><strong>secundo</strong></span> <span class='ocrx_word' id='word_1_360' title='bbox 1559 428 1599 466; x_wconf 77' lang='lat'><strong>⁸:</strong></span> <span class='ocrx_word' id='word_1_361' title='bbox 1625 441 1644 463; x_wconf 75' lang='lat' dir='ltr'><strong>c&lt;</strong></span> <span class='ocrx_word' id='word_1_362' title='bbox 1672 431 1855 467; x_wconf 86' lang='lat' dir='ltr'><strong>Peccator</strong></span> <span class='ocrx_word' id='word_1_363' title='bbox 1889 433 2180 479; x_wconf 84' lang='lat' dir='ltr'><strong>transgrediens</strong></span> <span class='ocrx_word' id='word_1_364' title='bbox 2210 431 2399 470; x_wconf 87' lang='lat' dir='ltr'><strong>mandata</strong></span> 
     </span>
     <span class='ocr_line' id='line_1_56' title="bbox 1365 491 2394 543; baseline 0.003 -16"><span class='ocrx_word' id='word_1_365' title='bbox 1365 491 1550 537; x_wconf 89' lang='lat' dir='ltr'><strong>Domini,</strong></span> <span class='ocrx_word' id='word_1_366' title='bbox 1583 491 1728 530; x_wconf 90' lang='lat' dir='ltr'><strong>incidet</strong></span> <span class='ocrx_word' id='word_1_367' title='bbox 1759 493 1801 529; x_wconf 91' lang='lat' dir='ltr'><strong>in</strong></span> <span class='ocrx_word' id='word_1_368' title='bbox 1830 494 2135 541; x_wconf 86' lang='lat' dir='ltr'><strong>promissionem</strong></span> <span class='ocrx_word' id='word_1_369' title='bbox 2166 506 2354 543; x_wconf 87' lang='lat' dir='ltr'><strong>nequam.</strong></span> <span class='ocrx_word' id='word_1_370' title='bbox 2377 509 2394 530; x_wconf 72' lang='grc' dir='ltr'><strong>ι»</strong></span> 
     </span>
     <span class='ocr_line' id='line_1_57' title="bbox 1365 554 2398 603; baseline 0.004 -13"><span class='ocrx_word' id='word_1_371' title='bbox 1365 554 1439 590; x_wconf 86' lang='lat' dir='ltr'><strong>ista</strong></span> <span class='ocrx_word' id='word_1_372' title='bbox 1459 564 1632 602; x_wconf 87' lang='lat' dir='ltr'><strong>nequam</strong></span> <span class='ocrx_word' id='word_1_373' title='bbox 1650 555 1860 603; x_wconf 88' lang='lat' dir='ltr'><strong>promissio</strong></span> <span class='ocrx_word' id='word_1_374' title='bbox 1882 556 1968 603; x_wconf 88' lang='lat' dir='ltr'><strong>ipsa</strong></span> <span class='ocrx_word' id='word_1_375' title='bbox 1994 559 2049 593; x_wconf 90' lang='lat' dir='ltr'><strong>est</strong></span> <span class='ocrx_word' id='word_1_376' title='bbox 2074 559 2155 593; x_wconf 88' lang='lat' dir='ltr'><strong>tam</strong></span> <span class='ocrx_word' id='word_1_377' title='bbox 2185 557 2398 603; x_wconf 80' lang='lat' dir='ltr'><strong>interioris,</strong></span> 
     </span>
     <span class='ocr_line' id='line_1_58' title="bbox 1366 617 2396 664; baseline 0.004 -12"><span class='ocrx_word' id='word_1_378' title='bbox 1366 626 1488 664; x_wconf 88' lang='lat' dir='ltr'><strong>quam</strong></span> <span class='ocrx_word' id='word_1_379' title='bbox 1507 617 1709 655; x_wconf 83' lang='lat' dir='ltr'><strong>exterioris</strong></span> <span class='ocrx_word' id='word_1_380' title='bbox 1729 618 1902 655; x_wconf 87' lang='lat' dir='ltr'><strong>hominis</strong></span> <span class='ocrx_word' id='word_1_381' title='bbox 1928 618 2190 656; x_wconf 85' lang='lat' dir='ltr'><strong>mortificatio.</strong></span> <span class='ocrx_word' id='word_1_382' title='bbox 2215 621 2264 656; x_wconf 93' lang='lat' dir='ltr'><strong>De</strong></span> <span class='ocrx_word' id='word_1_383' title='bbox 2284 620 2396 657; x_wconf 90' lang='lat' dir='ltr'><strong>tertio</strong></span> 
     </span>
     <span class='ocr_line' id='line_1_59' title="bbox 1365 677 2399 728; baseline 0.004 -14"><span class='ocrx_word' id='word_1_384' title='bbox 1365 677 1548 715; x_wconf 88' lang='lat' dir='ltr'><strong>scribitur</strong></span> <span class='ocrx_word' id='word_1_385' title='bbox 1564 680 1578 702; x_wconf 84' lang='lat'>⁷</span> <span class='ocrx_word' id='word_1_386' title='bbox 1600 691 1608 716; x_wconf 89' lang='lat'><strong>:</strong></span> <span class='ocrx_word' id='word_1_387' title='bbox 1634 692 1652 714; x_wconf 87' lang='lat'>«</span> <span class='ocrx_word' id='word_1_388' title='bbox 1679 680 1774 717; x_wconf 87' lang='lat' dir='ltr'><strong>Vide</strong></span> <span class='ocrx_word' id='word_1_389' title='bbox 1808 680 1999 728; x_wconf 89' lang='lat' dir='ltr'><strong>quoniam</strong></span> <span class='ocrx_word' id='word_1_390' title='bbox 2030 681 2218 718; x_wconf 87' lang='lat' dir='ltr'><strong>mandata</strong></span> <span class='ocrx_word' id='word_1_391' title='bbox 2248 685 2314 718; x_wconf 86' lang='lat' dir='ltr'><strong>tua</strong></span> <span class='ocrx_word' id='word_1_392' title='bbox 2340 682 2399 718; x_wconf 89' lang='lat' dir='ltr'><strong>di-</strong></span> 
     </span>
     <span class='ocr_line' id='line_1_60' title="bbox 1365 738 2400 789; baseline 0.005 -13"><span class='ocrx_word' id='word_1_393' title='bbox 1365 738 1443 776; x_wconf 71' lang='lat' dir='ltr'><strong>lexi</strong></span> <span class='ocrx_word' id='word_1_394' title='bbox 1468 768 1479 785; x_wconf 95' lang='lat'><strong>,</strong></span> <span class='ocrx_word' id='word_1_395' title='bbox 1518 741 1681 779; x_wconf 91' lang='lat' dir='ltr'><strong>Domine</strong></span> <span class='ocrx_word' id='word_1_396' title='bbox 1707 755 1718 789; x_wconf 92' lang='lat'>;</span> <span class='ocrx_word' id='word_1_397' title='bbox 1752 742 1793 779; x_wconf 90' lang='lat' dir='ltr'><strong>in</strong></span> <span class='ocrx_word' id='word_1_398' title='bbox 1827 742 2100 781; x_wconf 89' lang='lat' dir='ltr'><strong>misericordia</strong></span> <span class='ocrx_word' id='word_1_399' title='bbox 2147 746 2214 781; x_wconf 89' lang='lat' dir='ltr'><strong>tua</strong></span> <span class='ocrx_word' id='word_1_400' title='bbox 2248 744 2400 781; x_wconf 79' lang='lat' dir='ltr'><strong>vivifica</strong></span> 
     </span>
     <span class='ocr_line' id='line_1_61' title="bbox 1365 804 2399 853; baseline 0.002 -13"><span class='ocrx_word' id='word_1_401' title='bbox 1365 813 1429 840; x_wconf 91' lang='lat' dir='ltr'><strong>me</strong></span> <span class='ocrx_word' id='word_1_402' title='bbox 1451 815 1459 839; x_wconf 91' lang='lat'>:</span> <span class='ocrx_word' id='word_1_403' title='bbox 1481 816 1499 838; x_wconf 61' lang='lat'><strong>›‘</strong></span> <span class='ocrx_word' id='word_1_404' title='bbox 1525 814 1696 851; x_wconf 90' lang='lat' dir='ltr'><strong>quorum</strong></span> <span class='ocrx_word' id='word_1_405' title='bbox 1727 804 1901 852; x_wconf 88' lang='lat' dir='ltr'><strong>primum</strong></span> <span class='ocrx_word' id='word_1_406' title='bbox 1928 805 2096 853; x_wconf 86' lang='lat' dir='ltr'><strong>pertinet</strong></span> <span class='ocrx_word' id='word_1_407' title='bbox 2116 806 2168 844; x_wconf 91' lang='lat' dir='ltr'><strong>ad</strong></span> <span class='ocrx_word' id='word_1_408' title='bbox 2188 806 2399 853; x_wconf 82' lang='lat' dir='ltr'><strong>regressio-</strong></span> 
     </span>
     <span class='ocr_line' id='line_1_62' title="bbox 1365 866 2397 915; baseline 0.005 -14"><span class='ocrx_word' id='word_1_409' title='bbox 1365 875 1473 912; x_wconf 84' lang='lat' dir='ltr'><strong>nem3</strong></span> <span class='ocrx_word' id='word_1_410' title='bbox 1508 866 1729 903; x_wconf 91' lang='lat' dir='ltr'><strong>secundum</strong></span> <span class='ocrx_word' id='word_1_411' title='bbox 1749 894 1762 913; x_wconf 94' lang='lat'><strong>,</strong></span> <span class='ocrx_word' id='word_1_412' title='bbox 1795 867 1847 903; x_wconf 91' lang='lat' dir='ltr'><strong>ad</strong></span> <span class='ocrx_word' id='word_1_413' title='bbox 1877 868 2136 915; x_wconf 83' lang='lat' dir='ltr'><strong>regredientis</strong></span> <span class='ocrx_word' id='word_1_414' title='bbox 2168 868 2397 906; x_wconf 78' lang='lat' dir='ltr'><strong>vivificatio-</strong></span> 
     </span>
     <span class='ocr_line' id='line_1_63' title="bbox 1365 928 1919 975; baseline 0.004 -11"><span class='ocrx_word' id='word_1_415' title='bbox 1365 938 1475 975; x_wconf 91' lang='lat' dir='ltr'><strong>nem,</strong></span> <span class='ocrx_word' id='word_1_416' title='bbox 1499 938 1569 965; x_wconf 90' lang='lat' dir='ltr'><strong>seu</strong></span> <span class='ocrx_word' id='word_1_417' title='bbox 1584 928 1919 975; x_wconf 88' lang='lat' dir='ltr'><strong>justificationem.</strong></span> 
     </span>
    </p>
   </div>
   <div class='ocr_carea' id='block_1_7' title="bbox 1699 1035 2063 1072">
    <p class='ocr_par' dir='ltr' id='par_1_9' title="bbox 1699 1035 2063 1072">
     <span class='ocr_line' id='line_1_64' title="bbox 1699 1035 2063 1072; baseline 0.005 -2"><span class='ocrx_word' id='word_1_418' title='bbox 1699 1035 1892 1071; x_wconf 75' lang='lat' dir='ltr'><strong>Articulus</strong></span> <span class='ocrx_word' id='word_1_419' title='bbox 1921 1037 2063 1072; x_wconf 74' lang='lat' dir='ltr'><strong>tertius.</strong></span> 
     </span>
    </p>
   </div>
   <div class='ocr_carea' id='block_1_8' title="bbox 1363 1116 2404 3367">
    <p class='ocr_par' dir='ltr' id='par_1_10' title="bbox 1364 1116 2404 2661">
     <span class='ocr_line' id='line_1_65' title="bbox 1414 1116 2402 1164; baseline 0.005 -12"><span class='ocrx_word' id='word_1_420' title='bbox 1414 1116 1576 1153; x_wconf 84' lang='lat' dir='ltr'><strong>intuitus</strong></span> <span class='ocrx_word' id='word_1_421' title='bbox 1609 1117 1842 1164; x_wconf 90' lang='lat' dir='ltr'><strong>denotatur,</strong></span> <span class='ocrx_word' id='word_1_422' title='bbox 1877 1128 1968 1155; x_wconf 88' lang='lat' dir='ltr'><strong>cum</strong></span> <span class='ocrx_word' id='word_1_423' title='bbox 1994 1118 2134 1156; x_wconf 89' lang='lat' dir='ltr'><strong>dicitur</strong></span> <span class='ocrx_word' id='word_1_424' title='bbox 2167 1131 2174 1156; x_wconf 89' lang='lat'>:</span> <span class='ocrx_word' id='word_1_425' title='bbox 2207 1121 2305 1157; x_wconf 76' lang='lat' dir='ltr'><strong>Tuis.</strong></span> <span class='ocrx_word' id='word_1_426' title='bbox 2341 1122 2402 1157; x_wconf 84' lang='lat' dir='ltr'><strong>Est</strong></span> 
     </span>
     <span class='ocr_line' id='line_1_66' title="bbox 1367 1178 2401 1230; baseline 0.004 -16"><span class='ocrx_word' id='word_1_427' title='bbox 1367 1178 1473 1215; x_wconf 92' lang='lat' dir='ltr'><strong>enim</strong></span> <span class='ocrx_word' id='word_1_428' title='bbox 1510 1189 1734 1227; x_wconf 89' lang='lat' dir='ltr'><strong>pronomen</strong></span> <span class='ocrx_word' id='word_1_429' title='bbox 1774 1181 2065 1229; x_wconf 86' lang='lat' dir='ltr'><strong>possessivum,</strong></span> <span class='ocrx_word' id='word_1_430' title='bbox 2093 1184 2129 1219; x_wconf 90' lang='lat' dir='ltr'><strong>et</strong></span> <span class='ocrx_word' id='word_1_431' title='bbox 2165 1183 2401 1230; x_wconf 81' lang='lat' dir='ltr'><strong>possessoris</strong></span> 
     </span>
     <span class='ocr_line' id='line_1_67' title="bbox 1367 1240 2400 1293; baseline 0.004 -15"><span class='ocrx_word' id='word_1_432' title='bbox 1367 1240 1735 1280; x_wconf 86' lang='lat' dir='ltr'><strong>demonstrativum.</strong></span> <span class='ocrx_word' id='word_1_433' title='bbox 1762 1245 1965 1281; x_wconf 91' lang='lat' dir='ltr'><strong>Possessor</strong></span> <span class='ocrx_word' id='word_1_434' title='bbox 1994 1245 2126 1281; x_wconf 88' lang='lat' dir='ltr'><strong>autem</strong></span> <span class='ocrx_word' id='word_1_435' title='bbox 2145 1244 2300 1293; x_wconf 89' lang='lat' dir='ltr'><strong>imperii</strong></span> <span class='ocrx_word' id='word_1_436' title='bbox 2322 1246 2400 1282; x_wconf 90' lang='lat' dir='ltr'><strong>vir-</strong></span> 
     </span>
     <span class='ocr_line' id='line_1_68' title="bbox 1366 1305 2401 1356; baseline 0.005 -15"><span class='ocrx_word' id='word_1_437' title='bbox 1366 1305 1483 1343; x_wconf 90' lang='lat' dir='ltr'><strong>tualis</strong></span> <span class='ocrx_word' id='word_1_438' title='bbox 1503 1308 1559 1343; x_wconf 87' lang='lat' dir='ltr'><strong>est</strong></span> <span class='ocrx_word' id='word_1_439' title='bbox 1579 1307 1812 1355; x_wconf 90' lang='lat' dir='ltr'><strong>imperator,</strong></span> <span class='ocrx_word' id='word_1_440' title='bbox 1834 1312 2044 1356; x_wconf 86' lang='lat' dir='ltr'><strong>operator,</strong></span> <span class='ocrx_word' id='word_1_441' title='bbox 2066 1320 2111 1346; x_wconf 93' lang='lat' dir='ltr'><strong>ac</strong></span> <span class='ocrx_word' id='word_1_442' title='bbox 2130 1312 2401 1346; x_wconf 86' lang='lat' dir='ltr'><strong>remunerator</strong></span> 
     </span>
     <span class='ocr_line' id='line_1_69' title="bbox 1366 1369 2401 1420; baseline 0.004 -15"><span class='ocrx_word' id='word_1_443' title='bbox 1366 1369 1454 1406; x_wconf 81' lang='lat' dir='ltr'><strong>vitae</strong></span> <span class='ocrx_word' id='word_1_444' title='bbox 1474 1369 1700 1417; x_wconf 86' lang='lat' dir='ltr'><strong>spiritualis.</strong></span> <span class='ocrx_word' id='word_1_445' title='bbox 1720 1371 1779 1409; x_wconf 87' lang='lat' dir='ltr'><strong>Ad</strong></span> <span class='ocrx_word' id='word_1_446' title='bbox 1807 1371 1929 1419; x_wconf 91' lang='lat' dir='ltr'><strong>ipsius</strong></span> <span class='ocrx_word' id='word_1_447' title='bbox 1951 1372 2199 1420; x_wconf 87' lang='lat' dir='ltr'><strong>imperatoris</strong></span> <span class='ocrx_word' id='word_1_448' title='bbox 2218 1372 2401 1409; x_wconf 87' lang='lat' dir='ltr'><strong>intuitum</strong></span> 
     </span>
     <span class='ocr_line' id='line_1_70' title="bbox 1366 1431 2402 1482; baseline 0.005 -15"><span class='ocrx_word' id='word_1_449' title='bbox 1366 1431 1522 1469; x_wconf 84' lang='lat' dir='ltr'><strong>videtur</strong></span> <span class='ocrx_word' id='word_1_450' title='bbox 1541 1443 1652 1470; x_wconf 90' lang='lat' dir='ltr'><strong>mens</strong></span> <span class='ocrx_word' id='word_1_451' title='bbox 1672 1433 1847 1471; x_wconf 85' lang='lat' dir='ltr'><strong>humana</strong></span> <span class='ocrx_word' id='word_1_452' title='bbox 1866 1436 2071 1482; x_wconf 83' lang='lat' dir='ltr'><strong>penetrare</strong></span> <span class='ocrx_word' id='word_1_453' title='bbox 2086 1463 2098 1481; x_wconf 92' lang='lat'><strong>,</strong></span> <span class='ocrx_word' id='word_1_454' title='bbox 2121 1445 2210 1471; x_wconf 87' lang='lat' dir='ltr'><strong>cum</strong></span> <span class='ocrx_word' id='word_1_455' title='bbox 2230 1438 2402 1472; x_wconf 88' lang='lat' dir='ltr'><strong>meretur</strong></span> 
     </span>
     <span class='ocr_line' id='line_1_71' title="bbox 1367 1494 2401 1546; baseline 0.005 -15"><span class='ocrx_word' id='word_1_456' title='bbox 1367 1494 1418 1531; x_wconf 88' lang='lat' dir='ltr'><strong>ab</strong></span> <span class='ocrx_word' id='word_1_457' title='bbox 1447 1495 1534 1542; x_wconf 90' lang='lat' dir='ltr'><strong>ipso</strong></span> <span class='ocrx_word' id='word_1_458' title='bbox 1565 1495 1817 1533; x_wconf 86' lang='lat' dir='ltr'><strong>revelationis</strong></span> <span class='ocrx_word' id='word_1_459' title='bbox 1847 1497 2014 1544; x_wconf 85' lang='lat' dir='ltr'><strong>gratiam</strong></span> <span class='ocrx_word' id='word_1_460' title='bbox 2045 1498 2269 1546; x_wconf 85' lang='lat' dir='ltr'><strong>impetrare.</strong></span> <span class='ocrx_word' id='word_1_461' title='bbox 2293 1499 2401 1535; x_wconf 87' lang='lat' dir='ltr'><strong>Circa</strong></span> 
     </span>
     <span class='ocr_line' id='line_1_72' title="bbox 1367 1556 2400 1609; baseline 0.005 -16"><span class='ocrx_word' id='word_1_462' title='bbox 1367 1556 1517 1595; x_wconf 90' lang='lat' dir='ltr'><strong>dictum</strong></span> <span class='ocrx_word' id='word_1_463' title='bbox 1554 1558 1837 1606; x_wconf 88' lang='lat' dir='ltr'><strong>imperatorem</strong></span> <span class='ocrx_word' id='word_1_464' title='bbox 1877 1560 1950 1597; x_wconf 85' lang='lat' dir='ltr'><strong>tria</strong></span> <span class='ocrx_word' id='word_1_465' title='bbox 1986 1562 2123 1598; x_wconf 86' lang='lat' dir='ltr'><strong>notare</strong></span> <span class='ocrx_word' id='word_1_466' title='bbox 2160 1572 2400 1609; x_wconf 85' lang='lat' dir='ltr'><strong>possumus,</strong></span> 
     </span>
     <span class='ocr_line' id='line_1_73' title="bbox 1367 1620 2402 1672; baseline 0.004 -16"><span class='ocrx_word' id='word_1_467' title='bbox 1367 1630 1455 1667; x_wconf 83' lang='lat' dir='ltr'><strong>quae</strong></span> <span class='ocrx_word' id='word_1_468' title='bbox 1480 1620 1618 1658; x_wconf 90' lang='lat' dir='ltr'><strong>decent</strong></span> <span class='ocrx_word' id='word_1_469' title='bbox 1645 1621 1941 1670; x_wconf 87' lang='lat' dir='ltr'><strong>imperatoriam</strong></span> <span class='ocrx_word' id='word_1_470' title='bbox 1973 1623 2216 1670; x_wconf 90' lang='lat' dir='ltr'><strong>majestatem</strong></span> <span class='ocrx_word' id='word_1_471' title='bbox 2237 1637 2247 1660; x_wconf 71' lang='grc' dir='ltr'><em>ι</em></span> <span class='ocrx_word' id='word_1_472' title='bbox 2268 1626 2402 1672; x_wconf 90' lang='lat' dir='ltr'><strong>utpote</strong></span> 
     </span>
     <span class='ocr_line' id='line_1_74' title="bbox 1366 1682 2402 1731; baseline 0.004 -12"><span class='ocrx_word' id='word_1_473' title='bbox 1366 1682 1602 1730; x_wconf 88' lang='lat' dir='ltr'><strong>potentiam,</strong></span> <span class='ocrx_word' id='word_1_474' title='bbox 1631 1683 1865 1731; x_wconf 84' lang='lat' dir='ltr'><strong>sapientiam</strong></span> <span class='ocrx_word' id='word_1_475' title='bbox 1882 1713 1894 1731; x_wconf 97' lang='lat'><strong>,</strong></span> <span class='ocrx_word' id='word_1_476' title='bbox 1915 1685 2146 1723; x_wconf 87' lang='lat' dir='ltr'><strong>bonitatem.</strong></span> <span class='ocrx_word' id='word_1_477' title='bbox 2169 1687 2261 1730; x_wconf 81' lang='lat' dir='ltr'><strong>Quae</strong></span> <span class='ocrx_word' id='word_1_478' title='bbox 2289 1688 2402 1723; x_wconf 89' lang='lat' dir='ltr'><strong>nota-</strong></span> 
     </span>
     <span class='ocr_line' id='line_1_75' title="bbox 1366 1744 2403 1797; baseline 0.004 -16"><span class='ocrx_word' id='word_1_479' title='bbox 1366 1744 1422 1782; x_wconf 83' lang='lat' dir='ltr'><strong>vit</strong></span> <span class='ocrx_word' id='word_1_480' title='bbox 1443 1745 1665 1793; x_wconf 80' lang='lat' dir='ltr'><strong>psalmista,</strong></span> <span class='ocrx_word' id='word_1_481' title='bbox 1687 1757 1777 1784; x_wconf 91' lang='lat' dir='ltr'><strong>cum</strong></span> <span class='ocrx_word' id='word_1_482' title='bbox 1798 1747 1851 1785; x_wconf 89' lang='lat' dir='ltr'><strong>ait</strong></span> <span class='ocrx_word' id='word_1_483' title='bbox 1872 1759 1880 1783; x_wconf 92' lang='lat'>:</span> <span class='ocrx_word' id='word_1_484' title='bbox 1907 1748 2007 1794; x_wconf 74' lang='lat' dir='ltr'><strong>Tuis,</strong></span> <span class='ocrx_word' id='word_1_485' title='bbox 2028 1748 2142 1797; x_wconf 90' lang='lat' dir='ltr'><strong>quasi</strong></span> <span class='ocrx_word' id='word_1_486' title='bbox 2163 1748 2266 1786; x_wconf 84' lang='lat' dir='ltr'><strong>dicat</strong></span> <span class='ocrx_word' id='word_1_487' title='bbox 2288 1762 2297 1785; x_wconf 89' lang='lat'>:</span> <span class='ocrx_word' id='word_1_488' title='bbox 2316 1751 2403 1785; x_wconf 76' lang='lat' dir='ltr'><strong>Tuce</strong></span> 
     </span>
     <span class='ocr_line' id='line_1_76' title="bbox 1366 1808 2404 1860; baseline 0.005 -15"><span class='ocrx_word' id='word_1_489' title='bbox 1366 1808 1573 1855; x_wconf 84' lang='lat' dir='ltr'><strong>potentiae,</strong></span> <span class='ocrx_word' id='word_1_490' title='bbox 1606 1812 1680 1847; x_wconf 86' lang='lat' dir='ltr'><strong>tuae</strong></span> <span class='ocrx_word' id='word_1_491' title='bbox 1710 1810 1930 1858; x_wconf 83' lang='lat' dir='ltr'><strong>sapientiae,</strong></span> <span class='ocrx_word' id='word_1_492' title='bbox 1950 1812 2025 1848; x_wconf 71' lang='lat' dir='ltr'><strong>tuae</strong></span> <span class='ocrx_word' id='word_1_493' title='bbox 2050 1811 2236 1849; x_wconf 88' lang='lat' dir='ltr'><strong>bonitatis</strong></span> <span class='ocrx_word' id='word_1_494' title='bbox 2267 1823 2275 1848; x_wconf 90' lang='lat'>:</span> <span class='ocrx_word' id='word_1_495' title='bbox 2305 1822 2404 1860; x_wconf 87' lang='lat' dir='ltr'><strong>qua-</strong></span> 
     </span>
     <span class='ocr_line' id='line_1_77' title="bbox 1365 1871 2403 1921; baseline 0.004 -13"><span class='ocrx_word' id='word_1_496' title='bbox 1365 1880 1456 1908; x_wconf 88' lang='lat' dir='ltr'><strong>rum</strong></span> <span class='ocrx_word' id='word_1_497' title='bbox 1474 1871 1624 1919; x_wconf 88' lang='lat' dir='ltr'><strong>prima,</strong></span> <span class='ocrx_word' id='word_1_498' title='bbox 1644 1871 1791 1911; x_wconf 86' lang='lat' dir='ltr'><strong>scilicet</strong></span> <span class='ocrx_word' id='word_1_499' title='bbox 1817 1873 2011 1921; x_wconf 82' lang='lat' dir='ltr'><strong>potentia,</strong></span> <span class='ocrx_word' id='word_1_500' title='bbox 2040 1876 2096 1911; x_wconf 91' lang='lat' dir='ltr'><strong>est</strong></span> <span class='ocrx_word' id='word_1_501' title='bbox 2125 1874 2403 1912; x_wconf 85' lang='lat' dir='ltr'><strong>venerabiliter</strong></span> 
     </span>
     <span class='ocr_line' id='line_1_78' title="bbox 1366 1933 2404 1986; baseline 0.005 -15"><span class='ocrx_word' id='word_1_502' title='bbox 1366 1933 1594 1982; x_wconf 88' lang='lat' dir='ltr'><strong>eloquenda</strong></span> <span class='ocrx_word' id='word_1_503' title='bbox 1604 1948 1616 1982; x_wconf 82' lang='lat'>3</span> <span class='ocrx_word' id='word_1_504' title='bbox 1647 1935 1845 1982; x_wconf 90' lang='lat' dir='ltr'><strong>secunda,</strong></span> <span class='ocrx_word' id='word_1_505' title='bbox 1873 1937 2021 1975; x_wconf 91' lang='lat' dir='ltr'><strong>scilicet</strong></span> <span class='ocrx_word' id='word_1_506' title='bbox 2050 1938 2264 1986; x_wconf 88' lang='lat' dir='ltr'><strong>sapientia,</strong></span> <span class='ocrx_word' id='word_1_507' title='bbox 2285 1948 2404 1976; x_wconf 88' lang='lat' dir='ltr'><strong>vene-</strong></span> 
     </span>
     <span class='ocr_line' id='line_1_79' title="bbox 1365 1996 2404 2048; baseline 0.004 -14"><span class='ocrx_word' id='word_1_508' title='bbox 1365 1996 1542 2034; x_wconf 86' lang='lat' dir='ltr'><strong>rabiliter</strong></span> <span class='ocrx_word' id='word_1_509' title='bbox 1562 1997 1787 2046; x_wconf 85' lang='lat' dir='ltr'><strong>audienda3</strong></span> <span class='ocrx_word' id='word_1_510' title='bbox 1811 1999 1945 2046; x_wconf 87' lang='lat' dir='ltr'><strong>tertia,</strong></span> <span class='ocrx_word' id='word_1_511' title='bbox 1965 2000 2113 2038; x_wconf 85' lang='lat' dir='ltr'><strong>scilicet</strong></span> <span class='ocrx_word' id='word_1_512' title='bbox 2138 2001 2316 2048; x_wconf 79' lang='lat' dir='ltr'><strong>bonitas,</strong></span> <span class='ocrx_word' id='word_1_513' title='bbox 2335 2011 2404 2038; x_wconf 85' lang='lat' dir='ltr'><strong>ve-</strong></span> 
     </span>
     <span class='ocr_line' id='line_1_80' title="bbox 1366 2058 2400 2110; baseline 0.004 -14"><span class='ocrx_word' id='word_1_514' title='bbox 1366 2058 1597 2098; x_wconf 87' lang='lat' dir='ltr'><strong>nerabiliter</strong></span> <span class='ocrx_word' id='word_1_515' title='bbox 1627 2061 1916 2109; x_wconf 86' lang='lat' dir='ltr'><strong>amplectenda.</strong></span> <span class='ocrx_word' id='word_1_516' title='bbox 1952 2064 2003 2099; x_wconf 89' lang='lat' dir='ltr'><strong>De</strong></span> <span class='ocrx_word' id='word_1_517' title='bbox 2036 2063 2163 2110; x_wconf 87' lang='lat' dir='ltr'><strong>prima</strong></span> <span class='ocrx_word' id='word_1_518' title='bbox 2196 2063 2338 2100; x_wconf 89' lang='lat' dir='ltr'><strong>dicitur</strong></span> <span class='ocrx_word' id='word_1_519' title='bbox 2357 2063 2400 2100; x_wconf 80' lang='lat'><strong>⁸:</strong></span> 
     </span>
     <span class='ocr_line' id='line_1_81' title="bbox 1369 2122 2403 2173; baseline 0.004 -14"><span class='ocrx_word' id='word_1_520' title='bbox 1369 2135 1387 2157; x_wconf 82' lang='grc' dir='ltr'>α</span> <span class='ocrx_word' id='word_1_521' title='bbox 1407 2122 1581 2160; x_wconf 88' lang='lat' dir='ltr'><strong>Gloriam</strong></span> <span class='ocrx_word' id='word_1_522' title='bbox 1601 2123 1713 2171; x_wconf 88' lang='lat' dir='ltr'><strong>regni</strong></span> <span class='ocrx_word' id='word_1_523' title='bbox 1738 2124 1794 2161; x_wconf 87' lang='lat' dir='ltr'><strong>tui</strong></span> <span class='ocrx_word' id='word_1_524' title='bbox 1815 2123 1968 2170; x_wconf 88' lang='lat' dir='ltr'><strong>dicent,</strong></span> <span class='ocrx_word' id='word_1_525' title='bbox 1996 2127 2033 2162; x_wconf 93' lang='lat' dir='ltr'><strong>et</strong></span> <span class='ocrx_word' id='word_1_526' title='bbox 2057 2125 2276 2173; x_wconf 90' lang='lat' dir='ltr'><strong>potentiam</strong></span> <span class='ocrx_word' id='word_1_527' title='bbox 2295 2128 2403 2163; x_wconf 88' lang='lat' dir='ltr'><strong>tuam</strong></span> 
     </span>
     <span class='ocr_line' id='line_1_82' title="bbox 1364 2185 2403 2234; baseline 0.003 -12"><span class='ocrx_word' id='word_1_528' title='bbox 1364 2185 1611 2233; x_wconf 81' lang='lat' dir='ltr'><strong>loquentur:</strong></span> <span class='ocrx_word' id='word_1_529' title='bbox 1634 2199 1651 2221; x_wconf 85' lang='lat'>»</span> <span class='ocrx_word' id='word_1_530' title='bbox 1687 2197 1777 2223; x_wconf 87' lang='lat' dir='ltr'><strong>ecce</strong></span> <span class='ocrx_word' id='word_1_531' title='bbox 1809 2187 1986 2234; x_wconf 89' lang='lat' dir='ltr'><strong>potentia</strong></span> <span class='ocrx_word' id='word_1_532' title='bbox 2013 2187 2290 2225; x_wconf 83' lang='lat' dir='ltr'><strong>venerabiliter</strong></span> <span class='ocrx_word' id='word_1_533' title='bbox 2322 2187 2403 2225; x_wconf 89' lang='lat' dir='ltr'><strong>elo-</strong></span> 
     </span>
     <span class='ocr_line' id='line_1_83' title="bbox 1365 2247 2404 2299; baseline 0.001 -14"><span class='ocrx_word' id='word_1_534' title='bbox 1365 2247 1540 2296; x_wconf 90' lang='lat' dir='ltr'><strong>quenda.</strong></span> <span class='ocrx_word' id='word_1_535' title='bbox 1566 2250 1619 2286; x_wconf 92' lang='lat' dir='ltr'><strong>De</strong></span> <span class='ocrx_word' id='word_1_536' title='bbox 1649 2248 1822 2287; x_wconf 89' lang='lat' dir='ltr'><strong>secunda</strong></span> <span class='ocrx_word' id='word_1_537' title='bbox 1841 2251 1854 2271; x_wconf 81' lang='lat'>⁹</span> <span class='ocrx_word' id='word_1_538' title='bbox 1877 2261 1885 2286; x_wconf 76' lang='grc' dir='ltr'><strong><em>ε</em></strong></span> <span class='ocrx_word' id='word_1_539' title='bbox 1921 2263 1939 2283; x_wconf 85' lang='lat'>«</span> <span class='ocrx_word' id='word_1_540' title='bbox 1964 2250 2068 2288; x_wconf 87' lang='lat' dir='ltr'><strong>Beati</strong></span> <span class='ocrx_word' id='word_1_541' title='bbox 2095 2250 2197 2288; x_wconf 87' lang='lat' dir='ltr'><strong>servi</strong></span> <span class='ocrx_word' id='word_1_542' title='bbox 2229 2251 2312 2296; x_wconf 93' lang='lat' dir='ltr'><strong>tui,</strong></span> <span class='ocrx_word' id='word_1_543' title='bbox 2335 2250 2404 2299; x_wconf 88' lang='lat' dir='ltr'><strong>qui</strong></span> 
     </span>
     <span class='ocr_line' id='line_1_84' title="bbox 1364 2312 2403 2361; baseline 0.003 -14"><span class='ocrx_word' id='word_1_544' title='bbox 1364 2313 1468 2348; x_wconf 87' lang='lat' dir='ltr'><strong>stant</strong></span> <span class='ocrx_word' id='word_1_545' title='bbox 1486 2321 1622 2349; x_wconf 88' lang='lat' dir='ltr'><strong>coram</strong></span> <span class='ocrx_word' id='word_1_546' title='bbox 1648 2314 1683 2349; x_wconf 90' lang='lat' dir='ltr'><strong>te</strong></span> <span class='ocrx_word' id='word_1_547' title='bbox 1705 2322 1886 2360; x_wconf 87' lang='lat' dir='ltr'><strong>semper,</strong></span> <span class='ocrx_word' id='word_1_548' title='bbox 1908 2315 1945 2350; x_wconf 94' lang='lat' dir='ltr'><strong>et</strong></span> <span class='ocrx_word' id='word_1_549' title='bbox 1971 2312 2139 2350; x_wconf 86' lang='lat' dir='ltr'><strong>audiunt</strong></span> <span class='ocrx_word' id='word_1_550' title='bbox 2169 2312 2403 2361; x_wconf 86' lang='lat' dir='ltr'><strong>sapientiam</strong></span> 
     </span>
     <span class='ocr_line' id='line_1_85' title="bbox 1365 2374 2400 2422; baseline 0.003 -12"><span class='ocrx_word' id='word_1_551' title='bbox 1365 2375 1475 2411; x_wconf 88' lang='lat' dir='ltr'><strong>tuam</strong></span> <span class='ocrx_word' id='word_1_552' title='bbox 1497 2386 1505 2411; x_wconf 77' lang='grc' dir='ltr'><strong><em>ε</em></strong></span> <span class='ocrx_word' id='word_1_553' title='bbox 1526 2387 1545 2409; x_wconf 83' lang='lat'>»</span> <span class='ocrx_word' id='word_1_554' title='bbox 1566 2384 1657 2411; x_wconf 86' lang='lat' dir='ltr'><strong>ecce</strong></span> <span class='ocrx_word' id='word_1_555' title='bbox 1677 2374 1869 2422; x_wconf 88' lang='lat' dir='ltr'><strong>sapientia</strong></span> <span class='ocrx_word' id='word_1_556' title='bbox 1887 2375 2166 2413; x_wconf 88' lang='lat' dir='ltr'><strong>venerabiliter</strong></span> <span class='ocrx_word' id='word_1_557' title='bbox 2186 2375 2400 2414; x_wconf 88' lang='lat' dir='ltr'><strong>audienda.</strong></span> 
     </span>
     <span class='ocr_line' id='line_1_86' title="bbox 1367 2435 2400 2484; baseline 0.003 -12"><span class='ocrx_word' id='word_1_558' title='bbox 1367 2438 1417 2473; x_wconf 90' lang='lat' dir='ltr'><strong>De</strong></span> <span class='ocrx_word' id='word_1_559' title='bbox 1431 2435 1542 2474; x_wconf 87' lang='lat' dir='ltr'><strong>tertia</strong></span> <span class='ocrx_word' id='word_1_560' title='bbox 1558 2436 1586 2458; x_wconf 92' lang='lat'><strong>¹⁰</strong></span> <span class='ocrx_word' id='word_1_561' title='bbox 1604 2448 1612 2472; x_wconf 75' lang='grc' dir='ltr'><strong><em>ε</em></strong></span> <span class='ocrx_word' id='word_1_562' title='bbox 1629 2448 1647 2470; x_wconf 90' lang='lat'>«</span> <span class='ocrx_word' id='word_1_563' title='bbox 1667 2438 1734 2484; x_wconf 88' lang='lat' dir='ltr'><strong>Tu,</strong></span> <span class='ocrx_word' id='word_1_564' title='bbox 1752 2437 1929 2483; x_wconf 85' lang='lat' dir='ltr'><strong>Domine,</strong></span> <span class='ocrx_word' id='word_1_565' title='bbox 1947 2437 2168 2475; x_wconf 88' lang='lat' dir='ltr'><strong>secundum</strong></span> <span class='ocrx_word' id='word_1_566' title='bbox 2182 2438 2400 2477; x_wconf 80' lang='lat' dir='ltr'><strong>bonitatem</strong></span> 
     </span>
     <span class='ocr_line' id='line_1_87' title="bbox 1365 2497 2402 2548; baseline 0.003 -14"><span class='ocrx_word' id='word_1_567' title='bbox 1365 2499 1474 2534; x_wconf 81' lang='lat' dir='ltr'><strong>tuam</strong></span> <span class='ocrx_word' id='word_1_568' title='bbox 1505 2497 1719 2545; x_wconf 87' lang='lat' dir='ltr'><strong>promisisti</strong></span> <span class='ocrx_word' id='word_1_569' title='bbox 1751 2499 2023 2546; x_wconf 70' lang='lat' dir='ltr'><strong>poenitentiam</strong></span> <span class='ocrx_word' id='word_1_570' title='bbox 2054 2500 2294 2538; x_wconf 88' lang='lat' dir='ltr'><strong>remissionis</strong></span> <span class='ocrx_word' id='word_1_571' title='bbox 2314 2512 2402 2548; x_wconf 74' lang='lat' dir='ltr'><strong>pec-</strong></span> 
     </span>
     <span class='ocr_line' id='line_1_88' title="bbox 1366 2561 2401 2611; baseline 0.004 -15"><span class='ocrx_word' id='word_1_572' title='bbox 1366 2562 1545 2598; x_wconf 88' lang='lat' dir='ltr'><strong>catorum</strong></span> <span class='ocrx_word' id='word_1_573' title='bbox 1566 2572 1574 2596; x_wconf 73' lang='grc' dir='ltr'>ε</span> <span class='ocrx_word' id='word_1_574' title='bbox 1600 2573 1618 2595; x_wconf 87' lang='lat'>»</span> <span class='ocrx_word' id='word_1_575' title='bbox 1639 2571 1729 2599; x_wconf 91' lang='lat' dir='ltr'><strong>ecce</strong></span> <span class='ocrx_word' id='word_1_576' title='bbox 1749 2561 1907 2600; x_wconf 91' lang='lat' dir='ltr'><strong>bonitas</strong></span> <span class='ocrx_word' id='word_1_577' title='bbox 1925 2561 2202 2600; x_wconf 80' lang='lat' dir='ltr'><strong>venerabiliter</strong></span> <span class='ocrx_word' id='word_1_578' title='bbox 2227 2563 2401 2611; x_wconf 83' lang='lat' dir='ltr'><strong>amplec-</strong></span> 
     </span>
     <span class='ocr_line' id='line_1_89' title="bbox 1365 2622 1497 2661; baseline 0.015 -2"><span class='ocrx_word' id='word_1_579' title='bbox 1365 2622 1497 2661; x_wconf 89' lang='lat' dir='ltr'><strong>tenda.</strong></span> 
     </span>
    </p>

    <p class='ocr_par' dir='ltr' id='par_1_11' title="bbox 1692 2672 2069 2720">
     <span class='ocr_line' id='line_1_90' title="bbox 1692 2672 2069 2720; baseline 0.008 -12"><span class='ocrx_word' id='word_1_580' title='bbox 1692 2672 1885 2709; x_wconf 80' lang='lat' dir='ltr'><strong>Articulus</strong></span> <span class='ocrx_word' id='word_1_581' title='bbox 1905 2676 2069 2720; x_wconf 76' lang='lat' dir='ltr'><strong>quartus.</strong></span> 
     </span>
    </p>

    <p class='ocr_par' dir='ltr' id='par_1_12' title="bbox 1363 2748 2401 3367">
     <span class='ocr_line' id='line_1_91' title="bbox 1413 2748 2400 2797; baseline 0.003 -12"><span class='ocrx_word' id='word_1_582' title='bbox 1413 2748 1600 2786; x_wconf 89' lang='lat' dir='ltr'><strong>Obtentus</strong></span> <span class='ocrx_word' id='word_1_583' title='bbox 1631 2749 1896 2797; x_wconf 90' lang='lat' dir='ltr'><strong>subnotatur,</strong></span> <span class='ocrx_word' id='word_1_584' title='bbox 1933 2761 2024 2788; x_wconf 91' lang='lat' dir='ltr'><strong>cum</strong></span> <span class='ocrx_word' id='word_1_585' title='bbox 2058 2750 2241 2788; x_wconf 88' lang='lat' dir='ltr'><strong>subditur</strong></span> <span class='ocrx_word' id='word_1_586' title='bbox 2270 2763 2278 2787; x_wconf 76' lang='grc' dir='ltr'><strong><em>ε</em></strong></span> <span class='ocrx_word' id='word_1_587' title='bbox 2315 2752 2400 2795; x_wconf 82' lang='lat' dir='ltr'><strong>Quoe</strong></span> 
     </span>
     <span class='ocr_line' id='line_1_92' title="bbox 1365 2811 2400 2863; baseline 0.004 -15"><span class='ocrx_word' id='word_1_588' title='bbox 1365 2811 1492 2849; x_wconf 71' lang='lat' dir='ltr'><strong>dilexi.</strong></span> <span class='ocrx_word' id='word_1_589' title='bbox 1525 2813 1624 2851; x_wconf 92' lang='lat' dir='ltr'><strong>Sane</strong></span> <span class='ocrx_word' id='word_1_590' title='bbox 1644 2813 1834 2852; x_wconf 87' lang='lat' dir='ltr'><strong>mandata</strong></span> <span class='ocrx_word' id='word_1_591' title='bbox 1852 2813 2010 2861; x_wconf 80' lang='lat' dir='ltr'><strong>dilexit,</strong></span> <span class='ocrx_word' id='word_1_592' title='bbox 2032 2815 2127 2863; x_wconf 85' lang='lat' dir='ltr'><strong>quia</strong></span> <span class='ocrx_word' id='word_1_593' title='bbox 2144 2815 2400 2853; x_wconf 85' lang='lat' dir='ltr'><strong>mandantem</strong></span> 
     </span>
     <span class='ocr_line' id='line_1_93' title="bbox 1363 2875 2401 2926; baseline 0.003 -15"><span class='ocrx_word' id='word_1_594' title='bbox 1363 2875 1567 2922; x_wconf 86' lang='lat' dir='ltr'><strong>prospexit</strong></span> <span class='ocrx_word' id='word_1_595' title='bbox 1599 2876 1856 2915; x_wconf 83' lang='lat' dir='ltr'><strong>:mandantis</strong></span> <span class='ocrx_word' id='word_1_596' title='bbox 1883 2876 2101 2917; x_wconf 88' lang='lat' dir='ltr'><strong>bonitatem</strong></span> <span class='ocrx_word' id='word_1_597' title='bbox 2132 2877 2332 2926; x_wconf 89' lang='lat' dir='ltr'><strong>percepit,</strong></span> <span class='ocrx_word' id='word_1_598' title='bbox 2364 2881 2401 2915; x_wconf 86' lang='lat' dir='ltr'><strong>et</strong></span> 
     </span>
     <span class='ocr_line' id='line_1_94' title="bbox 1364 2937 2401 2990; baseline 0.004 -16"><span class='ocrx_word' id='word_1_599' title='bbox 1364 2937 1456 2976; x_wconf 91' lang='lat' dir='ltr'><strong>ideo</strong></span> <span class='ocrx_word' id='word_1_600' title='bbox 1474 2938 1703 2978; x_wconf 88' lang='lat' dir='ltr'><strong>charitatem</strong></span> <span class='ocrx_word' id='word_1_601' title='bbox 1720 2940 1913 2989; x_wconf 86' lang='lat' dir='ltr'><strong>concepit.</strong></span> <span class='ocrx_word' id='word_1_602' title='bbox 1935 2943 1979 2979; x_wconf 89' lang='lat' dir='ltr'><strong>Et</strong></span> <span class='ocrx_word' id='word_1_603' title='bbox 1997 2944 2110 2988; x_wconf 88' lang='lat' dir='ltr'><strong>nota,</strong></span> <span class='ocrx_word' id='word_1_604' title='bbox 2133 2941 2245 2990; x_wconf 89' lang='lat' dir='ltr'><strong>quod</strong></span> <span class='ocrx_word' id='word_1_605' title='bbox 2265 2941 2401 2978; x_wconf 87' lang='lat' dir='ltr'><strong>divina</strong></span> 
     </span>
     <span class='ocr_line' id='line_1_95' title="bbox 1365 2999 2399 3052; baseline 0.004 -15"><span class='ocrx_word' id='word_1_606' title='bbox 1365 2999 1555 3038; x_wconf 87' lang='lat' dir='ltr'><strong>mandata</strong></span> <span class='ocrx_word' id='word_1_607' title='bbox 1589 3001 1781 3040; x_wconf 90' lang='lat' dir='ltr'><strong>debemus</strong></span> <span class='ocrx_word' id='word_1_608' title='bbox 1822 3002 1987 3052; x_wconf 85' lang='lat' dir='ltr'><strong>diligere</strong></span> <span class='ocrx_word' id='word_1_609' title='bbox 2022 3004 2148 3042; x_wconf 88' lang='lat' dir='ltr'><strong>tribus</strong></span> <span class='ocrx_word' id='word_1_610' title='bbox 2187 3003 2236 3041; x_wconf 88' lang='lat' dir='ltr'><strong>de</strong></span> <span class='ocrx_word' id='word_1_611' title='bbox 2273 3003 2399 3041; x_wconf 86' lang='lat' dir='ltr'><strong>causis</strong></span> 
     </span>
     <span class='ocr_line' id='line_1_96' title="bbox 1364 3062 2398 3114; baseline 0.003 -13"><span class='ocrx_word' id='word_1_612' title='bbox 1364 3062 1586 3111; x_wconf 87' lang='lat' dir='ltr'><strong>potissime,</strong></span> <span class='ocrx_word' id='word_1_613' title='bbox 1607 3064 1792 3103; x_wconf 88' lang='lat' dir='ltr'><strong>videlicet</strong></span> <span class='ocrx_word' id='word_1_614' title='bbox 1819 3066 1913 3114; x_wconf 90' lang='lat' dir='ltr'><strong>quia</strong></span> <span class='ocrx_word' id='word_1_615' title='bbox 1946 3065 2102 3104; x_wconf 90' lang='lat' dir='ltr'><strong>dilectio</strong></span> <span class='ocrx_word' id='word_1_616' title='bbox 2135 3070 2192 3104; x_wconf 90' lang='lat' dir='ltr'><strong>est</strong></span> <span class='ocrx_word' id='word_1_617' title='bbox 2221 3065 2398 3103; x_wconf 87' lang='lat' dir='ltr'><strong>mandati</strong></span> 
     </span>
     <span class='ocr_line' id='line_1_97' title="bbox 1365 3126 2398 3177; baseline 0.004 -15"><span class='ocrx_word' id='word_1_618' title='bbox 1365 3136 1484 3163; x_wconf 89' lang='lat' dir='ltr'><strong>causa</strong></span> <span class='ocrx_word' id='word_1_619' title='bbox 1511 3126 1745 3173; x_wconf 86' lang='lat' dir='ltr'><strong>materialis,</strong></span> <span class='ocrx_word' id='word_1_620' title='bbox 1766 3127 1959 3176; x_wconf 82' lang='lat' dir='ltr'><strong>efficiens,</strong></span> <span class='ocrx_word' id='word_1_621' title='bbox 1989 3129 2118 3166; x_wconf 84' lang='lat' dir='ltr'><strong>finalis</strong></span> <span class='ocrx_word' id='word_1_622' title='bbox 2138 3142 2148 3166; x_wconf 74' lang='grc' dir='ltr'><strong><em>ε</em></strong></span> <span class='ocrx_word' id='word_1_623' title='bbox 2170 3129 2287 3177; x_wconf 89' lang='lat' dir='ltr'><strong>plane</strong></span> <span class='ocrx_word' id='word_1_624' title='bbox 2315 3139 2398 3166; x_wconf 89' lang='lat' dir='ltr'><strong>ma-</strong></span> 
     </span>
     <span class='ocr_line' id='line_1_98' title="bbox 1364 3187 2396 3240; baseline 0.003 -14"><span class='ocrx_word' id='word_1_625' title='bbox 1364 3187 1510 3226; x_wconf 88' lang='lat' dir='ltr'><strong>terialis</strong></span> <span class='ocrx_word' id='word_1_626' title='bbox 1529 3215 1542 3236; x_wconf 95' lang='lat'><strong>,</strong></span> <span class='ocrx_word' id='word_1_627' title='bbox 1576 3189 1671 3237; x_wconf 89' lang='lat' dir='ltr'><strong>quia</strong></span> <span class='ocrx_word' id='word_1_628' title='bbox 1712 3189 1868 3228; x_wconf 86' lang='lat' dir='ltr'><strong>dilectio</strong></span> <span class='ocrx_word' id='word_1_629' title='bbox 1908 3194 1995 3238; x_wconf 88' lang='lat' dir='ltr'><strong>est,</strong></span> <span class='ocrx_word' id='word_1_630' title='bbox 2033 3203 2121 3240; x_wconf 83' lang='lat' dir='ltr'><strong>quae</strong></span> <span class='ocrx_word' id='word_1_631' title='bbox 2156 3191 2396 3238; x_wconf 84' lang='lat' dir='ltr'><strong>mandatur3</strong></span> 
     </span>
     <span class='ocr_line' id='line_1_99' title="bbox 1366 3250 2398 3302; baseline 0.003 -13"><span class='ocrx_word' id='word_1_632' title='bbox 1366 3250 1552 3299; x_wconf 80' lang='lat' dir='ltr'><strong>efficiens,</strong></span> <span class='ocrx_word' id='word_1_633' title='bbox 1565 3251 1661 3300; x_wconf 89' lang='lat' dir='ltr'><strong>quia</strong></span> <span class='ocrx_word' id='word_1_634' title='bbox 1673 3262 1744 3300; x_wconf 90' lang='lat' dir='ltr'><strong>per</strong></span> <span class='ocrx_word' id='word_1_635' title='bbox 1759 3253 2010 3293; x_wconf 86' lang='lat' dir='ltr'><strong>dilectionem</strong></span> <span class='ocrx_word' id='word_1_636' title='bbox 2021 3255 2244 3302; x_wconf 73' lang='lat' dir='ltr'><strong>mandatur,</strong></span> <span class='ocrx_word' id='word_1_637' title='bbox 2254 3254 2398 3301; x_wconf 74' lang='lat' dir='ltr'><strong>finalis,</strong></span> 
     </span>
     <span class='ocr_line' id='line_1_100' title="bbox 1365 3314 2396 3367; baseline 0.007 -16"><span class='ocrx_word' id='word_1_638' title='bbox 1365 3315 1627 3362; x_wconf 87' lang='lat' dir='ltr'><strong>quiapropter</strong></span> <span class='ocrx_word' id='word_1_639' title='bbox 1638 3314 1890 3355; x_wconf 89' lang='lat' dir='ltr'><strong>dilectionem</strong></span> <span class='ocrx_word' id='word_1_640' title='bbox 1900 3318 2123 3357; x_wconf 87' lang='lat' dir='ltr'><strong>mandatur.</strong></span> <span class='ocrx_word' id='word_1_641' title='bbox 2136 3320 2188 3356; x_wconf 92' lang='lat' dir='ltr'><strong>De</strong></span> <span class='ocrx_word' id='word_1_642' title='bbox 2197 3318 2329 3367; x_wconf 89' lang='lat' dir='ltr'><strong>primo</strong></span> <span class='ocrx_word' id='word_1_643' title='bbox 2343 3320 2369 3343; x_wconf 89' lang='lat'><strong>¹¹</strong></span> <span class='ocrx_word' id='word_1_644' title='bbox 2387 3330 2396 3357; x_wconf 91' lang='lat'>:</span> 
     </span>
    </p>
   </div>
   <div class='ocr_carea' id='block_1_9' title="bbox 1367 3415 2396 3462">
    <p class='ocr_par' dir='ltr' id='par_1_13' title="bbox 1367 3415 2396 3462">
     <span class='ocr_line' id='line_1_101' title="bbox 1367 3415 2396 3462; baseline 0.006 -15"><span class='ocrx_word' id='word_1_645' title='bbox 1367 3416 1379 3434; x_wconf 69' lang='lat'><strong>‘³</strong></span> <span class='ocrx_word' id='word_1_646' title='bbox 1394 3415 1514 3454; x_wconf 64' lang='lat' dir='ltr'><strong>Eccli„</strong></span> <span class='ocrx_word' id='word_1_647' title='bbox 1534 3423 1630 3456; x_wconf 65' lang='lat' dir='ltr'><strong>xxm,</strong></span> <span class='ocrx_word' id='word_1_648' title='bbox 1653 3417 1703 3449; x_wconf 76' lang='lat'><strong>26.</strong></span> <span class='ocrx_word' id='word_1_649' title='bbox 1719 3435 1760 3441; x_wconf 94' lang='lat'><strong>—</strong></span> <span class='ocrx_word' id='word_1_650' title='bbox 1780 3419 1790 3437; x_wconf 84' lang='lat'>⁷</span> <span class='ocrx_word' id='word_1_651' title='bbox 1805 3418 1896 3450; x_wconf 80' lang='lat' dir='ltr'><strong>Psal.</strong></span> <span class='ocrx_word' id='word_1_652' title='bbox 1914 3419 1992 3454; x_wconf 80' lang='lat' dir='ltr'><strong>hoc.</strong></span> <span class='ocrx_word' id='word_1_653' title='bbox 2012 3421 2081 3452; x_wconf 78' lang='lat'><strong>159.</strong></span> <span class='ocrx_word' id='word_1_654' title='bbox 2097 3437 2138 3444; x_wconf 91' lang='lat'>-</span> <span class='ocrx_word' id='word_1_655' title='bbox 2152 3421 2163 3439; x_wconf 59' lang='grc' dir='ltr'>θ</span> <span class='ocrx_word' id='word_1_656' title='bbox 2176 3420 2268 3452; x_wconf 80' lang='lat' dir='ltr'><strong>Psal.</strong></span> <span class='ocrx_word' id='word_1_657' title='bbox 2284 3428 2396 3462; x_wconf 63' lang='lat' dir='ltr'><strong>exim,</strong></span> 
     </span>
    </p>
   </div>
   <div class='ocr_carea' id='block_1_10' title="bbox 1366 3464 2398 3551">
    <p class='ocr_par' dir='ltr' id='par_1_14' title="bbox 1366 3464 2398 3551">
     <span class='ocr_line' id='line_1_102' title="bbox 1366 3464 2398 3505; baseline 0.006 -10"><span class='ocrx_word' id='word_1_658' title='bbox 1366 3465 1418 3496; x_wconf 79' lang='grc' dir='ltr'><strong>Η.</strong></span> <span class='ocrx_word' id='word_1_659' title='bbox 1449 3481 1491 3487; x_wconf 89' lang='grc'>-</span> <span class='ocrx_word' id='word_1_660' title='bbox 1523 3466 1534 3483; x_wconf 72' lang='lat'>³</span> <span class='ocrx_word' id='word_1_661' title='bbox 1562 3464 1606 3495; x_wconf 89' lang='lat' dir='ltr'><strong>iil</strong></span> <span class='ocrx_word' id='word_1_662' title='bbox 1641 3464 1730 3505; x_wconf 66' lang='lat' dir='ltr'><strong>neq„</strong></span> <span class='ocrx_word' id='word_1_663' title='bbox 1763 3474 1804 3505; x_wconf 82' lang='lat' dir='ltr'><strong>x,</strong></span> <span class='ocrx_word' id='word_1_664' title='bbox 1837 3468 1866 3498; x_wconf 93' lang='lat'><strong>8.</strong></span> <span class='ocrx_word' id='word_1_665' title='bbox 1898 3484 1937 3491; x_wconf 89' lang='lat'>—</span> <span class='ocrx_word' id='word_1_666' title='bbox 1977 3468 1999 3490; x_wconf 85' lang='lat'><strong>&#39;⁰</strong></span> <span class='ocrx_word' id='word_1_667' title='bbox 2031 3468 2123 3501; x_wconf 72' lang='lat' dir='ltr'><strong>Orat.</strong></span> <span class='ocrx_word' id='word_1_668' title='bbox 2153 3470 2327 3501; x_wconf 74' lang='lat' dir='ltr'><strong>Manassoe.</strong></span> <span class='ocrx_word' id='word_1_669' title='bbox 2359 3485 2398 3492; x_wconf 87' lang='lat'><strong>-—</strong></span> 
     </span>
     <span class='ocr_line' id='line_1_103' title="bbox 1369 3512 1690 3551; baseline 0 -8"><span class='ocrx_word' id='word_1_670' title='bbox 1369 3512 1393 3533; x_wconf 88' lang='lat'><strong>¹¹</strong></span> <span class='ocrx_word' id='word_1_671' title='bbox 1411 3512 1519 3551; x_wconf 55' lang='lat' dir='ltr'><strong>Jown,</strong></span> <span class='ocrx_word' id='word_1_672' title='bbox 1541 3519 1618 3551; x_wconf 77' lang='lat' dir='ltr'><strong>xiii,</strong></span> <span class='ocrx_word' id='word_1_673' title='bbox 1639 3514 1690 3544; x_wconf 67' lang='lat'><strong>254.</strong></span> 
     </span>
    </p>
   </div>
  </div>
 </body>
</html>
