2633 3878
1086 189 1328 231 PSALMUS
1358 190 1531 232 cxvlll.

233 279 329 316 buta
356 279 633 327 diligentibus,
667 281 857 326 tanquam
887 277 1180 324 poenitentibus
1213 280 1263 313 De

233 341 408 378 secundo
435 343 476 377 1:
502 354 519 375 «
544 340 753 387 Disciplina
773 339 970 386 sapientiae
1000 339 1063 374 cui
1095 338 1265 375 revelata

235 405 292 439 est
313 404 349 439 et
368 403 638 440 manifestata?
662 403 698 438 ct
722 400 1091 448 multiplicationem
1116 400 1265 446 ingres-

235 474 300 500 sus
331 464 437 500 illius
469 464 556 511 quis
589 462 807 499 intellexit?
837 464 939 498 Unus
971 464 1027 498 est
1055 461 1265 497 altissimus

235 526 401 562 Creator.
431 538 449 559 »
473 527 516 561 Et
540 525 640 561 infra
662 536 669 560 :
695 535 714 558 «
734 523 959 561 Secundum
984 523 1120 560 datum
1151 533 1267 558 suum

234 587 383 634 praebet
407 586 517 623 illam
543 586 797 632 diligentibus
820 596 860 621 se
887 597 895 621 :
917 598 934 619 »
958 595 1046 622 ecce
1075 584 1266 632 sapientia

235 647 422 684 divinitus
442 648 623 684 attributa
642 647 918 693 diligentibus,
938 650 1127 694 tanquam
1146 645 1266 693 profi-

235 709 439 745 cientibus.
461 710 511 745 De
537 709 648 745 tertio
669 707 682 727 ²
703 720 711 744 :
741 710 916 744 «Beatus
947 708 1007 744 vir
1032 707 1101 755 qui
1132 707 1268 744 suffert

234 770 505 814 tentationem,
519 769 723 817 quoniam,
739 780 829 806 cum
848 770 1040 816 probatus
1060 769 1191 814 fuerit,
1206 778 1267 804 ac-

234 831 350 878 cipiet
368 841 557 868 coronam
576 831 683 877 vitae,
704 841 825 878 quam
845 830 1071 878 repromisit
1092 833 1191 867 Deus
1212 830 1267 866 di-

232 892 445 939 ligentibus
464 903 504 929 sc
526 905 534 929 :
554 906 572 928 »
595 903 683 929 ecee
710 903 858 930 corona
878 892 1062 928 divinitus
1082 891 1268 929 attributa

234 953 502 1001 diligentibus,
520 956 709 1002 tanquam
730 953 1063 1001 pervenientibus,

571 1059 759 1094 Articulas
782 1059 924 1094 tertius.

282 1140 427 1178 Veritas
441 1139 663 1184 denotatur,
678 1150 768 1176 cum
787 1139 970 1176 subditur
988 1151 996 1175 :
1013 1141 1138 1185 Leqem
1153 1142 1265 1186 tuam,

235 1204 323 1248 quia
337 1204 395 1239 lea:
411 1205 473 1238 tua
491 1203 639 1238 veritas.
656 1200 759 1238 Sicut
778 1201 1010 1248 prophetica
1029 1200 1122 1237 dicit
1139 1204 1268 1238 aucto-

233 1263 340 1308 ritas,
361 1263 490 1311 qualis
508 1274 590 1309 rex,
612 1263 698 1300 talis
718 1263 800 1309 lex3
823 1263 922 1299 sicut
940 1273 1008 1299 rex
1030 1264 1192 1308 veritas,
1214 1262 1268 1299 sic

237 1328 273 1362 et
291 1325 355 1362 lex
374 1326 529 1362 veritas.
552 1327 668 1362 Beata
687 1325 750 1362 lex
771 1325 858 1362 talis
876 1325 994 1371 regis,
1017 1324 1110 1372 quia
1130 1324 1268 1361 beatus

235 1398 304 1424 rex
329 1387 417 1424 talis
443 1387 553 1434 legis.
586 1389 630 1424 Et
658 1391 771 1432 nota,
802 1387 913 1434 quod
942 1386 1084 1423 veritas
1114 1386 1186 1423 ista
1215 1388 1270 1422 est

237 1448 474 1495 erudienda,
508 1449 730 1494 audienda,
760 1447 1031 1484 custodienda.
1060 1449 1268 1484 Parentum

236 1512 293 1547 est
325 1510 501 1556 erudire,
532 1510 732 1554 filiorum,
766 1509 927 1556 audire3
964 1509 1034 1545 sed
1065 1509 1267 1554 omnium,

237 1571 446 1608 custodire.
476 1574 526 1608 De
553 1571 683 1618 primo
704 1571 717 1593 3
742 1584 750 1607 :
778 1573 993 1607 «Parentes
1021 1570 1150 1616 illius,
1179 1581 1269 1606 cum

238 1634 365 1669 essent
385 1632 498 1679 Justi,
525 1632 755 1669 erudierunt
776 1632 900 1669 filiam
927 1643 1062 1678 suam,
1084 1645 1102 1667 ›>
1126 1631 1271 1668 scilicet

236 1697 477 1743 Susannam,
508 1707 525 1729 «
550 1695 769 1731 secundum
793 1694 923 1741 legem
952 1694 1103 1742 Moysi:
1132 1707 1148 1728 »
1181 1704 1269 1730 ecce

237 1757 367 1804 legem
386 1768 409 1794 a
427 1757 656 1804 parentibus
676 1756 949 1793 erudiendam.
972 1759 1023 1792 De
1041 1755 1215 1793 secundo
1230 1755 1242 1776 ¹³
1259 1767 1266 1790 :

242 1819 426 1864 «Audite,
445 1818 530 1864 filii,
553 1818 802 1866 disciplinam
820 1818 954 1866 patriS,
972 1821 1014 1855 ut
1034 1818 1161 1854 sciatis
1180 1828 1271 1865 pru-

239 1880 434 1917 dentiam:
453 1880 606 1917 donum
625 1880 776 1917 bonum
796 1880 968 1916 tribuam
987 1880 1123 1926 vohis,
1143 1880 1269 1926 legem

238 1953 370 1979 meam
396 1953 446 1978 ne
472 1942 753 1989 derelinquatis
775 1954 783 1978 ;
809 1956 826 1975 »
852 1952 941 1978 ecce
971 1941 1101 1988 legem
1129 1952 1151 1978 a
1179 1941 1270 1977 filiis

239 2003 492 2041 audiendam.
515 2006 567 2041 De
597 2003 709 2040 tertio
733 2005 746 2026 ⁵
770 2016 778 2040 :
807 2016 824 2038 ι(
842 2005 924 2050 Ego
955 2003 1143 2039 Dominus
1171 2005 1270 2039 Deus

237 2068 364 2103 vester
385 2078 393 2102 :
417 2065 607 2102 custodite
627 2065 734 2112 leges
760 2076 867 2102 meas
889 2077 896 2101 :
918 2078 934 2100 »
960 2075 1047 2101 ecce
1067 2065 1196 2111 legem
1218 2065 1268 2101 ab

239 2127 424 2165 omnibus
444 2126 755 2165 custodiendam.

560 2231 751 2267 Articulus
779 2234 943 2276 quartus.

286 2313 434 2350 Puritas
462 2314 710 2357 connotatur,
731 2323 822 2348 cum
842 2312 1001 2350 additur
1027 2325 1035 2349 ε
1058 2315 1104 2350 Et
1130 2326 1200 2351 non
1220 2321 1272 2353 est

238 2377 315 2412 illis
333 2375 563 2421 scandalum3
583 2374 677 2422 quia
697 2373 873 2411 scandali
890 2374 1073 2422 privatio,
1094 2377 1271 2423 puritatis

240 2439 295 2473 est
313 2436 510 2484 probatio.
537 2438 633 2473 Nam
656 2435 844 2472 nimirum
862 2436 1040 2483 puritatis
1069 2441 1269 2485 spectacu-

239 2497 324 2534 lum
343 2497 498 2534 nullum
519 2497 654 2544 objicit
673 2497 976 2545 offendiculum,
998 2499 1109 2537 sicuti
1127 2511 1272 2548 purum

239 2559 446 2608 speculum
470 2558 626 2596 nullum
653 2559 819 2596 offendit
846 2560 1021 2598 oculum.
1042 2561 1109 2598 Hic
1134 2565 1273 2600 notan-

242 2621 363 2667 dum,
396 2621 507 2668 quod
536 2620 715 2668 puritatis
744 2623 800 2657 est
832 2622 1081 2668 potissimum
1117 2624 1272 2672 privare

240 2683 382 2730 triplex
411 2683 665 2729 scandalum,
691 2682 875 2720 videlicet
901 2684 1134 2722 scandalum
1161 2686 1274 2724 luxu-

240 2745 410 2791 riosum,
432 2744 637 2791 gulosum,
659 2744 894 2791 verbosum,
925 2746 1018 2793 quia
1038 2747 1275 2786 contaminat

242 2808 411 2852 tactum,
439 2808 616 2853 gustum,
643 2805 818 2843 affatum.
848 2808 900 2844 De
925 2808 1054 2855 primo
1081 2809 1094 2831 ⁶
1125 2821 1133 2846 :
1160 2809 1274 2846 «Viri

241 2867 302 2904 isti
320 2869 538 2915 posuerunt
556 2867 826 2905 immunditias
846 2869 888 2904 in
908 2869 1097 2906 cordibus
1117 2870 1216 2918 suis,
1239 2875 1277 2909 et

242 2929 476 2966 scandalum
513 2929 727 2977 iniquitatis
766 2941 846 2967 suae
888 2932 1103 2969 statuerunt
1139 2935 1275 2971 contra

242 2989 382 3028 faciem
408 3001 520 3027 suam
528 3003 540 3037 3
561 3004 580 3026 »
604 2990 675 3027 ubi
705 2994 862 3029 notatur
893 2992 1164 3040 immunditia,
1194 2996 1276 3032 tam

244 3052 420 3099 interior,
441 3062 563 3100 quam
580 3053 748 3091 exterior
771 3065 779 3089 z
802 3064 890 3091 ecce
910 3054 1143 3092 scandalum
1161 3056 1276 3094 luxu-

243 3114 406 3150 riosum.
435 3115 486 3150 Do
513 3114 689 3151 secundo
717 3116 730 3137 '¹
756 3126 764 3150 :
797 3128 815 3150 «
844 3117 1002 3153 Ventres
1030 3127 1166 3154 eorum
1195 3129 1277 3156 non

244 3175 532 3223 implebuntur,
548 3175 642 3223 quia
655 3175 890 3214 scandalum
908 3177 1124 3226 iniquitatis
1139 3189 1278 3217 eorum

244 3237 391 3275 factum
419 3239 476 3275 est
510 3249 518 3273 :
551 3251 569 3272 »
607 3248 694 3274 ecce
725 3238 958 3276 scandalum
991 3239 1189 3286 gulosum.
1225 3244 1278 3279 De

290 3336 297 3353 ¹
324 3335 445 3376 Eccli„
477 3343 507 3377 1,
531 3337 564 3374 7,
590 3337 629 3376 8,
657 3338 708 3368 10.
729 3352 770 3359 —
795 3337 808 3358 ²
828 3337 913 3376 Jac.‚
945 3347 974 3380 1,
1002 3341 1050 3371 12.
1079 3355 1118 3363 —
1143 3340 1154 3358 ³
1176 3341 1278 3381 Dan„

247 3389 332 3422 1111,
353 3383 384 3414 3.
405 3401 445 3407 -
463 3383 477 3405 δ
498 3384 610 3424 Prov.,
636 3390 687 3424 1v,·
713 3385 747 3424 1,
769 3385 799 3416 2.
820 3401 862 3407 —
883 3386 894 3403 ⁵
913 3385 1031 3426 Levit„
1060 3394 1168 3428 xv111,
1190 3389 1222 3419 5.
1239 3405 1280 3412 —·

248 3428 261 3449 ⁰
280 3429 411 3470 Ezeck„
427 3438 497 3471 xiv,
513 3432 544 3462 3.
560 3446 600 3453 —
620 3431 629 3449 ⁷
648 3430 780 3470 Ezech„
803 3439 865 3472 vu,
890 3434 938 3464 19.
956 3450 995 3456 —-
1015 3432 1028 3455 Β
1047 3433 1159 3471 ticeli„
1183 3443 1207 3475 1,
1225 3437 1276 3477 37,

2296 197 2368 235 531

1342 278 1454 315 tertio
1475 280 1488 300 ⁸
1513 291 1521 315 :
1548 291 1566 312 «
1586 280 1670 316 Non
1697 280 1972 318 scandalizeris
1995 281 2036 317 in
2060 281 2176 318 labiis
2194 281 2289 327 tuis;
2320 283 2373 318 at-

1342 339 1458 376 tende
1478 340 1519 376 in
1539 340 1634 386 illis,
1656 351 1704 378 ne
1724 341 1822 378 forte
1843 342 1983 387 cadas,
2003 345 2040 379 et
2062 353 2189 390 ponas
2211 342 2374 379 scanda-

1341 399 1444 447 lum,
1467 405 1503 438 et
1520 402 1696 439 adducas
1716 403 1855 439 animm
1874 406 1948 440 tuae
1967 403 2311 442 inhonorationem
2331 415 2370 440 :u

1343 473 1432 499 ecce
1454 464 1687 501 scandalum
1708 464 1934 502 verbosum.

1772 571 1944 612 Epilogus.

1390 650 1618 686 Ostensurus
1644 661 1737 697 ergo
1772 651 1965 698 Propheta
1993 650 2087 698 quia
2113 651 2376 688 consolatoria

1341 710 1390 746 sit
1405 709 1617 757 Scriptura,
1637 711 1678 747 in
1698 723 1777 759 qua
1796 712 2057 760 tranquillitas
2072 712 2266 760 pacificat,
2289 712 2376 749 cha-

1341 771 1432 807 ritas
1453 771 1636 818 laetificat,
1658 773 1800 810 veritas
1820 774 2025 821 rectificat,
2046 773 2196 822 puritas
2215 764 2378 812 scanda-

1341 833 1426 869 lum
1454 833 1647 880 eradicat,
1668 834 1721 871 ait
1744 847 1751 871 :
1774 837 1852 871 Pam
1878 837 2014 881 multa,
2038 846 2126 872 eece
2154 836 2375 884 tranquilli-

1340 897 1398 932 tas
1431 894 1668 941 pacificans;
1703 897 1962 943 diligentibus,
1997 907 2085 933 cece
2118 897 2283 934 charitas
2314 897 2378 934 lae-

1340 956 1517 1004 tificans3
1549 959 1658 1003 legem
1691 962 1812 1004 tuam,
1841 969 1930 996 ecce
1960 959 2104 997 veritas
2133 959 2375 1006 rectificans3

1341 1022 1374 1053 et
1406 1029 1476 1054 non
1511 1022 1562 1055 esc
1593 1021 1669 1055 illis
1699 1021 1928 1064 scandalum,
1963 1031 2050 1058 ecce
2081 1021 2231 1068 puritas
2266 1031 2377 1058 scan-

1343 1079 1480 1116 dalum
1501 1080 1716 1118 eradicans.

1714 1227 1932 1255 VERSICULUS
1957 1229 2008 1255 VI.

1391 1329 1472 1364 166.
1500 1329 1740 1375 Empectabam
1762 1332 1920 1367 salutare
1950 1335 2070 1377 tuum,
2104 1333 2276 1376 Domine,
2304 1335 2376 1369 etc.

1343 1389 1472 1426 Prima
1484 1390 1688 1437 probitatis
1706 1393 1874 1438 occasio,
1892 1403 2013 1439 quam
2027 1393 2190 1430 audistis
2204 1394 2244 1430 in
2263 1404 2379 1430 versu

1342 1450 1504 1497 praevio,
1519 1451 1593 1487 fuit
1605 1452 1810 1500 scripturae
1825 1454 2043 1491 consolatio
2053 1467 2064 1501 3
2082 1454 2255 1492 secunda
2267 1465 2378 1501 vero,

1345 1525 1466 1560 quam
1487 1514 1654 1552 audietis
1674 1516 1711 1552 in
1731 1516 1826 1562 isto,
1857 1520 1912 1553 est
1938 1528 2094 1554 coronae
2117 1517 2379 1564 praestolatio,

1344 1586 1465 1622 quam
1497 1576 1584 1613 luce
1614 1577 1757 1614 clarius
1781 1577 2002 1615 manifestat
2030 1578 2380 1626 psalmographus,

1344 1637 1398 1673 sic
1419 1637 1616 1674 dicendo:
1648 1640 1909 1685 Eoepectabam,
1935 1642 2008 1677 etc.
2030 1642 2127 1677 Nam
2153 1639 2250 1687 quid
2270 1643 2383 1677 sonat

1343 1698 1426 1735 haec
1446 1699 1593 1746 littera,
1613 1699 1688 1736 nisi
1707 1701 2038 1747 praestolationem
2063 1712 2242 1747 coronae,
2263 1702 2381 1740 meri-

1344 1762 1476 1797 torum
1501 1761 1679 1798 ratione?
1700 1762 1801 1807 Quid
1828 1762 1934 1799 enim
1962 1766 2018 1800 est
2046 1763 2284 1811 expectatio,
2305 1763 2382 1800 nisi

1343 1822 1606 1869 praestolatio?
1627 1823 1725 1871 quid
1744 1824 1935 1871 salutare,
1960 1824 2036 1861 nisi
2055 1836 2203 1863 corona
2222 1825 2381 1873 gloriae?

1345 1884 1445 1931 quid
1463 1885 1672 1931 mandata,
1702 1884 1777 1921 nisi
1798 1885 1962 1923 merita?
1981 1886 2080 1934 quid
2102 1887 2287 1933 directio,
2307 1887 2381 1924 nisi

1345 1946 1524 1982 merendi
1540 1947 1668 1983 ratio?
1688 1949 1783 1983 Ecce
1803 1958 1938 1984 versus
1956 1948 2156 1995 praesentis
2177 1949 2380 1986 continen-

1345 2007 1396 2044 tia
1431 2008 1787 2055 quadrimembris,
1819 2008 1965 2046 scilicet
1996 2010 2233 2057 praestolatio
2268 2022 2381 2048 coro-

1344 2079 1423 2116 nae,
1444 2070 1675 2107 meritorum
1700 2070 1874 2117 ratione,
1898 2071 1978 2108 sive
2004 2072 2151 2110 fiducia
2174 2072 2380 2118 felicitatis,

1344 2134 1505 2178 propter
1527 2132 1719 2179 obsequia
1740 2133 1948 2171 charitatis.

1678 2238 1865 2274 Articuzus
1891 2239 2044 2284 primus.

1395 2318 1727 2356 praestolationem
1755 2319 2032 2367 intelligimus,
2063 2331 2153 2358 cum
2183 2321 2377 2368 legimus:

1346 2381 1600 2426 Eoepectabam.
1623 2382 1709 2417 Haec
1737 2382 1956 2429 expectatio
1984 2392 2066 2420 non
2093 2383 2304 2421 mediocris
2325 2386 2381 2420 est

1347 2441 1552 2488 probitatis
1582 2442 1749 2479 occasio.
1780 2444 1877 2479 Cum
1908 2443 2013 2480 enim
2038 2444 2220 2491 patientis
2247 2445 2381 2483 anima

1349 2503 1589 2550 considerat,
1618 2504 1715 2551 quid
1734 2506 1936 2552 expectat,
1966 2505 2160 2552 passionis
2185 2506 2378 2551 molestia,

1348 2576 1470 2612 quam
1505 2565 1665 2609 tolerat,
1700 2566 1784 2612 Jam
1823 2566 2001 2604 delectat.
2035 2567 2111 2604 Sed
2144 2568 2379 2614 notandum,

1349 2626 1460 2673 quod
1480 2629 1536 2663 est
1555 2627 1770 2674 expectatio
1798 2627 2008 2675 tripartita:
2032 2629 2214 2676 quaedam
2233 2630 2381 2668 incerta

2432 2659 2541 2693 Expec-

1350 2691 1386 2724 et
1405 2688 1627 2735 inexperta3
1657 2688 1840 2737 quaedam
1864 2700 1947 2727 non
1974 2690 2142 2738 incerta,
2169 2691 2240 2729 sed
2267 2692 2378 2729 inex·
2400 2701 2469 2728 tatio
2488 2700 2540 2727 tri-

1348 2751 1476 2796 Ρθΐῗᾶἓ
1517 2750 1700 2798 quaedam
1733 2761 1806 2788 nec
1848 2752 2018 2800 incerta,
2057 2763 2130 2790 nec
2165 2753 2378 2802 inexperta.
2400 2743 2516 2777 partita.

1351 2811 1478 2848 Prima
1501 2813 1649 2859 spectat
1677 2811 1730 2849 ad
1757 2812 2013 2861 suspirantes,
2044 2815 2158 2862 quasi
2184 2815 2341 2862 longius
2359 2826 2383 2853 a

1349 2883 1468 2919 regno
1495 2873 1699 2919 distantes,·
1727 2875 1901 2912 secunda
1925 2875 1978 2913 ad
2003 2876 2218 2924 aspirantes
2225 2905 2237 2924 ,
2269 2878 2383 2926 quasi

1350 2945 1432 2972 non
1452 2935 1570 2982 longe
1585 2935 1790 2983 distantes3
1809 2937 1921 2975 tertia
1936 2937 1989 2975 ad
2001 2937 2249 2986 respirantes,
2269 2939 2384 2987 quasi

1351 3006 1432 3034 non
1467 2996 1674 3044 distantes,
1709 2998 1779 3035 sed
1810 2999 1973 3046 praemia
2007 3003 2298 3047 praegustantes.
2332 3002 2382 3037 De

1351 3058 1480 3106 primo
1494 3059 1526 3095 ⁹:
1553 3072 1571 3094 α
1593 3060 1858 3107 Expectabam
1876 3061 2004 3108 bona,
2025 3064 2062 3098 et
2079 3065 2271 3099 venerunt
2287 3061 2385 3098 mihi

1352 3120 1477 3158 mala:
1494 3134 1512 3156 »
1529 3121 1612 3158 haec
1627 3122 1842 3169 expectatio
1859 3122 1930 3159 fuit
1942 3123 2103 3160 incerta.
2124 3125 2176 3160 De
2193 3123 2383 3169 secundo,

1353 3183 1424 3220 ubi
1440 3183 1489 3220 de
1502 3184 1646 3231 Joseph
1659 3184 1873 3220 Decurione
1896 3184 2037 3222 dicitur
2051 3185 2080 3208 ¹⁰
2093 3197 2102 3222 z
2115 3197 2134 3219 «
2154 3185 2225 3230 Qui
2245 3195 2385 3232 expec-

1354 3245 1461 3282 tabat
1481 3248 1518 3282 et
1536 3246 1620 3293 ipse
1639 3255 1807 3292 regnum
1827 3245 1911 3282 Dei:
1934 3246 2045 3284 »haec
2066 3246 2284 3295 expectatio
2304 3257 2386 3284 non

1353 3306 1425 3344 fuit
1444 3307 1601 3353 incerta,
1615 3307 1685 3344 sed
1704 3307 1919 3355 inexperta.
1937 3310 1988 3345 De
2007 3308 2119 3346 tertio
2139 3309 2320 3347 scribitur
2333 3310 2358 3332 ¹²
2377 3323 2385 3346 :

1357 3392 1492 3431 385v11,
1513 3392 1542 3422 6.
1565 3408 1606 3414 -
1627 3391 1640 3411 ⁹
1663 3389 1735 3430 Iob,
1756 3397 1841 3431 XXX,
1862 3392 1913 3423 26.
1937 3407 1975 3413 —
1998 3392 2023 3413 ¹⁰
2045 3391 2132 3434 Luc„
2155 3400 2254 3431 xxm,
2280 3395 2329 3425 51.
2350 3409 2390 3416 -—

1361 3440 1379 3459 ¹¹
1404 3438 1494 3469 Psal.
1517 3446 1585 3478 ιμ’,
1605 3440 1636 3469 9.
