2633 3878
301 288 379 325 478

299 376 360 408 tur
380 385 390 407 .·
414 373 502 408 Doce
520 381 595 417 me,
625 371 735 419 quod
753 372 895 419 petitur
914 373 997 408 vice
1024 371 1184 409 rationis
1208 379 1323 417 prac-

299 433 404 478 ticae,
423 443 510 480 quae
530 432 645 479 dirigi
677 433 872 470 desiderat
897 433 936 469 in
962 433 1026 470 via
1049 432 1224 479 justitiae,
1255 430 1326 466 do-

299 498 406 531 cente
427 494 590 531 Domino
607 523 618 540 ,
639 497 676 531 ct
696 494 876 531 ducente.
911 497 951 531 Et
972 497 1085 540 nota,
1108 493 1218 541 quod
1253 493 1326 529 do-

299 566 384 592 cere
405 555 545 592 dicitur
567 556 753 592 Dominus
774 556 1034 593 diversimode
1048 584 1058 601 ,
1080 565 1153 602 pro
1171 554 1326 590 diversa

298 618 568 665 recipientium
605 618 791 665 qualitate
815 629 822 653 :
845 617 959 654 docet
983 627 1155 664 namque
1182 616 1222 652 in
1250 626 1325 663 po-

299 683 430 716 testate
443 709 453 725 ,
473 680 513 716 in
532 680 711 725 veritate,
733 680 773 715 in
792 679 979 716 bonitate.
1000 678 1158 723 Quaeris,
1180 677 1327 725 quare?

300 742 398 786 Quia
417 742 532 778 docet
550 741 754 789 purgative
767 770 778 786 ,
800 741 1057 777 illuminative
1073 769 1082 785 ‚
1103 739 1324 788 perfective.

300 806 349 840 De
369 804 497 851 primo
519 804 525 823 ¹
550 815 558 838 :
583 818 600 837 (ι
622 802 792 839 Docebat
812 813 878 839 cos
909 802 1106 847 sabbatis,
1139 805 1175 838 et
1197 804 1328 847 stupe-

298 865 393 902 bant
414 865 453 900 in
486 863 663 900 doctrina
696 865 798 911 ejus,
831 864 924 912 quia
955 864 994 899 in
1026 866 1214 911 potestate
1249 864 1330 898 erat

299 938 428 964 sermo
450 926 571 974 ipsius
592 938 600 962 :
623 940 639 958 n
663 926 725 962 hic
745 926 884 972 legitur
906 925 1045 962 docere
1073 925 1113 960 iu
1140 926 1329 971 potestate

299 991 504 1037 purgante.
526 990 574 1025 De
595 987 792 1024 secundo²
810 999 818 1023 :
840 987 1060 1033 «Magister,
1076 986 1220 1022 scimus
1236 985 1330 1032 quia

299 1061 419 1088 verax
441 1062 479 1087 es
496 1079 506 1095 ,
529 1053 561 1086 et
594 1050 701 1086 viam
723 1049 786 1085 Dei
806 1049 846 1085 in
867 1048 1026 1084 veritate
1055 1047 1172 1084 doces
1195 1059 1203 1083 :
1226 1060 1243 1080 ι)
1267 1047 1329 1083 hic

301 1113 441 1150 dicitur
461 1112 602 1149 docere
625 1111 665 1147 in
686 1111 844 1148 veritate
865 1110 1123 1147 illuminante.
1147 1111 1196 1145 De
1218 1108 1328 1145 tertio

301 1174 442 1221 legitur
462 1175 475 1196 ⁸
498 1186 505 1209 :
528 1187 545 1207 «
561 1180 686 1209 nonus
706 1183 744 1209 es
764 1175 805 1208 tu
821 1200 831 1218 ,
854 1172 942 1208 etin
959 1171 1131 1208 bonitate
1149 1173 1216 1207 tua
1232 1169 1330 1206 doce

301 1246 389 1281 me,
425 1251 440 1267 »
469 1234 531 1271 hic
563 1236 723 1281 rogatur
754 1234 895 1271 docere
926 1234 967 1269 in
1001 1233 1173 1270 bonitate
1210 1230 1328 1280 perfi-

301 1297 441 1334 ciente.

626 1344 812 1380 Artz'culus
837 1345 999 1389 quartus.

347 1420 571 1458 Secundum
588 1419 852 1456 desiderabile
888 1419 1108 1464 denotatur,
1151 1429 1238 1455 cum
1278 1419 1333 1455 di-

302 1483 399 1520 citur
421 1495 429 1518 :
451 1484 736 1527 Justificateones
753 1485 846 1518 tuas.
862 1482 955 1526 Quae
974 1482 1063 1517 sunt
1083 1481 1162 1518 istae
1196 1481 1332 1528 justifi-

302 1545 488 1590 cationes,
525 1544 608 1581 nihi
656 1544 810 1591 justitiae
848 1543 1194 1591 multiplicationes
1230 1545 1332 1588 tuas,

302 1619 370 1644 seu
391 1606 626 1654 multiplices
645 1605 976 1652 fructificationes,
1006 1616 1105 1653 quas
1139 1605 1335 1643 desiderat

302 1669 472 1717 practica
485 1668 598 1713 ratio,
622 1670 662 1704 ut
683 1667 910 1715 perficiatur
928 1667 1050 1715 ipsius
1066 1667 1334 1715 imperfectio?

304 1733 346 1767 Et
364 1733 470 1775 nota,
507 1730 609 1766 circa
643 1729 871 1777 praedictam
906 1729 1236 1775 justificationem,
1271 1729 1336 1765 tri-

304 1792 446 1840 plicem
484 1791 645 1828 rationis
680 1790 1047 1838 amplificationem,
1087 1790 1230 1827 scilicet
1257 1802 1336 1827 res-

305 1857 418 1902 pectu
458 1853 536 1899 Dei,
573 1855 747 1900 respectu
803 1852 876 1898 sui,
915 1855 1092 1899 respectu
1129 1852 1301 1899 proximi
1326 1865 1333 1888 :

305 1926 475 1963 quorum
495 1914 624 1962 prima
642 1916 789 1961 spectat
808 1914 859 1950 ad
881 1913 945 1950 Dei
975 1913 1234 1950 imitationem
1245 1926 1256 1960 3
1280 1925 1337 1950 se-

305 1977 449 2023 cunda,
471 1977 524 2013 ad
543 1976 881 2022 exercitationem3
923 1974 1048 2021 tertia,
1082 1975 1133 2011 ad
1165 1975 1337 2022 proximi

306 2039 590 2076 excitationem.
631 2040 681 2075 De
706 2038 836 2085 primo
855 2037 868 2058 '⁴
895 2050 903 2073 ε
931 2050 948 2071 «
968 2036 1188 2073 Resurrexit
1219 2047 1339 2084 prop-

308 2103 363 2138 ter
379 2100 696 2147 justificationem
721 2101 898 2135 nostram
920 2110 928 2134 ε
952 2112 969 2133 n
992 2110 1080 2146 quae
1109 2098 1336 2145 justificatio

307 2166 363 2200 est
380 2162 616 2209 resurgentis
637 2161 813 2198 imitatio.
836 2162 886 2197 De
900 2160 1075 2197 secundo
1089 2160 1273 2198 scribitur
1295 2162 1308 2183 ⁸
1327 2175 1335 2197 ;

312 2240 328 2259 (ι
349 2228 390 2263 ln
403 2223 748 2271 justificationibus
763 2223 838 2259 tuis
852 2223 1066 2260 exercebor
1087 2235 1094 2258 :
1114 2236 1132 2256 »
1152 2233 1241 2270 quae
1259 2223 1340 2268 jus·

309 2287 538 2324 tificationes
557 2289 645 2322 sunt
677 2285 839 2321 rationis
863 2284 1170 2321 exercitationes.
1195 2286 1244 2321 De
1268 2286 1340 2320 ter-

309 2350 362 2386 tio
382 2349 523 2386 dicitur
543 2359 566 2384 a
584 2347 891 2394 psalmographo
911 2345 924 2367 ⁶
946 2358 954 2383 :
980 2359 997 2380 «
1031 2347 1141 2383 Viam
1157 2346 1341 2393 justifica-

311 2411 461 2448 tionum
492 2413 647 2447 tuarum
665 2409 810 2445 instrue
842 2419 905 2445 me
928 2420 936 2444 :
961 2422 978 2441 »
1001 2408 1070 2445 ubi
1102 2408 1278 2456 loquitur
1292 2407 1339 2445 de

310 2473 585 2521 proximorum
609 2471 888 2509 exhortatione.

742 2578 913 2620 Epilogus.

360 2659 417 2696 Ait
437 2669 529 2705 crgo
551 2658 757 2706 Propheta,
778 2658 892 2705 qnasi
923 2657 1170 2695 conficiendo
1191 2655 1341 2693 morale

313 2721 523 2769 collyrium
557 2721 608 2758 ad
628 2720 912 2767 vigorationem
953 2719 1145 2756 dictarum
1183 2719 1341 2764 virium,

312 2794 383 2831 per
402 2783 715 2820 commistionem
743 2781 1044 2827 desideriorum,
1081 2784 1117 2818 et
1149 2780 1343 2818 desidera-

312 2845 455 2881 bilium
476 2857 484 2881 ε
509 2846 577 2881 Fac
591 2855 667 2880 cum
687 2854 784 2880 servo
812 2847 884 2889 tuo,
924 2845 1146 2890 praenotans
1185 2842 1340 2879 deside-

313 2906 416 2942 rium
431 2905 592 2941 rationis
620 2904 886 2952 speculativae3
920 2904 1118 2941 Secundum
1143 2906 1343 2940 misericor-

314 2967 412 3002 diam
432 2970 543 3011 luam,
565 2966 780 3002 subnotans
800 2965 1061 3003 desiderabile
1082 2965 1342 3002 miserationis

315 3027 480 3074 divinae3
502 3029 547 3063 Et
573 3028 656 3063 <loce
674 3038 742 3072 me,
780 3030 971 3064 annotans
1008 3027 1247 3064 desiderium
1283 3037 1344 3064 ra-

315 3089 431 3126 tionis
457 3088 657 3136 practicae;
701 3090 982 3133 Justificationes
1019 3093 1113 3135 tuas,
1152 3089 1343 3126 denotans

318 3150 577 3188 desiderabile
599 3149 885 3196 justificationis
905 3149 1124 3187 dominicae.

665 3293 884 3322 vimslcums
910 3294 988 3321 xm.

370 3401 449 3436 125.
468 3398 596 3436 Servus
615 3400 696 3433 tuus
714 3407 793 3433 sum
813 3407 887 3443 eqo,
908 3398 981 3433 etc.
1004 3394 1227 3433 Praecedens
1246 3406 1344 3443 qua-

366 3487 372 3503 ¹
395 3485 484 3524 Luc„
505 3491 549 3524 iv,
571 3484 621 3514 31.
644 3499 677 3504 —
700 3482 711 3500 ²
732 3481 862 3518 immi„
878 3490 911 3513 x·
929 3489 971 3521 lt,
995 3483 1039 3514 16.
1057 3499 1096 3505 -
1119 3481 1130 3499 ³
1151 3481 1245 3513 Psal.
1265 3481 1342 3520 hoc,

323 3534 375 3564 68.
398 3549 439 3556 —
461 3531 474 3552 ⁸
493 3531 596 3570 Rom„
621 3537 669 3569 iv,
691 3530 742 3562 25.
764 3546 803 3552 --
831 3530 844 3551 ⁵
865 3528 952 3561 Psal.
980 3529 1058 3570 hoc,
1080 3530 1129 3561 48.
1152 3546 1192 3552 —
1212 3529 1224 3548 ⁶
1246 3528 1344 3568 ibid„

1001 279 1274 325 EXPOSI'I'IO
1302 277 1354 320 IN
1384 277 1734 320 PSALTERIUM.

1397 368 1588 404 ternarius
1609 367 1811 414 descripsit
1827 365 2051 413 aequitatem
2065 363 2398 404 adolescentulam
2413 377 2423 411 ;

1398 440 1567 476 prresens
1586 427 1860 476 quaternarius
1881 426 2065 464 describit
2082 425 2304 473 aequitatem
2316 427 2426 464 adul-

1399 494 1477 527 tam
1500 503 1508 526 z
1530 491 1640 537 cujus
1659 489 1864 537 proprium
1893 491 1963 534 cst,
1995 488 2212 536 profectum
2237 489 2425 535 temulari,

1400 552 1594 589 defectum
1615 550 1827 595 dehortari,
1843 551 1994 586 honum
2006 549 2192 586 deficiens
2211 550 2428 597 aspernari,
2450 590 2455 595 .

1399 613 1551 650 bonum
1587 613 1794 661 perficiens
1836 611 2071 658 amplexari,
2107 611 2205 648 sicut
2247 610 2430 648 videntur

1401 678 1570 723 quatuor
1624 685 1758 710 versus
1807 673 1976 720 proximi
2014 672 2233 720 protestari.
2278 672 2430 710 Primus

1401 747 1496 783 ergo
1516 747 1649 772 versus
1684 737 1919 782 protestatur
1956 734 2249 771 aemulationem
2276 734 2430 782 profec-

1400 801 1479 843 tus;
1502 798 1555 833 ait
1573 797 1678 833 enim
1699 796 2053 843 psalmographus:
2074 796 2201 833 Servus
2223 799 2320 842 tuus,
2340 799 2410 833 etc.
2416 824 2428 842 ,

1402 870 1447 896 ac
1466 859 1497 895 si
1516 858 1708 896 diceretur
1722 858 1892 906 apertius
1916 870 1923 894 :
1945 857 2017 902 Qui
2037 857 2179 894 dedisti
2198 857 2358 904 servire,
2379 857 2430 895 da

1402 920 1608 968 proficere,
1627 920 1773 956 scilicet
1799 930 1869 967 per
1883 919 2122 956 intellectum
2149 919 2367 967 Scripturae,
2391 922 2432 956 ut

1403 982 1524 1019 sciam
1553 982 1623 1019 tibi
1654 981 1919 1019 testimonium
1950 981 2172 1029 perhibere.
2201 983 2298 1018 Ecce
2337 992 2432 1029 qua-

1403 1047 1491 1081 tuor
1511 1046 1630 1090 actus,
1651 1055 1751 1092 quos
1770 1045 1956 1081 connotat
1980 1043 2049 1079 iste
2069 1053 2219 1089 versus,
2248 1043 2431 1080 videlicet

1404 1106 1625 1152 serviendi,
1670 1105 1928 1153 proficiendi,
1967 1104 2234 1151 intelligendi,
2266 1105 2433 1142 testimo-

1403 1168 1513 1204 nium
1530 1167 1763 1215 perhibendi
1788 1179 1796 1204 ε
1817 1178 1988 1215 quorum
2017 1167 2168 1214 primus
2196 1166 2363 1215 pertinet
2381 1167 2433 1204 ad

1404 1230 1684 1267 mandatorum
1703 1229 1994 1266 observantiam
2001 1241 2012 1276 3
2035 1228 2244 1276 secundm,
2267 1229 2319 1267 ad
2337 1240 2434 1278 prae-

1403 1294 1665 1330 varicatorum
1704 1291 2009 1330 convertentiam
2017 1305 2028 1339 3
2064 1292 2210 1339 tertius,
2249 1293 2301 1331 ad
2337 1293 2434 1341 legis

1403 1355 1723 1403 intelligentiam3
1746 1356 1923 1403 quartus,
1940 1354 1992 1391 ad
2007 1354 2296 1402 praedicationis
2312 1356 2436 1394 scien-

1405 1419 1512 1456 tiam.

1739 1467 1923 1502 Articulus
1942 1467 2096 1512 primus.

1456 1546 1652 1589 Quantum
1684 1544 1737 1580 ad
1767 1543 1954 1592 primum,
1989 1542 2131 1580 dicitur
2162 1555 2170 1579 :
2194 1543 2321 1581 Servus
2358 1546 2439 1581 tuus

1406 1617 1485 1643 sum
1505 1617 1578 1653 eqo.
1596 1606 1758 1652 Quaeris,
1779 1615 1860 1653 quo
1879 1605 2030 1642 modo?
2049 1606 2230 1643 Mandata
2266 1608 2333 1643 tua
2363 1615 2440 1642 ser-

1408 1668 1571 1705 vando:
1594 1679 1683 1705 ecce
1716 1667 1995 1704 mandatorum
2029 1667 2334 1705 observantiam.
2366 1669 2439 1704 No-

1407 1729 1572 1766 tandum
1592 1730 1737 1777 itaque,
1758 1729 1868 1777 quod
1887 1739 2090 1766 servorum
2110 1729 2267 1766 interest
2279 1728 2438 1775 servire,

1410 1791 1586 1837 obedire,
1609 1791 1830 1828 custodiro:
1854 1800 1942 1827 ecce
1958 1790 2101 1838 triplex
2138 1789 2331 1827 servitutis
2368 1790 2439 1826 cir-

1409 1853 1653 1899 cumstantia,
1675 1853 1818 1889 scilicet
1838 1862 2020 1899 operosa,
2041 1852 2245 1897 timorosa,
2266 1861 2437 1888 morosa.

1411 1918 1461 1952 De
1482 1916 1635 1962 primo⁷
1657 1927 1665 1951 :
1693 1915 1762 1952 «Si
1794 1914 1934 1951 emeris
1950 1924 2108 1951 servum
2137 1913 2355 1959 Hebraeum,
2374 1923 2440 1950 sex

1412 1977 1524 2014 annis
1542 1977 1684 2014 serviat
1709 1976 1779 2013 tibi
1801 1988 1809 2012 :
1832 1989 1850 2011 »
1874 1985 1963 2013 ecce
2000 1986 2135 2013 servus
2161 1975 2333 2012 serviens
2359 1985 2439 2012 ser-

1410 2030 1530 2076 vitute
1551 2050 1731 2087 operosa.
1761 2041 1810 2075 De
1829 2037 2004 2075 secundo
2023 2038 2037 2060 ⁸
2056 2050 2065 2074 :
2091 2051 2109 2072 «
2128 2037 2249 2084 Servi,
2282 2036 2440 2074 obedite

1413 2101 1584 2138 dominis
1605 2101 1830 2138 carnalibus
1859 2111 1949 2137 cum
1968 2100 2123 2146 timore,
2143 2101 2180 2136 et
2197 2101 2366 2136 tremore
2387 2111 2398 2134 τ
2418 2113 2436 2134 »

1413 2175 1504 2200 ecce
1542 2174 1677 2200 servus
1710 2162 1901 2199 obediens
1936 2161 2119 2198 servitute
2149 2160 2350 2198 timorosa.
2391 2162 2441 2197 De

1412 2226 1524 2262 tertio
1562 2224 1713 2261 canitur
1732 2226 1746 2246 ⁰
1781 2235 1788 2259 :
1809 2235 1827 2257 «
1857 2224 1997 2260 Servus
2028 2225 2117 2259 tuus
2137 2222 2307 2274 custodit
2325 2232 2371 2260 ea
2392 2234 2400 2258 :
2420 2236 2437 2257 »

1415 2295 1503 2320 ecce
1520 2294 1655 2320 servus
1676 2282 1902 2319 custodiens
1921 2281 2103 2319 servitute
2127 2291 2297 2319 morosa.

1735 2389 1917 2424 Articulus
1936 2388 2118 2424 secundus.

1462 2473 1657 2515 Quantum
1686 2470 1738 2507 ad
1769 2470 2008 2515 secundum,
2035 2468 2216 2516 adjicitur
2238 2480 2246 2505 :
2270 2469 2325 2505 Da
2340 2469 2442 2505 mihi.

1418 2535 1483 2578 Da,
1506 2533 1684 2581 inquam,
1724 2535 1767 2569 ut
1796 2532 2016 2581 proficiam,
2057 2531 2152 2579 quia
2187 2541 2270 2568 non
2305 2529 2446 2568 sufficit

1416 2595 1513 2631 mihi
1534 2596 1578 2631 ut
1602 2595 1786 2640 serviam,
1811 2594 1884 2630 nisi
1918 2593 2126 2630 serviendo
2157 2592 2366 2641 proficiam
2394 2591 2446 2630 ad

1415 2657 1667 2705 pinguiorem
1687 2657 1882 2694 serviendi
1916 2656 2095 2704 gratiam.
2130 2655 2231 2692 Talis
2249 2654 2374 2702 gratia
2391 2657 2448 2692 est

1415 2720 1757 2767 praevaricatorum
1804 2718 2082 2756 convertentia.
2120 2719 2164 2755 Et
2190 2719 2300 2763 nota,
2337 2717 2447 2766 quod

1416 2782 1490 2819 tria
1501 2782 1592 2818 data
1608 2781 1922 2829 suntproficienti
1934 2779 2154 2817 necessaria
2161 2792 2173 2827 3
2191 2778 2376 2816 videlicet
2385 2789 2446 2816 sa-

1416 2845 1563 2892 pientia
1582 2845 1622 2880 in
1642 2844 1680 2880 vi
1697 2844 1937 2891 rationabili,
1956 2843 2224 2881 constantiain
2243 2842 2446 2891 concupis-

1418 2906 1537 2952 cibili,
1551 2908 1587 2942 et
1597 2905 1739 2942 tiducia
1752 2905 1791 2942 in
1802 2906 1986 2943 irascibili
2000 2917 2008 2942 :
2025 2905 2212 2954 primum,
2231 2915 2281 2942 ne
2291 2904 2448 2942 deficiat

1416 2979 1488 3016 per
1515 2979 1688 3005 errorem
1702 2980 1713 3014 3
1735 2967 1967 3013 secundum,
1993 2978 2042 3005 ne
2068 2967 2224 3005 deficiat
2250 2977 2322 3015 per
2339 2965 2446 3004 favo-

1417 3040 1519 3076 rem3
1541 3030 1710 3074 tertium,
1724 3040 1773 3066 ne
1794 3028 1949 3066 deficiat
1966 3040 2036 3077 per
2051 3039 2253 3077 pavorem.
2275 3027 2446 3065 Primum

1417 3092 1573 3139 petitur,
1599 3094 1642 3128 ut
1668 3091 1761 3128 dicit
1787 3091 1940 3139 sapiens
1971 3091 2135 3129 Domino
2156 3091 2185 3114 ¹⁰
2206 3103 2214 3127 :
2235 3103 2254 3125 α
2274 3092 2328 3128 Da
2349 3089 2447 3126 mihi

1418 3154 1572 3191 sedium
1592 3156 1748 3191 tuarum
1776 3153 2009 3191 assistricem
2029 3153 2283 3201 sapientiam:
2298 3167 2315 3186 »
2357 3161 2445 3188 ecce

1420 3216 1555 3253 datum
1575 3215 1786 3263 sapientiae.
1808 3215 2032 3253 Secundum
2047 3215 2203 3264 petitur,
2225 3214 2295 3252 ubi
2314 3211 2446 3251 Judith

1420 3280 1505 3314 orat
1535 3277 1758 3324 Dominum,
1797 3277 1851 3315 sic
1888 3276 2056 3314 dicendo
2083 3278 2132 3311 ¹¹:
2158 3288 2177 3311 «
2197 3277 2250 3313 Da
2275 3273 2372 3312 mihi
2405 3273 2446 3309 in

1420 3340 1552 3376 animo
1596 3339 1878 3383 constantiam,
1908 3340 1951 3376 ut
1989 3340 2240 3375 contemnam
2268 3335 2406 3373 illum:
2424 3348 2442 3371 »

1420 3412 1509 3438 ecce
1541 3401 1678 3439 datum
1710 3400 1949 3438 constantiae.
1984 3399 2153 3437 Tertium
2183 3397 2341 3446 petitur,
2375 3396 2446 3435 ubi

1421 3485 1472 3515 27.
1493 3501 1531 3508 —-
1556 3485 1565 3503 ⁷
1590 3484 1711 3525 Exod„
1733 3492 1808 3525 xxi,
1835 3486 1865 3515 2.
1891 3500 1927 3506 —
1955 3481 1969 3504 ⁸
1988 3481 2119 3523 Ephea,
2141 3488 2188 3520 vi,
2208 3482 2238 3512 5.
2265 3498 2304 3504 —
2321 3482 2332 3499 ²·
2353 3478 2444 3512 Psal.

1423 3538 1526 3569 xvm,
1550 3533 1601 3563 12.
1619 3548 1657 3555 -
1679 3533 1704 3553 ¹⁰
1725 3531 1818 3571 Sap„
1838 3537 1886 3570 rx,
1907 3531 1937 3561 4.
1954 3546 1993 3551 —
2015 3530 2034 3547 ¹¹
2054 3527 2180 3567 Iudith,
2203 3535 2248 3568 ix,
2271 3528 2319 3559 14.
