2633 3878
121 2416 242 2443 Virtutis

102 2457 240 2484 distantia

103 2506 155 2532 per
189 2498 244 2524 tria

111 2545 230 2564 mensu-

117 2581 208 2606 ratur.

1124 152 1363 195 PSALMUS
1393 155 1566 196 CXVIII.

620 285 804 321 Articulus
821 285 976 330 primus.

326 368 500 404 Primum
524 368 683 409 notans,
705 365 780 401 ait:
801 366 920 402 Salus.
943 366 1027 401 Haec
1057 366 1188 401 autem
1207 364 1311 400 salus

279 430 421 464 aeterna
441 439 450 464 :
475 427 559 463 haec
579 429 636 462 est
661 425 788 472 patria
815 436 1009 472 superna,
1039 435 1112 472 pro
1139 435 1218 471 qua
1236 434 1311 471 pu-

279 490 418 534 gnant,
452 487 521 534 qui
555 488 692 523 contra
726 486 821 523 vitia
849 486 1021 533 legitime
1059 487 1226 530 certant3
1259 485 1312 521 ad

279 558 401 595 quam
420 547 656 594 perveniunt
673 547 940 584 mediantibus
959 547 1124 593 angelis,
1139 546 1208 594 qui
1225 557 1311 593 per-

278 609 426 657 cipiunt
457 609 723 646 haereditatem
754 609 901 645 salutis.
932 611 976 646 Et
1004 612 1098 645 nota
1132 609 1181 645 de
1212 619 1312 656 prae—

276 671 380 709 dicta
403 670 564 707 salutari
581 671 729 718 patria,
759 671 871 718 quod
889 671 940 708 ab
966 671 1052 708 aliis
1072 681 1112 707 se
1138 671 1310 717 elongat,

274 734 327 772 ad
363 733 461 770 alios
497 733 811 781 appropinquat,
844 733 942 770 alios
979 735 1157 780 occupat.
1195 733 1310 769 Elon-

275 799 382 846 gatio
400 798 444 835 fit
469 808 539 845 per
565 798 819 844 demeritum3
856 798 1215 845 appropinquatio,
1240 808 1310 846 per

272 860 457 897 meritum
468 873 479 907 3
509 860 716 907 occupatio
749 870 843 896 vero
863 887 874 904 ,
908 870 979 907 per
1007 860 1226 907 praemium.
1258 862 1308 897 De

271 922 402 970 primo
423 924 433 945 ¹
454 933 463 958 z
489 934 507 955 «
526 922 822 969 Expectavimus
850 922 1040 967 salutem,
1069 924 1105 958 et
1127 922 1309 968 elongata

272 986 329 1020 est
353 996 362 1020 :
384 997 402 1019 »
432 994 521 1021 ecce
547 984 681 1020 salutis
708 983 906 1030 elongatio
932 984 1083 1020 ratione
1114 984 1305 1020 demeriti.

271 1047 323 1082 De
354 1046 528 1083 secundo
553 1046 567 1067 2
590 1049 725 1083 :Nunc
755 1046 861 1082 enim
894 1046 1059 1093 propior
1088 1048 1144 1082 est
1175 1048 1308 1082 nostra

271 1107 395 1153 salus,
433 1118 555 1155 quam
582 1119 673 1144 cum
704 1107 971 1144 credidimus:
998 1120 1017 1142 »
1052 1117 1141 1143 ecce
1172 1107 1307 1143 salutis

271 1169 606 1217 appropinquatio
637 1169 788 1206 ratione
821 1169 960 1205 meriti.
993 1171 1044 1205 De
1079 1168 1191 1205 tertio
1219 1168 1261 1204 ³:
1283 1182 1301 1202 n

273 1243 291 1265 «
317 1231 531 1279 Occupabit
558 1231 664 1267 salus
691 1242 827 1267 muros
858 1233 966 1276 tuos,
993 1233 1030 1267 et
1059 1233 1193 1278 portas
1221 1233 1307 1268 tuas

268 1292 460 1329 laudatio.
489 1306 507 1327 »
531 1294 666 1329 Noster
693 1302 832 1329 murus
859 1295 916 1329 est
943 1294 1120 1329 nostrum
1141 1302 1304 1339 corpus,-

268 1356 383 1401 porta
402 1354 580 1401 corporis
600 1356 657 1390 est
677 1364 721 1390 os
740 1354 881 1390 carnis.
903 1356 1008 1390 Tunc
1037 1353 1154 1400 igitur
1170 1365 1305 1391 muros

268 1418 423 1452 nostros
445 1415 656 1463 occupabit
675 1416 795 1460 salus,
815 1415 979 1462 quando
1001 1415 1126 1462 glorIa
1146 1415 1304 1463 spiritus

267 1477 509 1513 redundabit
536 1477 579 1513 in
610 1488 773 1525 corpus3
808 1480 941 1524 portas
967 1487 1062 1513 vero
1095 1477 1305 1523 occupabit

266 1538 467 1583 laudatio,
489 1549 580 1574 eum
599 1549 643 1574 os
668 1539 796 1575 carnis
824 1538 1035 1586 occupabit
1053 1549 1134 1574 vox
1152 1538 1302 1585 laudis,

267 1600 361 1647 quia
384 1600 398 1622 4
420 1612 439 1634 «
455 1600 647 1646 gaudium
673 1603 709 1636 et
739 1600 871 1636 laetitia
892 1593 1140 1636 invenientur
1169 1600 1210 1635 in
1236 1610 1301 1646 ea,

265 1661 479 1708 gratiarum
499 1661 614 1707 actio,
629 1664 666 1698 et
683 1672 763 1698 vox
780 1661 908 1698 laudis
919 1674 930 1707 3
953 1675 972 1696 »
994 1661 1064 1698 ubi
1084 1664 1189 1708 patet
1208 1672 1303 1706 gau-

266 1723 378 1759 dium
395 1723 613 1768 interioris,
634 1725 672 1759 et
690 1723 820 1760 laetitia
838 1723 1040 1760 exterioris
1056 1722 1243 1769 hominis,
1266 1726 1302 1760 et

266 1784 352 1821 laus
365 1785 467 1821 oris:
484 1795 574 1822 ecce
591 1784 724 1822 salutis
739 1785 946 1832 occupatio
966 1785 1117 1822 ratione
1132 1785 1298 1832 praemii.

579 1890 769 1925 Articulus
795 1889 980 1925 secundus.

311 1971 535 2008 Secundum
555 1973 771 2015 annotans,
792 1971 928 2008 addit:
951 1971 1069 2016 Lonqe
1098 1982 1120 2006 a
1137 1975 1302 2017 peccato-

262 2033 374 2070 ribus.
395 2034 482 2069 Haec
499 2035 555 2069 est
571 2033 768 2079 elongatio
790 2032 938 2079 salutis,
959 2032 1024 2069 vel
1042 2032 1177 2080 patriae
1197 2033 1300 2070 salu·-

262 2096 367 2132 taris.
402 2095 701 2141 Elongationem
735 2097 866 2131 autem
900 2094 1034 2142 patriae
1064 2094 1157 2131 facit
1191 2095 1300 2132 elon-

264 2157 370 2204 gatio
388 2157 474 2194 viae.
494 2160 614 2194 Tanto
640 2168 814 2205 namque
840 2158 997 2205 longius
1017 2158 1133 2195 distat
1157 2159 1297 2206 patria,

263 2222 410 2267 quanto
430 2220 588 2266 longius
604 2219 654 2268 (a)
680 2219 757 2256 via.
775 2220 812 2256 Si
830 2231 924 2256 vero
947 2220 1051 2256 salus
1077 2222 1133 2256 est
1156 2221 1297 2268 patria,

263 2281 385 2318 virtus
406 2283 463 2318 est
480 2282 564 2327 via,
584 2282 679 2328 quia
701 2291 771 2328 per
789 2282 973 2318 virtutem
994 2283 1220 2329 pervenitur
1245 2283 1298 2320 ad

263 2343 448 2388 salutem,
470 2343 570 2379 sicut
587 2353 657 2389 per
675 2343 782 2378 viam
799 2344 1024 2389 pervenitur
1043 2344 1096 2380 ad
1115 2344 1296 2391 patriam.

263 2404 418 2440 Virtutis
437 2407 568 2440 autem
582 2404 764 2440 distantia
782 2408 1031 2441 mensuratur
1044 2415 1117 2451 per
1130 2405 1202 2442 tria
1220 2406 1300 2442 vir-

263 2468 386 2502 tutem
413 2465 740 2510 concomitantia3
769 2466 913 2502 scilicet
945 2454 1208 2512 agnitionem,
1235 2478 1298 2504 ac-

263 2528 424 2573 tionem,
439 2530 476 2563 et
495 2527 819 2563 delectationem:
841 2538 1010 2574 quorum
1032 2529 1206 2575 primum
1219 2540 1297 2566 res-

262 2589 357 2636 picit
373 2589 471 2636 legis
491 2589 731 2635 doctrinam3
754 2589 987 2636 secundum,
1004 2590 1160 2636 justitiae
1181 2591 1296 2627 disci-

262 2651 433 2699 plinam;
454 2652 629 2694 tertium,
651 2651 961 2688 consolationem
983 2652 1173 2690 divinam.
1196 2655 1294 2691 Sane

262 2713 382 2760 longe
409 2712 565 2749 videtur
590 2712 712 2749 virtus
732 2712 875 2749 distare
902 2724 925 2749 a
950 2714 1171 2751 carentibus
1197 2726 1294 2752 con-

263 2774 470 2820 solatione,
492 2774 591 2810 sicut
611 2774 661 2810 ab
681 2773 896 2821 indevotis;
919 2775 988 2811 sed
1007 2775 1166 2822 longius
1186 2787 1210 2813 a
1230 2788 1294 2814 ca-

260 2836 438 2873 rentibus
456 2835 630 2879 actione,
651 2835 749 2872 sicut
769 2836 820 2871 ab
846 2836 997 2883 injustis
1009 2851 1020 2884 3
1051 2838 1122 2874 sed
1147 2839 1295 2886 longis-

261 2897 358 2934 sime
378 2907 402 2934 a
421 2896 644 2933 carentibus
664 2897 878 2944 agnitione,
897 2898 994 2934 sicut
1013 2899 1064 2935 ab
1087 2900 1293 2947 imperitis.

261 2959 390 2996 Prima
406 2958 604 3005 elongatio
623 2962 793 3006 notatur,
811 2960 881 2995 ubi
898 2960 1038 2997 dicitur
1058 2972 1107 2998 ex
1126 2972 1295 3008 persona

259 3020 483 3069 poenitentis
511 3021 780 3058 consolatione
804 3022 971 3058 carentis
991 3023 1027 3058 ⁵:
1053 3035 1072 3057 «
1097 3027 1177 3070 Ego
1202 3025 1291 3072 plo-

259 3092 370 3128 rans,
400 3085 436 3119 et
467 3082 606 3119 oculus
636 3093 748 3119 meus
780 3083 981 3120 deducens
1012 3094 1178 3132 aquam,
1200 3087 1294 3134 quia

259 3144 377 3190 longe
397 3143 520 3180 factus
536 3147 592 3180 est
610 3155 632 3181 a
647 3155 710 3181 me
728 3145 970 3182 consolator:
991 3159 1009 3181 ι)
1026 3157 1114 3183 ecce
1128 3148 1292 3195 longam

259 3206 411 3243 virtutis
427 3205 666 3252 distantiam,
683 3208 846 3254 propter
865 3207 1144 3246 consolationis
1158 3220 1289 3248 caren-

303 3289 314 3310 ¹
334 3289 413 3329 151,
431 3296 502 3329 L1v,
522 3291 572 3321 11.
589 3307 630 3313 —
646 3289 657 3308 ²
677 3289 781 3330 Rom,
801 3297 879 3330 1111,
903 3292 952 3322 11.
973 3307 1007 3313 -—
1030 3291 1044 3313 ³
1058 3292 1138 3333 Isa.‚
1158 3300 1214 3334 Lx,
1239 3296 1290 3327 18.

260 3351 300 3359 --
320 3335 334 3357 δ
354 3336 432 3375 isa„
455 3344 503 3377 Ll,
533 3338 563 3368 3.
585 3353 624 3360 —-
644 3338 654 3355 ⁵
678 3337 807 3377 Thr-em,
828 3345 854 3376 1,
878 3339 926 3369 16.
947 3355 988 3361 —
1008 3339 1020 3357 ⁶
1039 3339 1116 3379 Isa„
1141 3348 1213 3381 mx,
1239 3344 1290 3373 Η.

2339 163 2414 200 517

1387 243 1494 279 tiam.
1517 244 1696 281 Secunda
1716 244 1913 291 elongatio
1930 247 2102 290 notatur,
2116 245 2187 283 ubi
2207 245 2347 283 dicitur
2366 247 2415 284 de

1387 304 1538 351 injustis
1553 307 1588 342 ⁶:
1609 319 1627 339 «
1646 308 1886 342 Conversum
1900 309 1954 343 est
1974 309 2188 343 retrorsum
2204 307 2414 353 judicium,

1387 369 1425 402 et
1445 366 1592 412 justitia
1617 367 1735 413 longe
1763 368 1890 404 stetit:
1917 382 1935 402 »
1960 378 2048 404 ecce
2075 368 2237 414 longam
2264 369 2416 405 virtutis

1388 427 1630 474 distantiam,
1658 433 1819 476 propter
1848 429 2010 465 actionis
2041 430 2264 466 carentiam.
2291 431 2416 468 Tertia

1387 489 1584 536 elongatio
1604 492 1783 536 notatur,
1805 491 1875 527 ubi
1897 491 2077 527 scribitur
2097 492 2146 528 de
2168 492 2356 540 imperitis
2373 492 2413 529 ⁷:

1392 563 1409 584 «
1427 553 1468 587 In
1487 552 1556 588 illa
1570 552 1633 588 die
1646 553 1765 599 longe
1784 552 1851 589 fiet
1868 553 1946 598 lex,
1966 553 2042 588 »id
2060 555 2116 589 est
2129 553 2274 599 agnitio
2290 554 2387 600 legis
2403 566 2412 590 .-

1387 622 1475 649 ecce
1494 613 1656 659 longam
1674 614 1826 651 virtutis
1853 614 2101 659 distantiam,
2121 616 2282 662 propter
2303 615 2414 662 agni-

1385 674 1502 711 tionis
1522 675 1747 712 carentiam.

1719 780 1910 815 Articulus
1937 780 2079 816 tertius.

1432 860 1601 898 Tertium
1614 860 1845 906 subnotans,
1858 860 2012 896 subdit:
2034 861 2126 904 Quin
2137 862 2272 905 ,fimf-'h
2307 863 2331 871 ·’
2407 893 2412 897 ,

1386 926 1480 958 tuas.
1509 924 1572 959 Hae
1595 922 1890 968 justificationes
1921 923 2010 958 sunt
2038 922 2194 968 jamnias
2225 923 2411 960 actiones.

1383 984 1533 1021 Justitia
1556 995 1649 1020 vero
1677 986 1732 1020 est
1759 983 1881 1020 virtus
1910 984 2125 1031 generalis3
2157 995 2246 1021 ecce
2276 985 2412 1032 virtus,
2445 1002 2572 1030 Jusffli&

1384 1057 1472 1093 quae
1490 1047 1738 1093 postergatur
1757 1056 1780 1082 a
1798 1046 1926 1082 malis.
1949 1046 2024 1082 Sed
2042 1045 2282 1092 notandum,
2303 1047 2414 1094 quod
2434 1043 2571 1091 Diversq·

1383 1107 1547 1144 diversae
1575 1107 1871 1154 justificationes
1900 1109 1992 1143 sunt
2021 1107 2280 1144 diversorum.
2317 1110 2413 1145 Nam
2433 1085 2572 1151 rqnprsg-

1382 1169 1467 1206 aliae
1485 1172 1575 1213 sunt
1587 1169 1881 1215 justificationes
1900 1170 2154 1216 injustorum3
2176 1169 2261 1206 aliae
2275 1169 2415 1216 justifi-
2429 1164 2572 1232 {patinea-

1382 1232 1553 1268 cationes
1580 1231 1798 1278 justorum3
1829 1231 1914 1268 aliae
1938 1231 2235 1276 justificationes
2259 1234 2413 1268 sancto·
2445 1214 2537 1234 ψη

1379 1304 1480 1330 rum.
1505 1293 1641 1329 Primae
1660 1292 1824 1340 quidem
1838 1295 2015 1340 spectant
2034 1292 2086 1329 ad
2105 1292 2270 1339 gratiam
2290 1303 2413 1340 praeo-

1378 1358 1582 1403 perantem
1590 1367 1602 1401 3
1625 1355 1826 1400 secundae,
1849 1354 1901 1391 ad
1925 1354 2091 1401 gratiam
2112 1357 2410 1402 cooperantem

1378 1418 1497 1455 tertiae
1512 1428 1622 1463 ver0,
1644 1417 1696 1454 ad
1721 1416 1887 1463 gratiam
1914 1418 2243 1452 remunerantem.
2267 1417 2317 1452 De
2335 1416 2411 1463 pri-

1378 1491 1445 1517 mo
1469 1481 1505 1516 ⁸:
1531 1479 1633 1523 «Qui
1653 1479 1819 1516 traditus
1838 1480 1894 1514 est
1916 1479 2078 1525 propter
2102 1477 2244 1515 delicta
2263 1480 2409 1524 nostra,

1379 1546 1416 1580 et
1433 1541 1644 1578 resurrexit
1661 1542 1822 1588 propter
1837 1539 2157 1587 justificationem
2175 1542 2371 1576 nostram:
2389 1553 2407 1575 η

1378 1614 1467 1640 ecce
1480 1602 1705 1650 justificatio
1720 1602 1969 1648 injustorum.
1986 1603 2037 1637 De
2052 1600 2227 1637 secundo
2241 1601 2274 1637 ⁹:
2297 1603 2409 1638 «Jus-

1376 1665 1632 1702 tificationem
1651 1674 1805 1708 meam,
1827 1673 1948 1710 quam
1966 1662 2067 1709 coepi
2085 1664 2230 1708 tenere,
2247 1671 2328 1698 non
2346 1662 2411 1698 de-

1376 1737 1504 1764 seram
1522 1738 1532 1763 :
1554 1736 1683 1773 neque
1709 1725 1814 1761 enim
1836 1723 2088 1772 reprehendit
2104 1734 2168 1760 me
2189 1733 2257 1760 cor
2276 1734 2409 1760 meum

1375 1789 1416 1825 in
1436 1789 1545 1825 omni
1562 1788 1644 1825 vita
1662 1798 1753 1824 mea
1770 1799 1779 1823 ε
1802 1801 1820 1823 »
1843 1797 1932 1823 ecce
1954 1784 2179 1833 J'ustificatio
2197 1786 2405 1832 justorum.

1375 1851 1426 1886 De
1440 1850 1567 1895 tertio,
1585 1849 1654 1886 ubi
1667 1849 1808 1895 legitur
1827 1849 1877 1885 de
1896 1858 2043 1896 sponsa
2062 1847 2162 1894 Agni
2179 1847 2255 1883 ¹⁰:⁶1
2270 1849 2407 1884 Datum

1375 1914 1430 1948 est
1457 1912 1515 1948 1111
1539 1914 1582 1948 ut
1611 1910 1812 1958 cooperiat
1838 1921 1880 1947 se
1907 1909 2070 1957 byssino
2096 1908 2344 1956 splendente,
2372 1912 2408 1945 et

1374 1974 1546 2011 candido
1563 1973 1791 2021 :byssinum
1808 1974 1940 2010 autem
1954 1972 1996 2019 (b)
2011 1970 2305 2018 justificationes
2317 1973 2408 2007 sunt

1373 2039 1599 2073 sanctorum
1618 2047 1655 2071 :w
1674 2045 1763 2071 ecce
1779 2033 2004 2080 justificatio
2024 2035 2261 2070 sanctorum.

2463 1983 2566 2019 Byssi-

2426 2031 2509 2052 num.

1698 2139 1888 2175 Articulus
1914 2140 2075 2184 quartus.

1421 2225 1608 2269 Quartum
1626 2223 1864 2266 connotans,
1885 2220 2078 2258 connectit
2097 2232 2106 2256 ε
2122 2221 2205 2259 Non
2226 2222 2405 2267 eoequisie-

1370 2291 1478 2329 runt,
1499 2288 1581 2323 imo
1601 2287 1928 2334 postposuerunt,
1955 2284 2037 2322 sive
2063 2286 2401 2332 postergaverunt.

1371 2351 1466 2386 Ecce
1485 2348 1726 2395 postergatio
1748 2347 1942 2394 generalis
1961 2346 2117 2394 J'ustitiae
2142 2347 2209 2383 vel
2225 2345 2400 2391 virtutis,

1371 2423 1458 2459 quae
1479 2410 1550 2447 fuit
1570 2420 1689 2446 causa
1713 2409 1974 2455 elongationis
1997 2408 2132 2456 patriae
2155 2407 2221 2443 vel
2253 2406 2400 2443 salutis.

1370 2473 1436 2509 Hic
1455 2474 1582 2520 potest
1600 2470 1749 2516 notari,
1773 2470 1882 2518 quod
1909 2469 2110 2517 tripliciter
2137 2471 2303 2516 possunt
2320 2468 2403 2514 Jus-
2451 2481 2561 2510 sustin.

1371 2534 1602 2571 tificationes
1623 2532 1776 2580 exquiri
1795 2544 1804 2568 :
1824 2542 1943 2579 supra
1958 2541 2051 2577 nos,
2067 2533 2175 2567 extra
2189 2540 2282 2576 nOS,
2300 2530 2401 2566 intra
2427 2523 2556 2598 ξζξὲῗζξθ

1368 2606 1442 2632 nos
1465 2607 1474 2631 z
1495 2594 1680 2631 videlicet
1697 2594 1739 2629 in
1767 2593 1832 2629 Dei
1849 2592 2010 2636 virtute,
2031 2592 2072 2628 in
2100 2592 2158 2628 rei
2188 2591 2313 2628 salute
2327 2619 2339 2637 ,
2359 2590 2400 2626 in
2419 2605 2463 2631 ter
2492 2613 2560 2640 pog-

1367 2657 1461 2694 fidei
1482 2656 1678 2693 servitute.
1701 2657 1751 2691 De
1771 2654 1900 2701 primo
1916 2654 1940 2676 ¹¹
1956 2665 1992 2690 z«
2005 2655 2148 2700 Legem
2162 2663 2268 2700 pone
2286 2652 2398 2698 mihi,
2418 2647 2494 2721 ξῗιξξι
2513 2653 2561 2673 ⁰¹·

1369 2719 1554 2764 Domine,
1582 2718 1689 2754 viam
1717 2716 2042 2763 justificationum
2070 2717 2247 2762 tuarum3
2273 2717 2310 2752 et
2329 2725 2398 2751 ex·

1369 2781 1525 2829 quiram
1546 2790 1634 2816 eam
1653 2789 1820 2826 semper.
1842 2792 1859 2814 »
1885 2778 1950 2815 Hic
1978 2776 2194 2825 exquiritur
2210 2776 2399 2824 Justifica-

1368 2844 1420 2880 tio
1442 2843 1483 2879 in
1503 2842 1685 2879 servitute
1707 2841 1785 2877 Dei.
1809 2843 1861 2877 De
1882 2839 2057 2878 secundo
2077 2837 2103 2862 ¹²
2123 2851 2131 2875 :
2156 2852 2175 2874 «
2196 2841 2281 2876 Haec
2298 2838 2401 2876 facta

1368 2908 1425 2942 est
1442 2904 1551 2948 mihi,
1575 2904 1670 2951 quia
1693 2902 1992 2951 justificationes
2021 2904 2106 2938 tuas
2137 2900 2357 2949 exquisivi:
2379 2913 2397 2935 n

1366 2967 1430 3004 hic
1456 2966 1674 3014 exquiritur
1699 2965 1925 3012 justificatio
1952 2965 1992 3001 in
2021 2963 2144 3000 salute
2164 2962 2233 3000 rei.
2255 2964 2307 2999 De
2325 2963 2401 2999 ter-

1367 3029 1420 3066 tio
1437 3028 1465 3051 ¹³
1486 3040 1494 3064 :
1519 3030 1657 3064 «Tuus
1686 3038 1773 3064 sum
1805 3037 1902 3074 ego,
1930 3025 2084 3062 salvum
2108 3035 2171 3061 me
2191 3024 2253 3061 fac
2266 3036 2278 3070 3
2300 3033 2399 3070 quo-

1366 3090 1474 3126 niam
1490 3090 1788 3137 justificationes
1807 3090 1893 3125 tuas
1915 3086 2108 3135 exquisivi
2123 3098 2132 3123 :
2147 3100 2163 3119 »
2181 3085 2244 3122 hic
2263 3084 2398 3133 exqui-

1366 3152 1462 3189 ritur
1478 3151 1705 3198 J'ustificatio
1724 3152 1765 3187 in
1785 3149 1969 3187 servitute
1988 3147 2095 3185 fidei.

1365 3267 1406 3274 —
1423 3251 1433 3268 ⁷
1454 3249 1567 3290 Miclz.,
1587 3257 1649 3289 vu,
1676 3250 1724 3281 11.
1743 3265 1783 3271 —
1805 3249 1816 3267 ⁸
1835 3248 1936 3286 Rom„
1961 3254 2007 3286 1V,
2031 3247 2082 3278 25.
2104 3261 2146 3269 --
2163 3244 2177 3266 0
2193 3243 2395 3284 Job‚xxv11‚

1365 3298 1396 3328 6.
1413 3314 1453 3320 -
1473 3297 1498 3318 ¹⁰
1516 3297 1630 3337 Apoc„
1650 3303 1728 3336 xix,
1749 3296 1780 3327 8.
1801 3312 1836 3318 -
1860 3293 1993 3326 1¹Psal.
2012 3293 2096 3333 hoc,
2116 3293 2167 3324 33.
2187 3307 2227 3314 -
2252 3290 2278 3313 ¹²
2296 3290 2396 3330 ibid„

1364 3353 1458 3384 34.—
1480 3352 1503 3373 ¹³
1527 3351 1623 3389 ibid„
1641 3352 1737 3382 94.—
1757 3351 1796 3391 (α)
1814 3351 1890 3391 Leq.
1904 3349 2089 3391 longior.-
2106 3347 2153 3389 (b)
2176 3346 2271 3389 Vulq.
2292 3346 2395 3379 enim.
