<?xml version="1.0" encoding="UTF-8"?>
<!DOCTYPE html PUBLIC "-//W3C//DTD XHTML 1.0 Transitional//EN"
    "http://www.w3.org/TR/xhtml1/DTD/xhtml1-transitional.dtd">
<html xmlns="http://www.w3.org/1999/xhtml" xml:lang="en" lang="en">
 <head>
  <title>
</title>
<meta http-equiv="Content-Type" content="text/html;charset=utf-8" />
  <meta name='ocr-system' content='tesseract 3.04.00' />
  <meta name='ocr-capabilities' content='ocr_page ocr_carea ocr_par ocr_line ocrx_word'/>
</head>
<body>
  <div class='ocr_page' id='page_1' title='image "./operaomniasixtiv09bonauoft/operaomniasixtiv09bonauoft_0585.png"; bbox 0 0 2633 3878; ppageno 0'>
   <div class='ocr_carea' id='block_1_1' title="bbox 112 480 238 556">
    <p class='ocr_par' dir='ltr' id='par_1_1' title="bbox 112 480 238 556">
     <span class='ocr_line' id='line_1_1' title="bbox 131 480 238 506; baseline 0 0"><span class='ocrx_word' id='word_1_1' title='bbox 131 480 238 506; x_wconf 73' lang='lat' dir='ltr'>Civitas</span> 
     </span>
     <span class='ocr_line' id='line_1_2' title="bbox 112 521 225 556; baseline 0 -8"><span class='ocrx_word' id='word_1_2' title='bbox 112 521 225 556; x_wconf 76' lang='lat' dir='ltr'>triplex.</span> 
     </span>
    </p>
   </div>
   <div class='ocr_carea' id='block_1_2' title="bbox 97 592 224 658">
    <p class='ocr_par' dir='ltr' id='par_1_2' title="bbox 97 592 224 658">
     <span class='ocr_line' id='line_1_3' title="bbox 108 592 224 618; baseline 0 0"><span class='ocrx_word' id='word_1_3' title='bbox 108 592 224 618; x_wconf 81' lang='lat' dir='ltr'>Jerusa—</span> 
     </span>
     <span class='ocr_line' id='line_1_4' title="bbox 97 631 165 658; baseline 0.015 -1"><span class='ocrx_word' id='word_1_4' title='bbox 97 631 165 658; x_wconf 82' lang='lat' dir='ltr'>lem.</span> 
     </span>
    </p>
   </div>
   <div class='ocr_carea' id='block_1_3' title="bbox 74 690 236 721">
    <p class='ocr_par' dir='ltr' id='par_1_3' title="bbox 74 690 236 721">
     <span class='ocr_line' id='line_1_5' title="bbox 74 690 236 721; baseline 0 -3"><span class='ocrx_word' id='word_1_5' title='bbox 74 718 78 721; x_wconf 88' lang='grc'>,</span> <span class='ocrx_word' id='word_1_6' title='bbox 134 690 236 718; x_wconf 77' lang='lat' dir='ltr'>JebuS.</span> 
     </span>
    </p>
   </div>
   <div class='ocr_carea' id='block_1_4' title="bbox 114 760 218 788">
    <p class='ocr_par' dir='ltr' id='par_1_4' title="bbox 114 760 218 788">
     <span class='ocr_line' id='line_1_6' title="bbox 114 760 218 788; baseline 0.01 -1"><span class='ocrx_word' id='word_1_7' title='bbox 114 760 218 788; x_wconf 87' lang='lat' dir='ltr'>Salem.</span> 
     </span>
    </p>
   </div>
   <div class='ocr_carea' id='block_1_5' title="bbox 87 2042 229 2233">
    <p class='ocr_par' dir='ltr' id='par_1_5' title="bbox 87 2042 229 2200">
     <span class='ocr_line' id='line_1_7' title="bbox 119 2042 203 2069; baseline 0 0"><span class='ocrx_word' id='word_1_8' title='bbox 119 2042 203 2069; x_wconf 82' lang='lat' dir='ltr'>Oculi</span> 
     </span>
     <span class='ocr_line' id='line_1_8' title="bbox 87 2082 226 2109; baseline 0 0"><span class='ocrx_word' id='word_1_9' title='bbox 87 2083 145 2109; x_wconf 90' lang='lat' dir='ltr'>duo</span> <span class='ocrx_word' id='word_1_10' title='bbox 180 2082 226 2109; x_wconf 87' lang='lat' dir='ltr'>di-</span> 
     </span>
     <span class='ocr_line' id='line_1_9' title="bbox 105 2123 208 2151; baseline 0 -1"><span class='ocrx_word' id='word_1_11' title='bbox 105 2123 208 2151; x_wconf 82' lang='lat' dir='ltr'>lectio-</span> 
     </span>
     <span class='ocr_line' id='line_1_10' title="bbox 88 2165 229 2200; baseline 0 -8"><span class='ocrx_word' id='word_1_12' title='bbox 88 2165 144 2200; x_wconf 84' lang='lat' dir='ltr'>nis,</span> <span class='ocrx_word' id='word_1_13' title='bbox 157 2167 186 2192; x_wconf 89' lang='lat' dir='ltr'>et</span> <span class='ocrx_word' id='word_1_14' title='bbox 199 2165 229 2191; x_wconf 87' lang='lat' dir='ltr'>fi-</span> 
     </span>
    </p>

    <p class='ocr_par' dir='ltr' id='par_1_6' title="bbox 89 2206 146 2233">
     <span class='ocr_line' id='line_1_11' title="bbox 89 2206 146 2233; baseline 0 0"><span class='ocrx_word' id='word_1_15' title='bbox 89 2206 146 2233; x_wconf 83' lang='lat' dir='ltr'>dei.</span> 
     </span>
    </p>
   </div>
   <div class='ocr_carea' id='block_1_6' title="bbox 1044 163 1605 206">
    <p class='ocr_par' dir='ltr' id='par_1_7' title="bbox 1044 163 1605 206">
     <span class='ocr_line' id='line_1_12' title="bbox 1044 163 1605 206; baseline 0.002 -3"><span class='ocrx_word' id='word_1_16' title='bbox 1044 163 1240 204; x_wconf 83' lang='lat' dir='ltr'>PSALMI</span> <span class='ocrx_word' id='word_1_17' title='bbox 1271 163 1605 206; x_wconf 85' lang='lat' dir='ltr'>CXXII-CXXIII.</span> 
     </span>
    </p>
   </div>
   <div class='ocr_carea' id='block_1_7' title="bbox 249 251 1292 1792">
    <p class='ocr_par' dir='ltr' id='par_1_8' title="bbox 249 251 1292 1792">
     <span class='ocr_line' id='line_1_13' title="bbox 258 251 1291 306; baseline -0.001 -12"><span class='ocrx_word' id='word_1_18' title='bbox 258 265 439 306; x_wconf 89' lang='lat' dir='ltr'>sequens</span> <span class='ocrx_word' id='word_1_19' title='bbox 461 253 651 294; x_wconf 83' lang='lat' dir='ltr'>clausula</span> <span class='ocrx_word' id='word_1_20' title='bbox 680 253 827 306; x_wconf 80' lang='lat' dir='ltr'>incipit</span> <span class='ocrx_word' id='word_1_21' title='bbox 854 251 1110 302; x_wconf 77' lang='lat' dir='ltr'>adjectione,</span> <span class='ocrx_word' id='word_1_22' title='bbox 1138 251 1182 291; x_wconf 92' lang='lat' dir='ltr'>in</span> <span class='ocrx_word' id='word_1_23' title='bbox 1205 264 1291 304; x_wconf 85' lang='lat' dir='ltr'>qua</span> 
     </span>
     <span class='ocr_line' id='line_1_14' title="bbox 258 322 1292 376; baseline -0.003 -12"><span class='ocrx_word' id='word_1_24' title='bbox 258 324 397 376; x_wconf 87' lang='lat' dir='ltr'>prima</span> <span class='ocrx_word' id='word_1_25' title='bbox 415 324 601 364; x_wconf 80' lang='lat' dir='ltr'>clausula</span> <span class='ocrx_word' id='word_1_26' title='bbox 620 324 714 364; x_wconf 87' lang='lat' dir='ltr'>finit</span> <span class='ocrx_word' id='word_1_27' title='bbox 728 355 740 373; x_wconf 87' lang='lat'><em>,</em></span> <span class='ocrx_word' id='word_1_28' title='bbox 764 326 812 363; x_wconf 92' lang='lat' dir='ltr'>ut</span> <span class='ocrx_word' id='word_1_29' title='bbox 832 323 913 363; x_wconf 89' lang='lat' dir='ltr'>hoc</span> <span class='ocrx_word' id='word_1_30' title='bbox 938 336 947 362; x_wconf 77' lang='lat' dir='ltr'><strong><em>z</em></strong></span> <span class='ocrx_word' id='word_1_31' title='bbox 973 322 1146 364; x_wconf 79' lang='lat' dir='ltr'>Scantes</span> <span class='ocrx_word' id='word_1_32' title='bbox 1167 327 1292 362; x_wconf 78' lang='lat' dir='ltr'>erant</span> 
     </span>
     <span class='ocr_line' id='line_1_15' title="bbox 255 392 1291 447; baseline -0.004 -12"><span class='ocrx_word' id='word_1_33' title='bbox 255 394 381 447; x_wconf 83' lang='lat' dir='ltr'>pedes</span> <span class='ocrx_word' id='word_1_34' title='bbox 398 395 534 435; x_wconf 75' lang='lat' dir='ltr'>nostri</span> <span class='ocrx_word' id='word_1_35' title='bbox 551 395 595 434; x_wconf 79' lang='lat' dir='ltr'>in</span> <span class='ocrx_word' id='word_1_36' title='bbox 616 395 738 434; x_wconf 74' lang='lat' dir='ltr'>atriis</span> <span class='ocrx_word' id='word_1_37' title='bbox 756 394 858 445; x_wconf 78' lang='lat' dir='ltr'>tuis,</span> <span class='ocrx_word' id='word_1_38' title='bbox 880 392 1116 434; x_wconf 77' lang='lat' dir='ltr'><em>Jerusalem</em></span> <span class='ocrx_word' id='word_1_39' title='bbox 1129 405 1143 432; x_wconf 91' lang='lat'>.·</span> <span class='ocrx_word' id='word_1_40' title='bbox 1164 393 1291 433; x_wconf 76' lang='lat' dir='ltr'>Jeru-</span> 
     </span>
     <span class='ocr_line' id='line_1_16' title="bbox 257 462 1290 518; baseline -0.003 -13"><span class='ocrx_word' id='word_1_41' title='bbox 257 465 389 506; x_wconf 81' lang='lat' dir='ltr'><em>salem</em></span> <span class='ocrx_word' id='word_1_42' title='bbox 404 496 416 514; x_wconf 86' lang='lat'><em>‚</em></span> <span class='ocrx_word' id='word_1_43' title='bbox 439 477 536 518; x_wconf 81' lang='lat' dir='ltr'>quoe</span> <span class='ocrx_word' id='word_1_44' title='bbox 553 464 800 516; x_wconf 71' lang='lat' dir='ltr'>oeclificalw‘,</span> <span class='ocrx_word' id='word_1_45' title='bbox 818 468 864 504; x_wconf 77' lang='lat' dir='ltr'>ul</span> <span class='ocrx_word' id='word_1_46' title='bbox 885 464 1049 504; x_wconf 71' lang='lat' dir='ltr'>civitas.</span> <span class='ocrx_word' id='word_1_47' title='bbox 1071 462 1172 503; x_wconf 92' lang='lat' dir='ltr'>Tres</span> <span class='ocrx_word' id='word_1_48' title='bbox 1191 465 1290 502; x_wconf 90' lang='lat' dir='ltr'>sunt</span> 
     </span>
     <span class='ocr_line' id='line_1_17' title="bbox 258 533 1287 587; baseline -0.003 -12"><span class='ocrx_word' id='word_1_49' title='bbox 258 535 463 585; x_wconf 84' lang='lat' dir='ltr'>civitates,</span> <span class='ocrx_word' id='word_1_50' title='bbox 478 537 525 575; x_wconf 90' lang='lat' dir='ltr'>ut</span> <span class='ocrx_word' id='word_1_51' title='bbox 538 535 656 587; x_wconf 87' lang='lat' dir='ltr'>prius</span> <span class='ocrx_word' id='word_1_52' title='bbox 667 536 678 557; x_wconf 82' lang='lat'>¹</span> <span class='ocrx_word' id='word_1_53' title='bbox 691 535 850 575; x_wconf 91' lang='lat' dir='ltr'>dictum</span> <span class='ocrx_word' id='word_1_54' title='bbox 871 537 948 584; x_wconf 85' lang='lat' dir='ltr'>est,</span> <span class='ocrx_word' id='word_1_55' title='bbox 965 533 1287 583; x_wconf 89' lang='lat' dir='ltr'>militantiuum,</span> 
     </span>
     <span class='ocr_line' id='line_1_18' title="bbox 256 603 1288 657; baseline -0.001 -13"><span class='ocrx_word' id='word_1_56' title='bbox 256 605 642 657; x_wconf 80' lang='lat' dir='ltr'><strong>triumphantium,</strong></span> <span class='ocrx_word' id='word_1_57' title='bbox 664 606 956 646; x_wconf 89' lang='lat' dir='ltr'>morientium.</span> <span class='ocrx_word' id='word_1_58' title='bbox 980 604 1102 645; x_wconf 83' lang='lat' dir='ltr'>Prius</span> <span class='ocrx_word' id='word_1_59' title='bbox 1122 603 1288 644; x_wconf 85' lang='lat' dir='ltr'>Jerusa-</span> 
     </span>
     <span class='ocr_line' id='line_1_19' title="bbox 256 673 1292 728; baseline 0 -14"><span class='ocrx_word' id='word_1_60' title='bbox 256 674 340 715; x_wconf 93' lang='lat' dir='ltr'>lem</span> <span class='ocrx_word' id='word_1_61' title='bbox 369 675 479 716; x_wconf 88' lang='lat' dir='ltr'>dicta</span> <span class='ocrx_word' id='word_1_62' title='bbox 499 677 561 716; x_wconf 90' lang='lat' dir='ltr'>est</span> <span class='ocrx_word' id='word_1_63' title='bbox 580 675 729 725; x_wconf 89' lang='lat' dir='ltr'>Jebus;</span> <span class='ocrx_word' id='word_1_64' title='bbox 761 678 855 728; x_wconf 89' lang='lat' dir='ltr'>post</span> <span class='ocrx_word' id='word_1_65' title='bbox 887 674 1043 716; x_wconf 87' lang='lat' dir='ltr'>Salem.</span> <span class='ocrx_word' id='word_1_66' title='bbox 1067 673 1194 714; x_wconf 88' lang='lat' dir='ltr'>Jebus</span> <span class='ocrx_word' id='word_1_67' title='bbox 1228 677 1292 715; x_wconf 90' lang='lat' dir='ltr'>est</span> 
     </span>
     <span class='ocr_line' id='line_1_20' title="bbox 255 744 1285 798; baseline -0.002 -12"><span class='ocrx_word' id='word_1_68' title='bbox 255 745 538 797; x_wconf 77' lang='lat' dir='ltr'>conculcatio,</span> <span class='ocrx_word' id='word_1_69' title='bbox 561 745 702 786; x_wconf 86' lang='lat' dir='ltr'>Salem</span> <span class='ocrx_word' id='word_1_70' title='bbox 722 757 831 798; x_wconf 69' lang='lat' dir='ltr'>pax.</span> <span class='ocrx_word' id='word_1_71' title='bbox 865 745 1118 786; x_wconf 75' lang='lat' dir='ltr'>Jerusalem.</span> <span class='ocrx_word' id='word_1_72' title='bbox 1150 744 1255 785; x_wconf 90' lang='lat' dir='ltr'>Nota</span> <span class='ocrx_word' id='word_1_73' title='bbox 1276 758 1285 784; x_wconf 76' lang='grc' dir='ltr'>ε</span> 
     </span>
     <span class='ocr_line' id='line_1_21' title="bbox 254 815 1290 869; baseline -0.001 -13"><span class='ocrx_word' id='word_1_74' title='bbox 254 816 393 869; x_wconf 90' lang='lat' dir='ltr'>primo</span> <span class='ocrx_word' id='word_1_75' title='bbox 410 816 606 857; x_wconf 90' lang='lat' dir='ltr'>homines</span> <span class='ocrx_word' id='word_1_76' title='bbox 626 820 726 856; x_wconf 90' lang='lat' dir='ltr'>sunt</span> <span class='ocrx_word' id='word_1_77' title='bbox 744 815 820 855; x_wconf 82' lang='lat' dir='ltr'>filii</span> <span class='ocrx_word' id='word_1_78' title='bbox 854 815 954 866; x_wconf 81' lang='lat' dir='ltr'>irae3</span> <span class='ocrx_word' id='word_1_79' title='bbox 981 816 1108 868; x_wconf 73' lang='lat' dir='ltr'>prius</span> <span class='ocrx_word' id='word_1_80' title='bbox 1140 816 1256 856; x_wconf 92' lang='lat' dir='ltr'>enim</span> <span class='ocrx_word' id='word_1_81' title='bbox 1276 816 1290 837; x_wconf 76' lang='lat'>2</span> 
     </span>
     <span class='ocr_line' id='line_1_22' title="bbox 254 886 1289 940; baseline 0.001 -13"><span class='ocrx_word' id='word_1_82' title='bbox 254 889 344 937; x_wconf 86' lang='lat' dir='ltr'>est,</span> <span class='ocrx_word' id='word_1_83' title='bbox 366 886 485 940; x_wconf 79' lang='lat' dir='ltr'>quod</span> <span class='ocrx_word' id='word_1_84' title='bbox 501 887 690 928; x_wconf 76' lang='lat' dir='ltr'>animale</span> <span class='ocrx_word' id='word_1_85' title='bbox 703 899 720 939; x_wconf 86' lang='grc'>,·</span> <span class='ocrx_word' id='word_1_86' title='bbox 739 886 889 927; x_wconf 80' lang='lat' dir='ltr'>demde</span> <span class='ocrx_word' id='word_1_87' title='bbox 910 886 1029 939; x_wconf 73' lang='lat' dir='ltr'>quod</span> <span class='ocrx_word' id='word_1_88' title='bbox 1041 886 1264 939; x_wconf 72' lang='lat' dir='ltr'>spirituale</span> <span class='ocrx_word' id='word_1_89' title='bbox 1274 902 1289 928; x_wconf 82' lang='grc'>.-</span> 
     </span>
     <span class='ocr_line' id='line_1_23' title="bbox 253 958 1288 1011; baseline 0 -12"><span class='ocrx_word' id='word_1_90' title='bbox 253 969 347 999; x_wconf 86' lang='lat' dir='ltr'>ecce</span> <span class='ocrx_word' id='word_1_91' title='bbox 365 959 508 999; x_wconf 90' lang='lat' dir='ltr'>Jebus.</span> <span class='ocrx_word' id='word_1_92' title='bbox 534 958 687 999; x_wconf 88' lang='lat' dir='ltr'>Deinde</span> <span class='ocrx_word' id='word_1_93' title='bbox 720 959 984 999; x_wconf 85' lang='lat' dir='ltr'>mundantur</span> <span class='ocrx_word' id='word_1_94' title='bbox 1009 959 1061 1011; x_wconf 83' lang='grc' dir='ltr'>(α)</span> <span class='ocrx_word' id='word_1_95' title='bbox 1082 971 1157 1011; x_wconf 87' lang='lat' dir='ltr'>per</span> <span class='ocrx_word' id='word_1_96' title='bbox 1182 959 1288 1011; x_wconf 88' lang='lat' dir='ltr'>bap-</span> 
     </span>
     <span class='ocr_line' id='line_1_24' title="bbox 253 1029 1290 1081; baseline 0.002 -12"><span class='ocrx_word' id='word_1_97' title='bbox 253 1029 450 1079; x_wconf 85' lang='lat' dir='ltr'>tismum,</span> <span class='ocrx_word' id='word_1_98' title='bbox 472 1029 627 1070; x_wconf 89' lang='lat' dir='ltr'>scilicet</span> <span class='ocrx_word' id='word_1_99' title='bbox 645 1029 868 1081; x_wconf 86' lang='lat' dir='ltr'>pacificati:</span> <span class='ocrx_word' id='word_1_100' title='bbox 889 1041 982 1070; x_wconf 90' lang='grc'>0000</span> <span class='ocrx_word' id='word_1_101' title='bbox 1002 1029 1159 1069; x_wconf 87' lang='lat' dir='ltr'>Salem.</span> <span class='ocrx_word' id='word_1_102' title='bbox 1183 1029 1290 1071; x_wconf 87' lang='lat' dir='ltr'>Tan-</span> 
     </span>
     <span class='ocr_line' id='line_1_25' title="bbox 254 1099 1289 1142; baseline -0.001 0"><span class='ocrx_word' id='word_1_103' title='bbox 254 1101 350 1142; x_wconf 88' lang='lat' dir='ltr'>dem</span> <span class='ocrx_word' id='word_1_104' title='bbox 372 1100 581 1142; x_wconf 88' lang='lat' dir='ltr'>videbunt</span> <span class='ocrx_word' id='word_1_105' title='bbox 598 1099 752 1141; x_wconf 89' lang='lat' dir='ltr'>Deum:</span> <span class='ocrx_word' id='word_1_106' title='bbox 769 1112 862 1141; x_wconf 89' lang='lat' dir='ltr'>ecce</span> <span class='ocrx_word' id='word_1_107' title='bbox 880 1100 1129 1141; x_wconf 77' lang='lat' dir='ltr'>Jerusalem.</span> <span class='ocrx_word' id='word_1_108' title='bbox 1160 1115 1179 1139; x_wconf 82' lang='lat'>&lt;‹</span> <span class='ocrx_word' id='word_1_109' title='bbox 1199 1100 1289 1141; x_wconf 83' lang='lat' dir='ltr'>Coe-</span> 
     </span>
     <span class='ocr_line' id='line_1_26' title="bbox 251 1170 1289 1212; baseline 0.001 -1"><span class='ocrx_word' id='word_1_110' title='bbox 251 1170 342 1211; x_wconf 91' lang='lat' dir='ltr'>lum</span> <span class='ocrx_word' id='word_1_111' title='bbox 363 1171 456 1211; x_wconf 84' lang='lat' dir='ltr'>coeli</span> <span class='ocrx_word' id='word_1_112' title='bbox 481 1171 681 1212; x_wconf 89' lang='lat' dir='ltr'>Domino:</span> <span class='ocrx_word' id='word_1_113' title='bbox 705 1186 724 1208; x_wconf 88' lang='lat'>»</span> <span class='ocrx_word' id='word_1_114' title='bbox 751 1183 845 1212; x_wconf 87' lang='lat' dir='ltr'>ecce</span> <span class='ocrx_word' id='word_1_115' title='bbox 873 1171 1120 1212; x_wconf 80' lang='lat' dir='ltr'>Jerusalem.</span> <span class='ocrx_word' id='word_1_116' title='bbox 1146 1186 1165 1209; x_wconf 75' lang='grc' dir='ltr'>α</span> <span class='ocrx_word' id='word_1_117' title='bbox 1186 1170 1289 1212; x_wconf 83' lang='lat' dir='ltr'>Ter-</span> 
     </span>
     <span class='ocr_line' id='line_1_27' title="bbox 251 1242 1290 1283; baseline 0.002 -1"><span class='ocrx_word' id='word_1_118' title='bbox 251 1253 345 1282; x_wconf 87' lang='lat' dir='ltr'>ram</span> <span class='ocrx_word' id='word_1_119' title='bbox 369 1244 513 1283; x_wconf 90' lang='lat' dir='ltr'>autem</span> <span class='ocrx_word' id='word_1_120' title='bbox 534 1242 649 1282; x_wconf 84' lang='lat' dir='ltr'>dedit</span> <span class='ocrx_word' id='word_1_121' title='bbox 669 1242 767 1282; x_wconf 84' lang='lat' dir='ltr'>filiis</span> <span class='ocrx_word' id='word_1_122' title='bbox 788 1242 1015 1283; x_wconf 88' lang='lat' dir='ltr'>bominum</span> <span class='ocrx_word' id='word_1_123' title='bbox 1039 1256 1048 1283; x_wconf 74' lang='grc' dir='ltr'>ι</span> <span class='ocrx_word' id='word_1_124' title='bbox 1071 1257 1089 1279; x_wconf 68' lang='grc' dir='ltr'>ι)</span> <span class='ocrx_word' id='word_1_125' title='bbox 1114 1254 1208 1283; x_wconf 87' lang='lat' dir='ltr'>ecce</span> <span class='ocrx_word' id='word_1_126' title='bbox 1227 1242 1290 1283; x_wconf 88' lang='lat' dir='ltr'>Je-</span> 
     </span>
     <span class='ocr_line' id='line_1_28' title="bbox 251 1313 1288 1365; baseline 0.001 -12"><span class='ocrx_word' id='word_1_127' title='bbox 251 1313 436 1353; x_wconf 85' lang='lat' dir='ltr'>rusalem</span> <span class='ocrx_word' id='word_1_128' title='bbox 471 1315 611 1363; x_wconf 81' lang='lat' dir='ltr'>terra,</span> <span class='ocrx_word' id='word_1_129' title='bbox 645 1313 720 1353; x_wconf 89' lang='lat' dir='ltr'>ubi</span> <span class='ocrx_word' id='word_1_130' title='bbox 754 1315 816 1353; x_wconf 91' lang='lat' dir='ltr'>est</span> <span class='ocrx_word' id='word_1_131' title='bbox 841 1313 853 1334; x_wconf 76' lang='lat'>¹·</span> <span class='ocrx_word' id='word_1_132' title='bbox 883 1327 903 1352; x_wconf 75' lang='lat' dir='ltr'>c(</span> <span class='ocrx_word' id='word_1_133' title='bbox 923 1325 1007 1365; x_wconf 90' lang='lat' dir='ltr'>pax</span> <span class='ocrx_word' id='word_1_134' title='bbox 1040 1313 1288 1354; x_wconf 90' lang='lat' dir='ltr'>hominibus</span> 
     </span>
     <span class='ocr_line' id='line_1_29' title="bbox 250 1383 1285 1434; baseline 0 -10"><span class='ocrx_word' id='word_1_135' title='bbox 250 1384 373 1425; x_wconf 82' lang='lat' dir='ltr'>bonae</span> <span class='ocrx_word' id='word_1_136' title='bbox 393 1384 638 1426; x_wconf 82' lang='lat' dir='ltr'>voluntatis.</span> <span class='ocrx_word' id='word_1_137' title='bbox 663 1383 757 1425; x_wconf 92' lang='lat' dir='ltr'>Non</span> <span class='ocrx_word' id='word_1_138' title='bbox 787 1384 944 1424; x_wconf 90' lang='lat' dir='ltr'>mortui</span> <span class='ocrx_word' id='word_1_139' title='bbox 964 1384 1199 1425; x_wconf 89' lang='lat' dir='ltr'>laudabunt</span> <span class='ocrx_word' id='word_1_140' title='bbox 1218 1388 1258 1425; x_wconf 89' lang='lat' dir='ltr'>te</span> <span class='ocrx_word' id='word_1_141' title='bbox 1272 1417 1285 1434; x_wconf 83' lang='lat'><em>,</em></span> 
     </span>
     <span class='ocr_line' id='line_1_30' title="bbox 250 1455 1283 1497; baseline 0.002 -3"><span class='ocrx_word' id='word_1_142' title='bbox 250 1455 456 1495; x_wconf 85' lang='lat' dir='ltr'>Domine:</span> <span class='ocrx_word' id='word_1_143' title='bbox 479 1469 498 1492; x_wconf 80' lang='lat'>›)</span> <span class='ocrx_word' id='word_1_144' title='bbox 524 1467 618 1495; x_wconf 91' lang='grc'>0000</span> <span class='ocrx_word' id='word_1_145' title='bbox 646 1455 720 1495; x_wconf 90' lang='lat' dir='ltr'>ubi</span> <span class='ocrx_word' id='word_1_146' title='bbox 742 1457 804 1495; x_wconf 87' lang='lat' dir='ltr'>est</span> <span class='ocrx_word' id='word_1_147' title='bbox 835 1456 1108 1496; x_wconf 79' lang='lat' dir='ltr'>conculcatio.</span> <span class='ocrx_word' id='word_1_148' title='bbox 1143 1455 1250 1496; x_wconf 87' lang='lat' dir='ltr'>Nota</span> <span class='ocrx_word' id='word_1_149' title='bbox 1275 1471 1283 1497; x_wconf 74' lang='grc' dir='ltr'>ε</span> 
     </span>
     <span class='ocr_line' id='line_1_31' title="bbox 250 1526 1287 1568; baseline 0.002 -2"><span class='ocrx_word' id='word_1_150' title='bbox 250 1526 286 1566; x_wconf 89' lang='lat' dir='ltr'><strong>A</strong></span> <span class='ocrx_word' id='word_1_151' title='bbox 305 1526 441 1566; x_wconf 90' lang='lat' dir='ltr'>tribus</span> <span class='ocrx_word' id='word_1_152' title='bbox 460 1527 789 1567; x_wconf 88' lang='lat' dir='ltr'>commendatur</span> <span class='ocrx_word' id='word_1_153' title='bbox 807 1526 878 1567; x_wconf 88' lang='lat' dir='ltr'>illa</span> <span class='ocrx_word' id='word_1_154' title='bbox 897 1527 1045 1568; x_wconf 86' lang='lat' dir='ltr'>civitas</span> <span class='ocrx_word' id='word_1_155' title='bbox 1068 1541 1077 1568; x_wconf 74' lang='grc' dir='ltr'>ε</span> <span class='ocrx_word' id='word_1_156' title='bbox 1099 1528 1152 1568; x_wconf 88' lang='lat' dir='ltr'>ab</span> <span class='ocrx_word' id='word_1_157' title='bbox 1175 1528 1287 1568; x_wconf 84' lang='lat' dir='ltr'>anti-</span> 
     </span>
     <span class='ocr_line' id='line_1_32' title="bbox 249 1595 1286 1648; baseline 0.002 -12"><span class='ocrx_word' id='word_1_158' title='bbox 249 1595 433 1648; x_wconf 85' lang='lat' dir='ltr'>quitate,</span> <span class='ocrx_word' id='word_1_159' title='bbox 455 1596 514 1636; x_wconf 91' lang='lat' dir='ltr'>ibi</span> <span class='ocrx_word' id='word_1_160' title='bbox 536 1611 545 1637; x_wconf 80' lang='lat' dir='ltr'>z</span> <span class='ocrx_word' id='word_1_161' title='bbox 583 1597 689 1648; x_wconf 67' lang='lat' dir='ltr'>Quae</span> <span class='ocrx_word' id='word_1_162' title='bbox 709 1597 947 1648; x_wconf 62' lang='lat' dir='ltr'>ceclifleatm&#39;</span> <span class='ocrx_word' id='word_1_163' title='bbox 968 1603 1015 1637; x_wconf 79' lang='lat' dir='ltr'>ut</span> <span class='ocrx_word' id='word_1_164' title='bbox 1044 1598 1211 1648; x_wconf 76' lang='lat' dir='ltr'>cloz&#39;tas3</span> <span class='ocrx_word' id='word_1_165' title='bbox 1235 1598 1286 1639; x_wconf 90' lang='lat' dir='ltr'>de</span> 
     </span>
     <span class='ocr_line' id='line_1_33' title="bbox 250 1666 1283 1721; baseline 0.003 -15"><span class='ocrx_word' id='word_1_166' title='bbox 250 1666 452 1707; x_wconf 80' lang='lat' dir='ltr'>charitate</span> <span class='ocrx_word' id='word_1_167' title='bbox 475 1681 483 1707; x_wconf 92' lang='lat'><strong>:</strong></span> <span class='ocrx_word' id='word_1_168' title='bbox 509 1666 644 1719; x_wconf 79' lang='lat' dir='ltr'>Cujus</span> <span class='ocrx_word' id='word_1_169' title='bbox 656 1667 934 1721; x_wconf 70' lang='lat' dir='ltr'>participatio</span> <span class='ocrx_word' id='word_1_170' title='bbox 958 1673 1017 1709; x_wconf 80' lang='lat' dir='ltr'>est</span> <span class='ocrx_word' id='word_1_171' title='bbox 1029 1680 1047 1721; x_wconf 85' lang='lat'><em>;</em></span> <span class='ocrx_word' id='word_1_172' title='bbox 1066 1680 1090 1708; x_wconf 88' lang='lat' dir='ltr'>a</span> <span class='ocrx_word' id='word_1_173' title='bbox 1108 1667 1283 1709; x_wconf 86' lang='lat' dir='ltr'>beatitu-</span> 
     </span>
     <span class='ocr_line' id='line_1_34' title="bbox 251 1737 793 1792; baseline 0.004 -15"><span class='ocrx_word' id='word_1_174' title='bbox 251 1737 351 1778; x_wconf 88' lang='lat' dir='ltr'>dine</span> <span class='ocrx_word' id='word_1_175' title='bbox 369 1769 378 1787; x_wconf 91' lang='lat'>,</span> <span class='ocrx_word' id='word_1_176' title='bbox 401 1737 460 1778; x_wconf 90' lang='lat' dir='ltr'>ibi</span> <span class='ocrx_word' id='word_1_177' title='bbox 485 1753 494 1779; x_wconf 77' lang='lat' dir='ltr'>z</span> <span class='ocrx_word' id='word_1_178' title='bbox 518 1738 572 1780; x_wconf 79' lang='lat' dir='ltr'>In</span> <span class='ocrx_word' id='word_1_179' title='bbox 592 1738 793 1792; x_wconf 69' lang='lat' dir='ltr'>idipsum.</span> 
     </span>
    </p>
   </div>
   <div class='ocr_carea' id='block_1_8' title="bbox 422 1897 1114 1943">
    <p class='ocr_par' dir='ltr' id='par_1_9' title="bbox 422 1897 1114 1943">
     <span class='ocr_line' id='line_1_35' title="bbox 422 1897 1114 1943; baseline 0 -2"><span class='ocrx_word' id='word_1_180' title='bbox 422 1897 690 1942; x_wconf 86' lang='lat' dir='ltr'>PSALMUS</span> <span class='ocrx_word' id='word_1_181' title='bbox 723 1897 904 1943; x_wconf 86' lang='lat' dir='ltr'>DAVID</span> <span class='ocrx_word' id='word_1_182' title='bbox 936 1897 1114 1942; x_wconf 89' lang='lat' dir='ltr'>CXXII.</span> 
     </span>
    </p>
   </div>
   <div class='ocr_carea' id='block_1_9' title="bbox 246 2022 1286 3208">
    <p class='ocr_par' dir='ltr' id='par_1_10' title="bbox 246 2022 1286 3208">
     <span class='ocr_line' id='line_1_36' title="bbox 304 2022 1280 2065; baseline -0.002 -1"><span class='ocrx_word' id='word_1_183' title='bbox 304 2022 375 2065; x_wconf 84' lang='lat' dir='ltr'>Ad</span> <span class='ocrx_word' id='word_1_184' title='bbox 393 2027 431 2063; x_wconf 87' lang='lat' dir='ltr'>te</span> <span class='ocrx_word' id='word_1_185' title='bbox 453 2022 591 2063; x_wconf 74' lang='lat' dir='ltr'>levavi</span> <span class='ocrx_word' id='word_1_186' title='bbox 606 2022 747 2063; x_wconf 81' lang='lat' dir='ltr'>oeulos</span> <span class='ocrx_word' id='word_1_187' title='bbox 764 2034 892 2064; x_wconf 78' lang='lat' dir='ltr'>meos.</span> <span class='ocrx_word' id='word_1_188' title='bbox 915 2022 1007 2063; x_wconf 91' lang='lat' dir='ltr'>Duo</span> <span class='ocrx_word' id='word_1_189' title='bbox 1026 2024 1125 2063; x_wconf 87' lang='lat' dir='ltr'>sunt</span> <span class='ocrx_word' id='word_1_190' title='bbox 1145 2022 1280 2063; x_wconf 91' lang='lat' dir='ltr'>oculi:</span> 
     </span>
     <span class='ocr_line' id='line_1_37' title="bbox 249 2093 1286 2145; baseline -0.002 -10"><span class='ocrx_word' id='word_1_191' title='bbox 249 2094 396 2135; x_wconf 87' lang='lat' dir='ltr'>oculus</span> <span class='ocrx_word' id='word_1_192' title='bbox 426 2094 688 2145; x_wconf 87' lang='lat' dir='ltr'>dilectionis,</span> <span class='ocrx_word' id='word_1_193' title='bbox 729 2097 769 2135; x_wconf 89' lang='lat' dir='ltr'>et</span> <span class='ocrx_word' id='word_1_194' title='bbox 808 2094 957 2135; x_wconf 86' lang='lat' dir='ltr'>oculus</span> <span class='ocrx_word' id='word_1_195' title='bbox 986 2093 1100 2134; x_wconf 88' lang='lat' dir='ltr'>fidei.</span> <span class='ocrx_word' id='word_1_196' title='bbox 1130 2093 1286 2135; x_wconf 82' lang='lat' dir='ltr'>Oculus</span> 
     </span>
     <span class='ocr_line' id='line_1_38' title="bbox 248 2164 1284 2218; baseline -0.002 -12"><span class='ocrx_word' id='word_1_197' title='bbox 248 2165 484 2207; x_wconf 86' lang='lat' dir='ltr'>dilectionis</span> <span class='ocrx_word' id='word_1_198' title='bbox 516 2165 675 2218; x_wconf 80' lang='lat' dir='ltr'>duplex</span> <span class='ocrx_word' id='word_1_199' title='bbox 697 2180 706 2205; x_wconf 75' lang='grc' dir='ltr'>ε</span> <span class='ocrx_word' id='word_1_200' title='bbox 730 2165 894 2205; x_wconf 90' lang='lat' dir='ltr'>dilectio</span> <span class='ocrx_word' id='word_1_201' title='bbox 924 2164 1023 2215; x_wconf 89' lang='lat' dir='ltr'>Dei,</span> <span class='ocrx_word' id='word_1_202' title='bbox 1054 2167 1094 2205; x_wconf 91' lang='lat' dir='ltr'>et</span> <span class='ocrx_word' id='word_1_203' title='bbox 1120 2164 1284 2205; x_wconf 87' lang='lat' dir='ltr'>dilectio</span> 
     </span>
     <span class='ocr_line' id='line_1_39' title="bbox 250 2235 1285 2290; baseline -0.002 -13"><span class='ocrx_word' id='word_1_204' title='bbox 250 2237 452 2290; x_wconf 83' lang='lat' dir='ltr'>proximi.</span> <span class='ocrx_word' id='word_1_205' title='bbox 487 2235 641 2277; x_wconf 85' lang='lat' dir='ltr'>Oculus</span> <span class='ocrx_word' id='word_1_206' title='bbox 662 2236 762 2276; x_wconf 89' lang='lat' dir='ltr'>fidei</span> <span class='ocrx_word' id='word_1_207' title='bbox 787 2236 946 2288; x_wconf 82' lang='lat' dir='ltr'>duplex</span> <span class='ocrx_word' id='word_1_208' title='bbox 973 2250 981 2276; x_wconf 91' lang='lat'>:</span> <span class='ocrx_word' id='word_1_209' title='bbox 1005 2235 1216 2287; x_wconf 81' lang='lat' dir='ltr'>cognitio,</span> <span class='ocrx_word' id='word_1_210' title='bbox 1245 2238 1285 2275; x_wconf 91' lang='lat' dir='ltr'>et</span> 
     </span>
     <span class='ocr_line' id='line_1_40' title="bbox 247 2305 1284 2359; baseline -0.003 -11"><span class='ocrx_word' id='word_1_211' title='bbox 247 2308 430 2349; x_wconf 90' lang='lat' dir='ltr'>devotio.</span> <span class='ocrx_word' id='word_1_212' title='bbox 456 2306 542 2347; x_wconf 91' lang='lat' dir='ltr'>Hos</span> <span class='ocrx_word' id='word_1_213' title='bbox 563 2308 748 2359; x_wconf 86' lang='lat' dir='ltr'>quatuor</span> <span class='ocrx_word' id='word_1_214' title='bbox 766 2306 909 2346; x_wconf 92' lang='lat' dir='ltr'>oculos</span> <span class='ocrx_word' id='word_1_215' title='bbox 937 2305 989 2345; x_wconf 91' lang='lat' dir='ltr'>ad</span> <span class='ocrx_word' id='word_1_216' title='bbox 1008 2305 1144 2346; x_wconf 87' lang='lat' dir='ltr'>Deum</span> <span class='ocrx_word' id='word_1_217' title='bbox 1163 2305 1284 2346; x_wconf 90' lang='lat' dir='ltr'>leva-</span> 
     </span>
     <span class='ocr_line' id='line_1_41' title="bbox 247 2376 1282 2426; baseline -0.003 -7"><span class='ocrx_word' id='word_1_218' title='bbox 247 2390 358 2419; x_wconf 77' lang='lat' dir='ltr'>mus,</span> <span class='ocrx_word' id='word_1_219' title='bbox 382 2377 491 2418; x_wconf 80' lang='lat' dir='ltr'>Nota</span> <span class='ocrx_word' id='word_1_220' title='bbox 513 2391 522 2417; x_wconf 90' lang='lat'>:</span> <span class='ocrx_word' id='word_1_221' title='bbox 546 2377 640 2417; x_wconf 88' lang='lat' dir='ltr'>ideo</span> <span class='ocrx_word' id='word_1_222' title='bbox 660 2377 759 2417; x_wconf 91' lang='lat' dir='ltr'>dicit</span> <span class='ocrx_word' id='word_1_223' title='bbox 781 2391 790 2417; x_wconf 73' lang='grc' dir='ltr'>ε</span> <span class='ocrx_word' id='word_1_224' title='bbox 822 2376 1005 2426; x_wconf 76' lang='lat' dir='ltr'>Levavi,</span> <span class='ocrx_word' id='word_1_225' title='bbox 1027 2388 1114 2416; x_wconf 90' lang='grc'>000</span> <span class='ocrx_word' id='word_1_226' title='bbox 1147 2376 1282 2417; x_wconf 72' lang='lat' dir='ltr'>Leva-</span> 
     </span>
     <span class='ocr_line' id='line_1_42' title="bbox 247 2449 1284 2501; baseline -0.004 -11"><span class='ocrx_word' id='word_1_227' title='bbox 247 2450 410 2500; x_wconf 79' lang='lat' dir='ltr'>vz&#39;mus,</span> <span class='ocrx_word' id='word_1_228' title='bbox 433 2449 535 2501; x_wconf 89' lang='lat' dir='ltr'>quia</span> <span class='ocrx_word' id='word_1_229' title='bbox 551 2460 698 2489; x_wconf 89' lang='lat' dir='ltr'>omnes</span> <span class='ocrx_word' id='word_1_230' title='bbox 713 2459 851 2488; x_wconf 91' lang='lat' dir='ltr'>unum</span> <span class='ocrx_word' id='word_1_231' title='bbox 868 2458 1017 2487; x_wconf 91' lang='lat' dir='ltr'>sumus</span> <span class='ocrx_word' id='word_1_232' title='bbox 1039 2460 1048 2486; x_wconf 91' lang='lat'>:</span> <span class='ocrx_word' id='word_1_233' title='bbox 1069 2456 1169 2486; x_wconf 85' lang='lat' dir='ltr'>nam</span> <span class='ocrx_word' id='word_1_234' title='bbox 1191 2459 1284 2499; x_wconf 86' lang='lat' dir='ltr'>par-</span> 
     </span>
     <span class='ocr_line' id='line_1_43' title="bbox 247 2517 1284 2573; baseline -0.002 -13"><span class='ocrx_word' id='word_1_235' title='bbox 247 2520 489 2573; x_wconf 90' lang='lat' dir='ltr'>ticipatione</span> <span class='ocrx_word' id='word_1_236' title='bbox 506 2519 746 2568; x_wconf 87' lang='lat' dir='ltr'>charitatis,</span> <span class='ocrx_word' id='word_1_237' title='bbox 769 2518 910 2571; x_wconf 90' lang='lat' dir='ltr'>plures</span> <span class='ocrx_word' id='word_1_238' title='bbox 930 2517 1127 2558; x_wconf 90' lang='lat' dir='ltr'>homines</span> <span class='ocrx_word' id='word_1_239' title='bbox 1146 2529 1284 2558; x_wconf 90' lang='lat' dir='ltr'>unum</span> 
     </span>
     <span class='ocr_line' id='line_1_44' title="bbox 247 2588 1284 2641; baseline -0.001 -11"><span class='ocrx_word' id='word_1_240' title='bbox 247 2600 398 2630; x_wconf 90' lang='lat' dir='ltr'>sumus</span> <span class='ocrx_word' id='word_1_241' title='bbox 414 2621 424 2640; x_wconf 94' lang='lat'>,</span> <span class='ocrx_word' id='word_1_242' title='bbox 446 2592 487 2629; x_wconf 90' lang='lat' dir='ltr'>et</span> <span class='ocrx_word' id='word_1_243' title='bbox 506 2588 628 2641; x_wconf 84' lang='lat' dir='ltr'>plura</span> <span class='ocrx_word' id='word_1_244' title='bbox 650 2589 843 2630; x_wconf 84' lang='lat' dir='ltr'>membra</span> <span class='ocrx_word' id='word_1_245' title='bbox 853 2601 991 2629; x_wconf 91' lang='lat' dir='ltr'>unum</span> <span class='ocrx_word' id='word_1_246' title='bbox 1005 2600 1104 2629; x_wconf 88' lang='lat' dir='ltr'>cum</span> <span class='ocrx_word' id='word_1_247' title='bbox 1121 2588 1284 2630; x_wconf 83' lang='lat' dir='ltr'>Christo</span> 
     </span>
     <span class='ocr_line' id='line_1_45' title="bbox 246 2659 1279 2712; baseline -0.001 -12"><span class='ocrx_word' id='word_1_248' title='bbox 246 2660 399 2712; x_wconf 89' lang='lat' dir='ltr'>triplici</span> <span class='ocrx_word' id='word_1_249' title='bbox 419 2660 470 2701; x_wconf 90' lang='lat' dir='ltr'>de</span> <span class='ocrx_word' id='word_1_250' title='bbox 489 2672 616 2700; x_wconf 83' lang='lat' dir='ltr'>causa</span> <span class='ocrx_word' id='word_1_251' title='bbox 634 2671 643 2699; x_wconf 92' lang='lat'><strong>:</strong></span> <span class='ocrx_word' id='word_1_252' title='bbox 659 2663 830 2712; x_wconf 87' lang='lat' dir='ltr'>propter</span> <span class='ocrx_word' id='word_1_253' title='bbox 855 2659 981 2712; x_wconf 83' lang='lat' dir='ltr'>regni</span> <span class='ocrx_word' id='word_1_254' title='bbox 1001 2659 1279 2711; x_wconf 85' lang='lat' dir='ltr'>identitatem,</span> 
     </span>
     <span class='ocr_line' id='line_1_46' title="bbox 246 2731 1284 2785; baseline -0.002 -11"><span class='ocrx_word' id='word_1_255' title='bbox 246 2732 361 2774; x_wconf 89' lang='lat' dir='ltr'>unde</span> <span class='ocrx_word' id='word_1_256' title='bbox 379 2731 606 2785; x_wconf 86' lang='lat' dir='ltr'>Apostolus</span> <span class='ocrx_word' id='word_1_257' title='bbox 621 2732 657 2771; x_wconf 79' lang='lat'>⁵:</span> <span class='ocrx_word' id='word_1_258' title='bbox 684 2747 703 2770; x_wconf 90' lang='lat'>«</span> <span class='ocrx_word' id='word_1_259' title='bbox 717 2731 916 2772; x_wconf 87' lang='lat' dir='ltr'>Haeredes</span> <span class='ocrx_word' id='word_1_260' title='bbox 935 2743 1085 2772; x_wconf 88' lang='lat' dir='ltr'>sumus</span> <span class='ocrx_word' id='word_1_261' title='bbox 1099 2731 1197 2782; x_wconf 86' lang='lat' dir='ltr'>Dei,</span> <span class='ocrx_word' id='word_1_262' title='bbox 1221 2743 1284 2772; x_wconf 89' lang='lat' dir='ltr'>co-</span> 
     </span>
     <span class='ocr_line' id='line_1_47' title="bbox 247 2802 1283 2855; baseline 0 -13"><span class='ocrx_word' id='word_1_263' title='bbox 247 2802 439 2843; x_wconf 68' lang='lat' dir='ltr'>haeredes</span> <span class='ocrx_word' id='word_1_264' title='bbox 450 2805 593 2843; x_wconf 86' lang='lat' dir='ltr'>autem</span> <span class='ocrx_word' id='word_1_265' title='bbox 605 2802 753 2843; x_wconf 85' lang='lat' dir='ltr'>Christi</span> <span class='ocrx_word' id='word_1_266' title='bbox 766 2815 776 2853; x_wconf 91' lang='grc'>;</span> <span class='ocrx_word' id='word_1_267' title='bbox 789 2816 807 2839; x_wconf 84' lang='grc'>))</span> <span class='ocrx_word' id='word_1_268' title='bbox 825 2805 995 2855; x_wconf 87' lang='lat' dir='ltr'>propter</span> <span class='ocrx_word' id='word_1_269' title='bbox 1010 2813 1283 2842; x_wconf 90' lang='lat' dir='ltr'>communem</span> 
     </span>
     <span class='ocr_line' id='line_1_48' title="bbox 248 2873 1283 2926; baseline 0.001 -12"><span class='ocrx_word' id='word_1_270' title='bbox 248 2874 497 2914; x_wconf 80' lang='lat' dir='ltr'>charitatem</span> <span class='ocrx_word' id='word_1_271' title='bbox 514 2905 525 2923; x_wconf 90' lang='lat'><strong>‚</strong></span> <span class='ocrx_word' id='word_1_272' title='bbox 546 2874 659 2915; x_wconf 92' lang='lat' dir='ltr'>unde</span> <span class='ocrx_word' id='word_1_273' title='bbox 686 2874 767 2914; x_wconf 91' lang='lat' dir='ltr'>hoc</span> <span class='ocrx_word' id='word_1_274' title='bbox 783 2874 797 2896; x_wconf 75' lang='lat'><strong>⁶</strong></span> <span class='ocrx_word' id='word_1_275' title='bbox 823 2888 832 2914; x_wconf 91' lang='lat'>:</span> <span class='ocrx_word' id='word_1_276' title='bbox 865 2874 1077 2926; x_wconf 80' lang='lat' dir='ltr'>«Propter</span> <span class='ocrx_word' id='word_1_277' title='bbox 1104 2873 1283 2915; x_wconf 87' lang='lat' dir='ltr'>nimiam</span> 
     </span>
     <span class='ocr_line' id='line_1_49' title="bbox 248 2943 1284 2997; baseline -0.001 -13"><span class='ocrx_word' id='word_1_278' title='bbox 248 2944 519 2994; x_wconf 85' lang='lat' dir='ltr'>charitatem,</span> <span class='ocrx_word' id='word_1_279' title='bbox 539 2956 624 2997; x_wconf 86' lang='lat' dir='ltr'>qua</span> <span class='ocrx_word' id='word_1_280' title='bbox 643 2945 790 2986; x_wconf 86' lang='lat' dir='ltr'>dilexit</span> <span class='ocrx_word' id='word_1_281' title='bbox 819 2956 895 2985; x_wconf 89' lang='lat' dir='ltr'>nos</span> <span class='ocrx_word' id='word_1_282' title='bbox 911 2976 924 2995; x_wconf 90' lang='lat'><em>,</em></span> <span class='ocrx_word' id='word_1_283' title='bbox 949 2943 1067 2984; x_wconf 71' lang='lat' dir='ltr'>misit</span> <span class='ocrx_word' id='word_1_284' title='bbox 1095 2943 1205 2984; x_wconf 91' lang='lat' dir='ltr'>Deus</span> <span class='ocrx_word' id='word_1_285' title='bbox 1231 2945 1284 2984; x_wconf 89' lang='lat' dir='ltr'>fi-</span> 
     </span>
     <span class='ocr_line' id='line_1_50' title="bbox 248 3013 1282 3066; baseline 0 -12"><span class='ocrx_word' id='word_1_286' title='bbox 248 3013 356 3054; x_wconf 90' lang='lat' dir='ltr'>lium</span> <span class='ocrx_word' id='word_1_287' title='bbox 376 3025 503 3054; x_wconf 91' lang='lat' dir='ltr'>suum</span> <span class='ocrx_word' id='word_1_288' title='bbox 528 3014 573 3054; x_wconf 93' lang='lat' dir='ltr'>in</span> <span class='ocrx_word' id='word_1_289' title='bbox 601 3015 843 3064; x_wconf 83' lang='lat' dir='ltr'>mundum3</span> <span class='ocrx_word' id='word_1_290' title='bbox 866 3028 885 3051; x_wconf 81' lang='lat'>›&gt;</span> <span class='ocrx_word' id='word_1_291' title='bbox 911 3015 1084 3066; x_wconf 90' lang='lat' dir='ltr'>propter</span> <span class='ocrx_word' id='word_1_292' title='bbox 1116 3015 1282 3055; x_wconf 84' lang='lat' dir='ltr'>naturae</span> 
     </span>
     <span class='ocr_line' id='line_1_51' title="bbox 249 3085 1278 3136; baseline 0.001 -11"><span class='ocrx_word' id='word_1_293' title='bbox 249 3085 606 3134; x_wconf 85' lang='lat' dir='ltr'>conformitatem,</span> <span class='ocrx_word' id='word_1_294' title='bbox 637 3086 749 3126; x_wconf 92' lang='lat' dir='ltr'>unde</span> <span class='ocrx_word' id='word_1_295' title='bbox 782 3085 937 3126; x_wconf 87' lang='lat' dir='ltr'>dicitur</span> <span class='ocrx_word' id='word_1_296' title='bbox 956 3085 969 3106; x_wconf 82' lang='lat'>⁷</span> <span class='ocrx_word' id='word_1_297' title='bbox 990 3085 1278 3136; x_wconf 77' lang='lat' dir='ltr'>Emmanuel,</span> 
     </span>
     <span class='ocr_line' id='line_1_52' title="bbox 249 3155 1184 3208; baseline -0.002 -12"><span class='ocrx_word' id='word_1_298' title='bbox 249 3156 349 3208; x_wconf 87' lang='lat' dir='ltr'>quia</span> <span class='ocrx_word' id='word_1_299' title='bbox 367 3155 560 3196; x_wconf 89' lang='lat' dir='ltr'>eamdem</span> <span class='ocrx_word' id='word_1_300' title='bbox 580 3158 778 3196; x_wconf 89' lang='lat' dir='ltr'>naturam</span> <span class='ocrx_word' id='word_1_301' title='bbox 797 3155 926 3196; x_wconf 87' lang='lat' dir='ltr'>babet</span> <span class='ocrx_word' id='word_1_302' title='bbox 944 3155 1184 3195; x_wconf 90' lang='lat' dir='ltr'>nobiscum.</span> 
     </span>
    </p>
   </div>
   <div class='ocr_carea' id='block_1_10' title="bbox 295 3262 1281 3304">
    <p class='ocr_par' dir='ltr' id='par_1_11' title="bbox 295 3262 1281 3304">
     <span class='ocr_line' id='line_1_53' title="bbox 295 3262 1281 3304; baseline 0.001 -9"><span class='ocrx_word' id='word_1_303' title='bbox 295 3265 301 3281; x_wconf 87' lang='lat'>¹</span> <span class='ocrx_word' id='word_1_304' title='bbox 320 3264 442 3304; x_wconf 81' lang='lat' dir='ltr'>Supra,</span> <span class='ocrx_word' id='word_1_305' title='bbox 461 3263 493 3294; x_wconf 82' lang='lat' dir='ltr'>in</span> <span class='ocrx_word' id='word_1_306' title='bbox 511 3262 602 3294; x_wconf 80' lang='lat' dir='ltr'>Psal.</span> <span class='ocrx_word' id='word_1_307' title='bbox 625 3270 703 3294; x_wconf 66' lang='lat' dir='ltr'>cxx.</span> <span class='ocrx_word' id='word_1_308' title='bbox 721 3281 759 3285; x_wconf 91' lang='lat'><em>-</em></span> <span class='ocrx_word' id='word_1_309' title='bbox 779 3264 791 3283; x_wconf 53' lang='grc' dir='ltr'><strong>ἓ</strong></span> <span class='ocrx_word' id='word_1_310' title='bbox 815 3263 823 3293; x_wconf 93' lang='grc'>1</span> <span class='ocrx_word' id='word_1_311' title='bbox 846 3262 937 3301; x_wconf 59' lang='lat' dir='ltr'>Corn,</span> <span class='ocrx_word' id='word_1_312' title='bbox 957 3269 1013 3301; x_wconf 73' lang='lat' dir='ltr'>XV,</span> <span class='ocrx_word' id='word_1_313' title='bbox 1035 3264 1086 3294; x_wconf 85' lang='lat'>46.</span> <span class='ocrx_word' id='word_1_314' title='bbox 1104 3281 1143 3286; x_wconf 94' lang='grc'><strong>-</strong></span> <span class='ocrx_word' id='word_1_315' title='bbox 1163 3263 1174 3282; x_wconf 90' lang='lat'>³</span> <span class='ocrx_word' id='word_1_316' title='bbox 1192 3264 1281 3296; x_wconf 79' lang='lat' dir='ltr'>Psal.</span> 
     </span>
    </p>
   </div>
   <div class='ocr_carea' id='block_1_11' title="bbox 251 3309 1283 3446">
    <p class='ocr_par' dir='ltr' id='par_1_12' title="bbox 251 3309 1283 3446">
     <span class='ocr_line' id='line_1_54' title="bbox 251 3309 1281 3350; baseline 0.003 -9"><span class='ocrx_word' id='word_1_317' title='bbox 251 3317 358 3348; x_wconf 75' lang='lat' dir='ltr'>exul,</span> <span class='ocrx_word' id='word_1_318' title='bbox 386 3312 437 3341; x_wconf 83' lang='lat'>16.</span> <span class='ocrx_word' id='word_1_319' title='bbox 463 3327 502 3334; x_wconf 90' lang='lat'>—</span> <span class='ocrx_word' id='word_1_320' title='bbox 527 3309 540 3329; x_wconf 85' lang='lat'>¹·</span> <span class='ocrx_word' id='word_1_321' title='bbox 567 3310 656 3348; x_wconf 78' lang='lat' dir='ltr'>Luc.‚</span> <span class='ocrx_word' id='word_1_322' title='bbox 690 3319 732 3349; x_wconf 80' lang='lat' dir='ltr'>u,</span> <span class='ocrx_word' id='word_1_323' title='bbox 762 3311 867 3341; x_wconf 72' lang='lat'>14.—</span> <span class='ocrx_word' id='word_1_324' title='bbox 894 3311 904 3327; x_wconf 74' lang='lat'>⁵</span> <span class='ocrx_word' id='word_1_325' title='bbox 932 3310 1035 3348; x_wconf 63' lang='lat' dir='ltr'>Rom„</span> <span class='ocrx_word' id='word_1_326' title='bbox 1063 3317 1147 3350; x_wconf 76' lang='lat' dir='ltr'>vm,</span> <span class='ocrx_word' id='word_1_327' title='bbox 1176 3312 1225 3344; x_wconf 84' lang='grc'>-17,</span> <span class='ocrx_word' id='word_1_328' title='bbox 1245 3330 1281 3335; x_wconf 84' lang='lat'>-</span> 
     </span>
     <span class='ocr_line' id='line_1_55' title="bbox 252 3355 1282 3398; baseline 0.001 -12"><span class='ocrx_word' id='word_1_329' title='bbox 252 3357 264 3373; x_wconf 55' lang='grc' dir='ltr'>ὃ</span> <span class='ocrx_word' id='word_1_330' title='bbox 286 3355 417 3396; x_wconf 77' lang='lat' dir='ltr'>Ephes.‚</span> <span class='ocrx_word' id='word_1_331' title='bbox 438 3365 477 3398; x_wconf 89' lang='lat'>11,</span> <span class='ocrx_word' id='word_1_332' title='bbox 504 3358 533 3388; x_wconf 85' lang='lat'>4.</span> <span class='ocrx_word' id='word_1_333' title='bbox 554 3374 594 3380; x_wconf 91' lang='lat'><strong>—</strong></span> <span class='ocrx_word' id='word_1_334' title='bbox 618 3358 627 3375; x_wconf 89' lang='lat'><em>⁷</em></span> <span class='ocrx_word' id='word_1_335' title='bbox 648 3357 784 3397; x_wconf 60' lang='lat' dir='ltr'>Matth„</span> <span class='ocrx_word' id='word_1_336' title='bbox 806 3365 831 3397; x_wconf 92' lang='lat'>1,</span> <span class='ocrx_word' id='word_1_337' title='bbox 851 3358 902 3388; x_wconf 81' lang='lat'>23.</span> <span class='ocrx_word' id='word_1_338' title='bbox 923 3373 962 3379; x_wconf 95' lang='lat'>—</span> <span class='ocrx_word' id='word_1_339' title='bbox 985 3356 998 3377; x_wconf 79' lang='lat'>⁸</span> <span class='ocrx_word' id='word_1_340' title='bbox 1020 3356 1142 3395; x_wconf 61' lang='lat' dir='ltr'>Eccle„</span> <span class='ocrx_word' id='word_1_341' title='bbox 1162 3365 1210 3398; x_wconf 86' lang='lat' dir='ltr'>lv,</span> <span class='ocrx_word' id='word_1_342' title='bbox 1232 3361 1282 3392; x_wconf 82' lang='lat'>12,</span> 
     </span>
     <span class='ocr_line' id='line_1_56' title="bbox 252 3402 1283 3446; baseline 0.003 -12"><span class='ocrx_word' id='word_1_343' title='bbox 252 3419 292 3426; x_wconf 92' lang='lat'>—</span> <span class='ocrx_word' id='word_1_344' title='bbox 315 3403 326 3421; x_wconf 84' lang='lat'>⁹</span> <span class='ocrx_word' id='word_1_345' title='bbox 352 3402 443 3434; x_wconf 84' lang='lat' dir='ltr'>Psal.</span> <span class='ocrx_word' id='word_1_346' title='bbox 471 3411 600 3444; x_wconf 77' lang='lat' dir='ltr'>xxxix,</span> <span class='ocrx_word' id='word_1_347' title='bbox 625 3406 656 3435; x_wconf 88' lang='lat'>3.</span> <span class='ocrx_word' id='word_1_348' title='bbox 676 3421 718 3427; x_wconf 91' lang='lat'>-</span> <span class='ocrx_word' id='word_1_349' title='bbox 746 3405 771 3426; x_wconf 90' lang='lat'>¹⁰</span> <span class='ocrx_word' id='word_1_350' title='bbox 794 3403 886 3435; x_wconf 77' lang='lat' dir='ltr'>Psal.</span> <span class='ocrx_word' id='word_1_351' title='bbox 910 3410 1012 3443; x_wconf 80' lang='lat' dir='ltr'>xcm,</span> <span class='ocrx_word' id='word_1_352' title='bbox 1042 3407 1068 3434; x_wconf 84' lang='lat'>1.</span> <span class='ocrx_word' id='word_1_353' title='bbox 1089 3421 1130 3427; x_wconf 91' lang='lat'>—</span> <span class='ocrx_word' id='word_1_354' title='bbox 1157 3405 1181 3426; x_wconf 85' lang='lat'>¹¹</span> <span class='ocrx_word' id='word_1_355' title='bbox 1204 3405 1283 3446; x_wconf 60' lang='lat' dir='ltr'>Im.J</span> 
     </span>
    </p>
   </div>
   <div class='ocr_carea' id='block_1_12' title="bbox 255 3450 1282 3492">
    <p class='ocr_par' dir='ltr' id='par_1_13' title="bbox 255 3450 1282 3492">
     <span class='ocr_line' id='line_1_57' title="bbox 255 3450 1282 3492; baseline 0.005 -12"><span class='ocrx_word' id='word_1_356' title='bbox 255 3456 333 3490; x_wconf 65' lang='grc' dir='ltr'>ην,</span> <span class='ocrx_word' id='word_1_357' title='bbox 365 3452 396 3482; x_wconf 88' lang='grc'>9.</span> <span class='ocrx_word' id='word_1_358' title='bbox 421 3467 463 3474; x_wconf 93' lang='grc'>-</span> <span class='ocrx_word' id='word_1_359' title='bbox 495 3451 518 3472; x_wconf 78' lang='lat'>¹²</span> <span class='ocrx_word' id='word_1_360' title='bbox 545 3451 700 3492; x_wconf 66' lang='lat' dir='ltr'>flieron„</span> <span class='ocrx_word' id='word_1_361' title='bbox 730 3451 763 3482; x_wconf 80' lang='lat' dir='ltr'>in</span> <span class='ocrx_word' id='word_1_362' title='bbox 793 3450 928 3490; x_wconf 81' lang='lat' dir='ltr'>Ezech.‚</span> <span class='ocrx_word' id='word_1_363' title='bbox 956 3461 988 3482; x_wconf 85' lang='grc'>0.</span> <span class='ocrx_word' id='word_1_364' title='bbox 1018 3458 1036 3480; x_wconf 83' lang='grc' dir='ltr'><strong>ν</strong></span> <span class='ocrx_word' id='word_1_365' title='bbox 1067 3453 1099 3482; x_wconf 86' lang='lat' dir='ltr'>et</span> <span class='ocrx_word' id='word_1_366' title='bbox 1134 3458 1212 3491; x_wconf 69' lang='lat' dir='ltr'>xvx,</span> <span class='ocrx_word' id='word_1_367' title='bbox 1241 3462 1282 3485; x_wconf 87' lang='lat' dir='ltr'>ex</span> 
     </span>
    </p>
   </div>
   <div class='ocr_carea' id='block_1_13' title="bbox 2318 175 2395 215">
    <p class='ocr_par' dir='ltr' id='par_1_14' title="bbox 2318 175 2395 215">
     <span class='ocr_line' id='line_1_58' title="bbox 2318 175 2395 215; baseline 0.026 -2"><span class='ocrx_word' id='word_1_368' title='bbox 2318 175 2395 215; x_wconf 72' lang='lat'>549</span> 
     </span>
    </p>
   </div>
   <div class='ocr_carea' id='block_1_14' title="bbox 1360 253 2400 2150">
    <p class='ocr_par' dir='ltr' id='par_1_15' title="bbox 1360 253 2400 2150">
     <span class='ocr_line' id='line_1_59' title="bbox 1418 253 2397 302; baseline 0.009 -8"><span class='ocrx_word' id='word_1_369' title='bbox 1418 257 1458 294; x_wconf 74' lang='lat'>2.</span> <span class='ocrx_word' id='word_1_370' title='bbox 1482 254 1550 295; x_wconf 78' lang='lat' dir='ltr'>Ita</span> <span class='ocrx_word' id='word_1_371' title='bbox 1570 253 1684 294; x_wconf 78' lang='lat' dir='ltr'>oculi</span> <span class='ocrx_word' id='word_1_372' title='bbox 1698 256 1846 296; x_wconf 77' lang='lat' dir='ltr'>nostri.</span> <span class='ocrx_word' id='word_1_373' title='bbox 1869 256 1911 297; x_wconf 90' lang='lat' dir='ltr'>Si</span> <span class='ocrx_word' id='word_1_374' title='bbox 1933 269 2009 298; x_wconf 90' lang='lat' dir='ltr'>nos</span> <span class='ocrx_word' id='word_1_375' title='bbox 2027 258 2220 301; x_wconf 87' lang='lat' dir='ltr'>levamus</span> <span class='ocrx_word' id='word_1_376' title='bbox 2254 261 2397 302; x_wconf 84' lang='lat' dir='ltr'>oculos</span> 
     </span>
     <span class='ocr_line' id='line_1_60' title="bbox 1365 324 2397 380; baseline 0.01 -17"><span class='ocrx_word' id='word_1_377' title='bbox 1365 326 1532 365; x_wconf 88' lang='lat' dir='ltr'>nostros</span> <span class='ocrx_word' id='word_1_378' title='bbox 1555 324 1608 365; x_wconf 85' lang='lat' dir='ltr'>ad</span> <span class='ocrx_word' id='word_1_379' title='bbox 1634 325 1768 365; x_wconf 89' lang='lat' dir='ltr'>Deum</span> <span class='ocrx_word' id='word_1_380' title='bbox 1785 357 1797 375; x_wconf 87' lang='lat'><strong><em>,</em></strong></span> <span class='ocrx_word' id='word_1_381' title='bbox 1830 328 1870 367; x_wconf 90' lang='lat' dir='ltr'>et</span> <span class='ocrx_word' id='word_1_382' title='bbox 1899 328 1987 380; x_wconf 89' lang='lat' dir='ltr'>ipse</span> <span class='ocrx_word' id='word_1_383' title='bbox 2016 341 2113 370; x_wconf 91' lang='lat' dir='ltr'>suos</span> <span class='ocrx_word' id='word_1_384' title='bbox 2145 330 2320 372; x_wconf 85' lang='lat' dir='ltr'>inclinat</span> <span class='ocrx_word' id='word_1_385' title='bbox 2344 332 2397 373; x_wconf 85' lang='lat' dir='ltr'>ad</span> 
     </span>
     <span class='ocr_line' id='line_1_61' title="bbox 1365 395 2393 454; baseline 0.01 -20"><span class='ocrx_word' id='word_1_386' title='bbox 1365 406 1461 445; x_wconf 86' lang='lat' dir='ltr'>nos;</span> <span class='ocrx_word' id='word_1_387' title='bbox 1493 395 1528 435; x_wconf 90' lang='lat' dir='ltr'>si</span> <span class='ocrx_word' id='word_1_388' title='bbox 1559 407 1706 436; x_wconf 88' lang='lat' dir='ltr'>manus</span> <span class='ocrx_word' id='word_1_389' title='bbox 1741 399 1908 438; x_wconf 83' lang='lat' dir='ltr'>nostras</span> <span class='ocrx_word' id='word_1_390' title='bbox 1932 399 2125 441; x_wconf 86' lang='lat' dir='ltr'>levamus</span> <span class='ocrx_word' id='word_1_391' title='bbox 2160 402 2211 442; x_wconf 90' lang='lat' dir='ltr'>ad</span> <span class='ocrx_word' id='word_1_392' title='bbox 2238 402 2393 454; x_wconf 84' lang='lat' dir='ltr'>Deum,</span> 
     </span>
     <span class='ocr_line' id='line_1_62' title="bbox 1365 464 2390 519; baseline 0.011 -16"><span class='ocrx_word' id='word_1_393' title='bbox 1365 464 1453 516; x_wconf 88' lang='lat' dir='ltr'>ipse</span> <span class='ocrx_word' id='word_1_394' title='bbox 1473 466 1562 505; x_wconf 87' lang='lat' dir='ltr'>suis</span> <span class='ocrx_word' id='word_1_395' title='bbox 1582 466 1778 507; x_wconf 88' lang='lat' dir='ltr'>manibus</span> <span class='ocrx_word' id='word_1_396' title='bbox 1806 467 1920 508; x_wconf 90' lang='lat' dir='ltr'>levat</span> <span class='ocrx_word' id='word_1_397' title='bbox 1942 480 2042 519; x_wconf 90' lang='lat' dir='ltr'>nos;</span> <span class='ocrx_word' id='word_1_398' title='bbox 2065 471 2124 511; x_wconf 89' lang='lat' dir='ltr'>sic</span> <span class='ocrx_word' id='word_1_399' title='bbox 2143 472 2194 512; x_wconf 93' lang='lat' dir='ltr'>de</span> <span class='ocrx_word' id='word_1_400' title='bbox 2213 473 2390 514; x_wconf 83' lang='lat' dir='ltr'>caeteris.</span> 
     </span>
     <span class='ocr_line' id='line_1_63' title="bbox 1366 533 2396 593; baseline 0.012 -20"><span class='ocrx_word' id='word_1_401' title='bbox 1366 533 1432 574; x_wconf 90' lang='lat' dir='ltr'>Sic</span> <span class='ocrx_word' id='word_1_402' title='bbox 1454 535 1615 576; x_wconf 88' lang='lat' dir='ltr'>Eliseus</span> <span class='ocrx_word' id='word_1_403' title='bbox 1635 537 1782 578; x_wconf 90' lang='lat' dir='ltr'>volens</span> <span class='ocrx_word' id='word_1_404' title='bbox 1815 538 2019 580; x_wconf 79' lang='lat' dir='ltr'>suscitare</span> <span class='ocrx_word' id='word_1_405' title='bbox 2047 552 2231 593; x_wconf 89' lang='lat' dir='ltr'>puerum</span> <span class='ocrx_word' id='word_1_406' title='bbox 2263 543 2396 584; x_wconf 85' lang='lat' dir='ltr'>Suna-</span> 
     </span>
     <span class='ocr_line' id='line_1_64' title="bbox 1365 603 2397 660; baseline 0.012 -18"><span class='ocrx_word' id='word_1_407' title='bbox 1365 603 1502 653; x_wconf 74' lang='lat' dir='ltr'>mitiS,</span> <span class='ocrx_word' id='word_1_408' title='bbox 1528 618 1575 645; x_wconf 91' lang='lat' dir='ltr'>os</span> <span class='ocrx_word' id='word_1_409' title='bbox 1596 607 1656 646; x_wconf 91' lang='lat' dir='ltr'>ori</span> <span class='ocrx_word' id='word_1_410' title='bbox 1674 639 1683 657; x_wconf 81' lang='lat'>,</span> <span class='ocrx_word' id='word_1_411' title='bbox 1718 607 1860 648; x_wconf 91' lang='lat' dir='ltr'>oculos</span> <span class='ocrx_word' id='word_1_412' title='bbox 1879 609 2010 650; x_wconf 89' lang='lat' dir='ltr'>oculis</span> <span class='ocrx_word' id='word_1_413' title='bbox 2027 642 2037 660; x_wconf 90' lang='lat'>‚</span> <span class='ocrx_word' id='word_1_414' title='bbox 2073 614 2114 651; x_wconf 89' lang='lat' dir='ltr'>et</span> <span class='ocrx_word' id='word_1_415' title='bbox 2134 623 2285 653; x_wconf 87' lang='lat' dir='ltr'>manus</span> <span class='ocrx_word' id='word_1_416' title='bbox 2304 625 2397 653; x_wconf 87' lang='lat' dir='ltr'>ma-</span> 
     </span>
     <span class='ocr_line' id='line_1_65' title="bbox 1365 674 2394 734; baseline 0.011 -21"><span class='ocrx_word' id='word_1_417' title='bbox 1365 674 1492 715; x_wconf 91' lang='lat' dir='ltr'>nibus</span> <span class='ocrx_word' id='word_1_418' title='bbox 1511 677 1726 729; x_wconf 85' lang='lat' dir='ltr'>applicuit.</span> <span class='ocrx_word' id='word_1_419' title='bbox 1752 679 1820 719; x_wconf 89' lang='lat' dir='ltr'>Sic</span> <span class='ocrx_word' id='word_1_420' title='bbox 1840 680 1892 720; x_wconf 88' lang='lat' dir='ltr'>ad</span> <span class='ocrx_word' id='word_1_421' title='bbox 1912 681 1992 721; x_wconf 91' lang='lat' dir='ltr'>hoc</span> <span class='ocrx_word' id='word_1_422' title='bbox 2008 713 2018 732; x_wconf 83' lang='lat'>,</span> <span class='ocrx_word' id='word_1_423' title='bbox 2040 682 2151 734; x_wconf 89' lang='lat' dir='ltr'>quod</span> <span class='ocrx_word' id='word_1_424' title='bbox 2171 682 2301 723; x_wconf 92' lang='lat' dir='ltr'>homo</span> <span class='ocrx_word' id='word_1_425' title='bbox 2323 696 2394 724; x_wconf 92' lang='lat' dir='ltr'>su-</span> 
     </span>
     <span class='ocr_line' id='line_1_66' title="bbox 1364 746 2398 805; baseline 0.011 -21"><span class='ocrx_word' id='word_1_426' title='bbox 1364 746 1539 786; x_wconf 86' lang='lat' dir='ltr'>scitetur</span> <span class='ocrx_word' id='word_1_427' title='bbox 1560 747 1763 799; x_wconf 81' lang='lat' dir='ltr'>interiuS,</span> <span class='ocrx_word' id='word_1_428' title='bbox 1785 752 1950 801; x_wconf 89' lang='lat' dir='ltr'>oportet</span> <span class='ocrx_word' id='word_1_429' title='bbox 1976 751 2047 791; x_wconf 91' lang='lat' dir='ltr'>illa</span> <span class='ocrx_word' id='word_1_430' title='bbox 2067 752 2281 805; x_wconf 87' lang='lat' dir='ltr'>applicari.</span> <span class='ocrx_word' id='word_1_431' title='bbox 2311 753 2398 795; x_wconf 89' lang='lat' dir='ltr'>Hoc</span> 
     </span>
     <span class='ocr_line' id='line_1_67' title="bbox 1365 815 2395 873; baseline 0.011 -18"><span class='ocrx_word' id='word_1_432' title='bbox 1365 815 1476 857; x_wconf 90' lang='lat' dir='ltr'>Deus</span> <span class='ocrx_word' id='word_1_433' title='bbox 1494 817 1591 858; x_wconf 84' lang='lat' dir='ltr'>facit</span> <span class='ocrx_word' id='word_1_434' title='bbox 1613 818 1658 857; x_wconf 89' lang='lat' dir='ltr'>in</span> <span class='ocrx_word' id='word_1_435' title='bbox 1677 821 1819 859; x_wconf 85' lang='lat' dir='ltr'>nostra</span> <span class='ocrx_word' id='word_1_436' title='bbox 1840 821 2107 863; x_wconf 78' lang='lat' dir='ltr'>suscitatione</span> <span class='ocrx_word' id='word_1_437' title='bbox 2127 838 2136 873; x_wconf 89' lang='lat'>;</span> <span class='ocrx_word' id='word_1_438' title='bbox 2161 835 2260 865; x_wconf 87' lang='lat' dir='ltr'>nam</span> <span class='ocrx_word' id='word_1_439' title='bbox 2280 825 2395 865; x_wconf 87' lang='lat' dir='ltr'>cordi</span> 
     </span>
     <span class='ocr_line' id='line_1_68' title="bbox 1365 887 2398 942; baseline 0.009 -15"><span class='ocrx_word' id='word_1_440' title='bbox 1365 887 1435 928; x_wconf 91' lang='lat' dir='ltr'>dat</span> <span class='ocrx_word' id='word_1_441' title='bbox 1454 887 1599 928; x_wconf 92' lang='lat' dir='ltr'>lumen</span> <span class='ocrx_word' id='word_1_442' title='bbox 1627 889 1941 942; x_wconf 67' lang='lat' dir='ltr'>intelligentiae,</span> <span class='ocrx_word' id='word_1_443' title='bbox 1975 892 2040 932; x_wconf 86' lang='lat' dir='ltr'>ori</span> <span class='ocrx_word' id='word_1_444' title='bbox 2058 893 2240 934; x_wconf 85' lang='lat' dir='ltr'>verbum</span> <span class='ocrx_word' id='word_1_445' title='bbox 2271 895 2398 936; x_wconf 85' lang='lat' dir='ltr'>aedifi-</span> 
     </span>
     <span class='ocr_line' id='line_1_69' title="bbox 1365 958 2399 1014; baseline 0.01 -17"><span class='ocrx_word' id='word_1_446' title='bbox 1365 958 1562 1008; x_wconf 84' lang='lat' dir='ltr'>cationis,</span> <span class='ocrx_word' id='word_1_447' title='bbox 1587 960 1785 1000; x_wconf 84' lang='lat' dir='ltr'>manibus</span> <span class='ocrx_word' id='word_1_448' title='bbox 1805 972 1913 1014; x_wconf 91' lang='lat' dir='ltr'>opus</span> <span class='ocrx_word' id='word_1_449' title='bbox 1939 962 2135 1014; x_wconf 73' lang='lat' dir='ltr'>justitiae.</span> <span class='ocrx_word' id='word_1_450' title='bbox 2159 963 2266 1005; x_wconf 87' lang='lat' dir='ltr'>Nam</span> <span class='ocrx_word' id='word_1_451' title='bbox 2287 965 2399 1006; x_wconf 89' lang='lat' dir='ltr'>dedit</span> 
     </span>
     <span class='ocr_line' id='line_1_70' title="bbox 1364 1030 2400 1086; baseline 0.008 -17"><span class='ocrx_word' id='word_1_452' title='bbox 1364 1030 1551 1082; x_wconf 83' lang='lat' dir='ltr'>proferre</span> <span class='ocrx_word' id='word_1_453' title='bbox 1571 1030 1743 1081; x_wconf 85' lang='lat' dir='ltr'>utiliter,</span> <span class='ocrx_word' id='word_1_454' title='bbox 1766 1043 1861 1072; x_wconf 92' lang='grc'>0000</span> <span class='ocrx_word' id='word_1_455' title='bbox 1880 1043 1926 1072; x_wconf 90' lang='grc'>05</span> <span class='ocrx_word' id='word_1_456' title='bbox 1945 1034 2187 1086; x_wconf 83' lang='lat' dir='ltr'>oppositum</span> <span class='ocrx_word' id='word_1_457' title='bbox 2206 1036 2269 1077; x_wconf 91' lang='lat' dir='ltr'>ori</span> <span class='ocrx_word' id='word_1_458' title='bbox 2287 1051 2296 1086; x_wconf 92' lang='lat'>;</span> <span class='ocrx_word' id='word_1_459' title='bbox 2329 1036 2400 1077; x_wconf 88' lang='lat' dir='ltr'>dat</span> 
     </span>
     <span class='ocr_line' id='line_1_71' title="bbox 1363 1101 2399 1156; baseline 0.008 -17"><span class='ocrx_word' id='word_1_460' title='bbox 1363 1101 1518 1141; x_wconf 87' lang='lat' dir='ltr'>sentire</span> <span class='ocrx_word' id='word_1_461' title='bbox 1552 1101 1745 1153; x_wconf 79' lang='lat' dir='ltr'>fideliter,</span> <span class='ocrx_word' id='word_1_462' title='bbox 1778 1114 1872 1143; x_wconf 90' lang='grc'>0000</span> <span class='ocrx_word' id='word_1_463' title='bbox 1901 1104 2011 1144; x_wconf 84' lang='grc'>00011</span> <span class='ocrx_word' id='word_1_464' title='bbox 2033 1105 2167 1145; x_wconf 86' lang='lat' dir='ltr'>oculis</span> <span class='ocrx_word' id='word_1_465' title='bbox 2178 1120 2188 1156; x_wconf 92' lang='lat'>;</span> <span class='ocrx_word' id='word_1_466' title='bbox 2215 1106 2286 1147; x_wconf 86' lang='lat' dir='ltr'>dat</span> <span class='ocrx_word' id='word_1_467' title='bbox 2317 1107 2399 1147; x_wconf 89' lang='lat' dir='ltr'>im-</span> 
     </span>
     <span class='ocr_line' id='line_1_72' title="bbox 1362 1171 2397 1223; baseline 0.008 -13"><span class='ocrx_word' id='word_1_468' title='bbox 1362 1171 1477 1223; x_wconf 89' lang='lat' dir='ltr'>plere</span> <span class='ocrx_word' id='word_1_469' title='bbox 1497 1172 1737 1221; x_wconf 86' lang='lat' dir='ltr'>efficaciter,</span> <span class='ocrx_word' id='word_1_470' title='bbox 1761 1184 1854 1214; x_wconf 91' lang='grc'>0000</span> <span class='ocrx_word' id='word_1_471' title='bbox 1875 1186 2029 1215; x_wconf 88' lang='lat' dir='ltr'>manus</span> <span class='ocrx_word' id='word_1_472' title='bbox 2051 1176 2264 1218; x_wconf 87' lang='lat' dir='ltr'>manibus.</span> <span class='ocrx_word' id='word_1_473' title='bbox 2288 1176 2365 1218; x_wconf 88' lang='lat' dir='ltr'>Hic</span> <span class='ocrx_word' id='word_1_474' title='bbox 2384 1178 2397 1199; x_wconf 77' lang='lat'><strong>⁸</strong></span> 
     </span>
     <span class='ocr_line' id='line_1_73' title="bbox 1369 1243 2398 1300; baseline 0.01 -19"><span class='ocrx_word' id='word_1_475' title='bbox 1369 1258 1388 1281; x_wconf 74' lang='grc' dir='ltr'>α</span> <span class='ocrx_word' id='word_1_476' title='bbox 1408 1243 1561 1295; x_wconf 80' lang='lat' dir='ltr'>triplex</span> <span class='ocrx_word' id='word_1_477' title='bbox 1580 1244 1796 1285; x_wconf 85' lang='lat' dir='ltr'>funiculus</span> <span class='ocrx_word' id='word_1_478' title='bbox 1834 1245 2002 1287; x_wconf 85' lang='lat' dir='ltr'>difficile</span> <span class='ocrx_word' id='word_1_479' title='bbox 2030 1247 2247 1300; x_wconf 86' lang='lat' dir='ltr'>rumpitur</span> <span class='ocrx_word' id='word_1_480' title='bbox 2269 1263 2287 1287; x_wconf 85' lang='lat'>›&gt;</span> <span class='ocrx_word' id='word_1_481' title='bbox 2311 1280 2324 1300; x_wconf 84' lang='grc'>,</span> <span class='ocrx_word' id='word_1_482' title='bbox 2345 1250 2398 1290; x_wconf 87' lang='lat' dir='ltr'>ad</span> 
     </span>
     <span class='ocr_line' id='line_1_74' title="bbox 1362 1314 2397 1371; baseline 0.009 -18"><span class='ocrx_word' id='word_1_483' title='bbox 1362 1314 1644 1354; x_wconf 84' lang='lat' dir='ltr'>extrahendas</span> <span class='ocrx_word' id='word_1_484' title='bbox 1664 1315 1828 1357; x_wconf 87' lang='lat' dir='ltr'>animas</span> <span class='ocrx_word' id='word_1_485' title='bbox 1841 1317 1854 1338; x_wconf 75' lang='lat'><strong>⁹</strong></span> <span class='ocrx_word' id='word_1_486' title='bbox 1871 1332 1890 1356; x_wconf 82' lang='lat'>(‹</span> <span class='ocrx_word' id='word_1_487' title='bbox 1902 1317 1951 1358; x_wconf 89' lang='lat' dir='ltr'>de</span> <span class='ocrx_word' id='word_1_488' title='bbox 1965 1317 2060 1359; x_wconf 86' lang='lat' dir='ltr'>lacu</span> <span class='ocrx_word' id='word_1_489' title='bbox 2078 1318 2274 1371; x_wconf 84' lang='lat' dir='ltr'>miseriae,</span> <span class='ocrx_word' id='word_1_490' title='bbox 2292 1323 2334 1361; x_wconf 89' lang='lat' dir='ltr'>et</span> <span class='ocrx_word' id='word_1_491' title='bbox 2346 1321 2397 1362; x_wconf 91' lang='lat' dir='ltr'>de</span> 
     </span>
     <span class='ocr_line' id='line_1_75' title="bbox 1361 1384 2396 1440; baseline 0.009 -17"><span class='ocrx_word' id='word_1_492' title='bbox 1361 1384 1452 1425; x_wconf 87' lang='lat' dir='ltr'>luto</span> <span class='ocrx_word' id='word_1_493' title='bbox 1471 1385 1598 1425; x_wconf 82' lang='lat' dir='ltr'>faecis.</span> <span class='ocrx_word' id='word_1_494' title='bbox 1609 1386 1708 1427; x_wconf 79' lang='lat' dir='ltr'>»Ad</span> <span class='ocrx_word' id='word_1_495' title='bbox 1720 1387 1958 1429; x_wconf 75' lang='lat' dir='ltr'>Dominum</span> <span class='ocrx_word' id='word_1_496' title='bbox 1973 1389 2038 1440; x_wconf 80' lang='lat' dir='ltr'>(b),</span> <span class='ocrx_word' id='word_1_497' title='bbox 2052 1391 2153 1430; x_wconf 84' lang='lat' dir='ltr'>nota</span> <span class='ocrx_word' id='word_1_498' title='bbox 2172 1404 2180 1431; x_wconf 91' lang='lat'>:</span> <span class='ocrx_word' id='word_1_499' title='bbox 2194 1390 2396 1432; x_wconf 89' lang='lat' dir='ltr'>debemus</span> 
     </span>
     <span class='ocr_line' id='line_1_76' title="bbox 1360 1455 2392 1513; baseline 0.008 -18"><span class='ocrx_word' id='word_1_500' title='bbox 1360 1455 1495 1496; x_wconf 87' lang='lat' dir='ltr'>Deum</span> <span class='ocrx_word' id='word_1_501' title='bbox 1514 1457 1780 1498; x_wconf 89' lang='lat' dir='ltr'>considerare</span> <span class='ocrx_word' id='word_1_502' title='bbox 1812 1459 2045 1500; x_wconf 90' lang='lat' dir='ltr'>Dominum</span> <span class='ocrx_word' id='word_1_503' title='bbox 2066 1489 2075 1511; x_wconf 87' lang='lat'>‚</span> <span class='ocrx_word' id='word_1_504' title='bbox 2103 1462 2142 1500; x_wconf 88' lang='lat' dir='ltr'>et</span> <span class='ocrx_word' id='word_1_505' title='bbox 2162 1460 2364 1502; x_wconf 83' lang='lat' dir='ltr'>factorem</span> <span class='ocrx_word' id='word_1_506' title='bbox 2377 1494 2392 1513; x_wconf 87' lang='lat'><em>,</em></span> 
     </span>
     <span class='ocr_line' id='line_1_77' title="bbox 1362 1527 2396 1582; baseline 0.008 -17"><span class='ocrx_word' id='word_1_507' title='bbox 1362 1528 1544 1578; x_wconf 84' lang='lat' dir='ltr'>patrem,</span> <span class='ocrx_word' id='word_1_508' title='bbox 1568 1529 1607 1567; x_wconf 89' lang='lat' dir='ltr'>et</span> <span class='ocrx_word' id='word_1_509' title='bbox 1627 1527 1953 1569; x_wconf 87' lang='lat' dir='ltr'>benefactorem.</span> <span class='ocrx_word' id='word_1_510' title='bbox 1976 1529 2041 1569; x_wconf 89' lang='lat' dir='ltr'>Ex</span> <span class='ocrx_word' id='word_1_511' title='bbox 2062 1530 2212 1582; x_wconf 86' lang='lat' dir='ltr'>primis</span> <span class='ocrx_word' id='word_1_512' title='bbox 2231 1532 2396 1572; x_wconf 91' lang='lat' dir='ltr'>duobus</span> 
     </span>
     <span class='ocr_line' id='line_1_78' title="bbox 1361 1597 2396 1653; baseline 0.007 -17"><span class='ocrx_word' id='word_1_513' title='bbox 1361 1597 1548 1637; x_wconf 89' lang='lat' dir='ltr'>nascitur</span> <span class='ocrx_word' id='word_1_514' title='bbox 1590 1597 1635 1637; x_wconf 90' lang='lat' dir='ltr'>in</span> <span class='ocrx_word' id='word_1_515' title='bbox 1669 1598 1791 1638; x_wconf 92' lang='lat' dir='ltr'>nobis</span> <span class='ocrx_word' id='word_1_516' title='bbox 1828 1598 1980 1651; x_wconf 79' lang='lat' dir='ltr'>timor3</span> <span class='ocrx_word' id='word_1_517' title='bbox 2018 1611 2072 1640; x_wconf 85' lang='lat' dir='ltr'>ex</span> <span class='ocrx_word' id='word_1_518' title='bbox 2119 1602 2396 1653; x_wconf 86' lang='lat' dir='ltr'>sequentibus</span> 
     </span>
     <span class='ocr_line' id='line_1_79' title="bbox 1361 1667 2393 1725; baseline 0.007 -18"><span class='ocrx_word' id='word_1_519' title='bbox 1361 1667 1530 1707; x_wconf 85' lang='lat' dir='ltr'>duobus</span> <span class='ocrx_word' id='word_1_520' title='bbox 1549 1668 1700 1720; x_wconf 88' lang='lat' dir='ltr'>pudor.</span> <span class='ocrx_word' id='word_1_521' title='bbox 1723 1667 1830 1709; x_wconf 86' lang='lat' dir='ltr'>Nam</span> <span class='ocrx_word' id='word_1_522' title='bbox 1851 1669 1954 1721; x_wconf 85' lang='lat' dir='ltr'>quia</span> <span class='ocrx_word' id='word_1_523' title='bbox 1973 1673 2107 1722; x_wconf 84' lang='lat' dir='ltr'>pater,</span> <span class='ocrx_word' id='word_1_524' title='bbox 2130 1674 2171 1712; x_wconf 88' lang='lat' dir='ltr'>et</span> <span class='ocrx_word' id='word_1_525' title='bbox 2201 1672 2303 1725; x_wconf 86' lang='lat' dir='ltr'>quia</span> <span class='ocrx_word' id='word_1_526' title='bbox 2323 1673 2393 1714; x_wconf 88' lang='lat' dir='ltr'>be-</span> 
     </span>
     <span class='ocr_line' id='line_1_80' title="bbox 1360 1738 2395 1793; baseline 0.008 -16"><span class='ocrx_word' id='word_1_527' title='bbox 1360 1738 1511 1778; x_wconf 86' lang='lat' dir='ltr'>nefacit</span> <span class='ocrx_word' id='word_1_528' title='bbox 1526 1739 1646 1790; x_wconf 83' lang='lat' dir='ltr'>mihi,</span> <span class='ocrx_word' id='word_1_529' title='bbox 1663 1739 1795 1780; x_wconf 87' lang='lat' dir='ltr'>debeo</span> <span class='ocrx_word' id='word_1_530' title='bbox 1808 1739 1970 1781; x_wconf 88' lang='lat' dir='ltr'>babere</span> <span class='ocrx_word' id='word_1_531' title='bbox 1987 1741 2209 1793; x_wconf 88' lang='lat' dir='ltr'>pudorem.</span> <span class='ocrx_word' id='word_1_532' title='bbox 2233 1742 2278 1784; x_wconf 91' lang='lat' dir='ltr'>Si</span> <span class='ocrx_word' id='word_1_533' title='bbox 2294 1756 2395 1785; x_wconf 91' lang='lat' dir='ltr'>vero</span> 
     </span>
     <span class='ocr_line' id='line_1_81' title="bbox 1360 1809 2396 1863; baseline 0.007 -15"><span class='ocrx_word' id='word_1_534' title='bbox 1360 1820 1447 1848; x_wconf 91' lang='lat' dir='ltr'>non</span> <span class='ocrx_word' id='word_1_535' title='bbox 1467 1809 1676 1861; x_wconf 82' lang='lat' dir='ltr'>servier03</span> <span class='ocrx_word' id='word_1_536' title='bbox 1707 1810 1808 1863; x_wconf 88' lang='lat' dir='ltr'>quia</span> <span class='ocrx_word' id='word_1_537' title='bbox 1836 1813 2037 1863; x_wconf 84' lang='lat' dir='ltr'>ingratus</span> <span class='ocrx_word' id='word_1_538' title='bbox 2067 1812 2259 1854; x_wconf 89' lang='lat' dir='ltr'>beneficii</span> <span class='ocrx_word' id='word_1_539' title='bbox 2288 1814 2396 1855; x_wconf 85' lang='lat' dir='ltr'>mihi</span> 
     </span>
     <span class='ocr_line' id='line_1_82' title="bbox 1361 1879 2394 1937; baseline 0.009 -18"><span class='ocrx_word' id='word_1_540' title='bbox 1361 1879 1526 1930; x_wconf 82' lang='lat' dir='ltr'>collati,</span> <span class='ocrx_word' id='word_1_541' title='bbox 1562 1882 1664 1934; x_wconf 84' lang='lat' dir='ltr'>quia</span> <span class='ocrx_word' id='word_1_542' title='bbox 1691 1882 1895 1924; x_wconf 90' lang='lat' dir='ltr'>Dominus</span> <span class='ocrx_word' id='word_1_543' title='bbox 1927 1884 2144 1926; x_wconf 88' lang='lat' dir='ltr'>timendus</span> <span class='ocrx_word' id='word_1_544' title='bbox 2172 1889 2259 1937; x_wconf 84' lang='lat' dir='ltr'>est,</span> <span class='ocrx_word' id='word_1_545' title='bbox 2293 1899 2394 1928; x_wconf 86' lang='lat' dir='ltr'>nam</span> 
     </span>
     <span class='ocr_line' id='line_1_83' title="bbox 1360 1950 2395 2008; baseline 0.01 -18"><span class='ocrx_word' id='word_1_546' title='bbox 1360 1950 1450 2003; x_wconf 88' lang='lat' dir='ltr'>ipse</span> <span class='ocrx_word' id='word_1_547' title='bbox 1484 1954 1546 1993; x_wconf 90' lang='lat' dir='ltr'>est</span> <span class='ocrx_word' id='word_1_548' title='bbox 1566 1953 1595 1977; x_wconf 88' lang='lat'>¹⁰</span> <span class='ocrx_word' id='word_1_549' title='bbox 1625 1953 1871 1994; x_wconf 90' lang='lat' dir='ltr'>«Dominus</span> <span class='ocrx_word' id='word_1_550' title='bbox 1899 1954 2010 1996; x_wconf 89' lang='lat' dir='ltr'>Deus</span> <span class='ocrx_word' id='word_1_551' title='bbox 2044 1956 2280 2008; x_wconf 90' lang='lat' dir='ltr'>ultionum;</span> <span class='ocrx_word' id='word_1_552' title='bbox 2301 1972 2320 1996; x_wconf 81' lang='lat'>›&gt;</span> <span class='ocrx_word' id='word_1_553' title='bbox 2352 1961 2395 1999; x_wconf 93' lang='lat' dir='ltr'>et</span> 
     </span>
     <span class='ocr_line' id='line_1_84' title="bbox 1360 2022 2392 2079; baseline 0.008 -17"><span class='ocrx_word' id='word_1_554' title='bbox 1360 2022 1460 2074; x_wconf 86' lang='lat' dir='ltr'>quia</span> <span class='ocrx_word' id='word_1_555' title='bbox 1473 2023 1616 2075; x_wconf 83' lang='lat' dir='ltr'>factor,</span> <span class='ocrx_word' id='word_1_556' title='bbox 1634 2024 1875 2066; x_wconf 89' lang='lat' dir='ltr'>adorandus</span> <span class='ocrx_word' id='word_1_557' title='bbox 1887 2028 1928 2066; x_wconf 87' lang='lat' dir='ltr'>et</span> <span class='ocrx_word' id='word_1_558' title='bbox 1939 2026 2153 2068; x_wconf 90' lang='lat' dir='ltr'>timendus</span> <span class='ocrx_word' id='word_1_559' title='bbox 2160 2030 2223 2069; x_wconf 91' lang='lat' dir='ltr'>est</span> <span class='ocrx_word' id='word_1_560' title='bbox 2234 2043 2243 2079; x_wconf 91' lang='lat'>;</span> <span class='ocrx_word' id='word_1_561' title='bbox 2255 2041 2354 2069; x_wconf 85' lang='lat' dir='ltr'>nam</span> <span class='ocrx_word' id='word_1_562' title='bbox 2365 2028 2392 2052; x_wconf 90' lang='lat'>¹¹</span> 
     </span>
     <span class='ocr_line' id='line_1_85' title="bbox 1367 2094 2156 2150; baseline 0.005 -19"><span class='ocrx_word' id='word_1_563' title='bbox 1367 2108 1385 2130; x_wconf 76' lang='grc' dir='ltr'>α</span> <span class='ocrx_word' id='word_1_564' title='bbox 1401 2094 1503 2146; x_wconf 83' lang='lat' dir='ltr'>quid</span> <span class='ocrx_word' id='word_1_565' title='bbox 1523 2097 1659 2147; x_wconf 89' lang='lat' dir='ltr'>potest</span> <span class='ocrx_word' id='word_1_566' title='bbox 1677 2096 1934 2147; x_wconf 83' lang='lat' dir='ltr'>figmentum</span> <span class='ocrx_word' id='word_1_567' title='bbox 1953 2097 2089 2150; x_wconf 83' lang='lat' dir='ltr'>figulo</span> <span class='ocrx_word' id='word_1_568' title='bbox 2101 2099 2121 2138; x_wconf 69' lang='grc' dir='ltr'>ἶ)</span> <span class='ocrx_word' id='word_1_569' title='bbox 2137 2112 2156 2135; x_wconf 83' lang='grc'>))</span> 
     </span>
    </p>
   </div>
   <div class='ocr_carea' id='block_1_15' title="bbox 1521 2255 2231 2304">
    <p class='ocr_par' dir='ltr' id='par_1_16' title="bbox 1521 2255 2231 2304">
     <span class='ocr_line' id='line_1_86' title="bbox 1521 2255 2231 2304; baseline 0.007 -5"><span class='ocrx_word' id='word_1_570' title='bbox 1521 2255 1788 2302; x_wconf 88' lang='lat' dir='ltr'>PSALMUS</span> <span class='ocrx_word' id='word_1_571' title='bbox 1821 2257 2001 2303; x_wconf 88' lang='lat' dir='ltr'>DAVID</span> <span class='ocrx_word' id='word_1_572' title='bbox 2034 2258 2231 2304; x_wconf 89' lang='lat' dir='ltr'>CXXIII.</span> 
     </span>
    </p>
   </div>
   <div class='ocr_carea' id='block_1_16' title="bbox 1355 2379 2394 3210">
    <p class='ocr_par' dir='ltr' id='par_1_17' title="bbox 1355 2379 2394 3210">
     <span class='ocr_line' id='line_1_87' title="bbox 1396 2379 2393 2438; baseline 0.007 -19"><span class='ocrx_word' id='word_1_573' title='bbox 1396 2383 1479 2419; x_wconf 68' lang='lat'>›1-5.</span> <span class='ocrx_word' id='word_1_574' title='bbox 1489 2379 1536 2423; x_wconf 93' lang='grc' dir='ltr'><em>Ν</em></span> <span class='ocrx_word' id='word_1_575' title='bbox 1535 2379 1696 2432; x_wconf 75' lang='lat' dir='ltr'>isiquz‘a</span> <span class='ocrx_word' id='word_1_576' title='bbox 1704 2381 1914 2422; x_wconf 76' lang='lat' dir='ltr'>Dominus</span> <span class='ocrx_word' id='word_1_577' title='bbox 1925 2382 2069 2423; x_wconf 77' lang='lat' dir='ltr'>eratin</span> <span class='ocrx_word' id='word_1_578' title='bbox 2077 2383 2210 2424; x_wconf 76' lang='lat' dir='ltr'>nobis.</span> <span class='ocrx_word' id='word_1_579' title='bbox 2219 2385 2393 2438; x_wconf 82' lang='lat' dir='ltr'>Aquam</span> 
     </span>
     <span class='ocr_line' id='line_1_88' title="bbox 1361 2450 2391 2503; baseline 0.006 -13"><span class='ocrx_word' id='word_1_580' title='bbox 1361 2450 1688 2501; x_wconf 76' lang='lat' dir='ltr'>intolerabilem,</span> <span class='ocrx_word' id='word_1_581' title='bbox 1711 2451 1793 2492; x_wconf 85' lang='lat' dir='ltr'>alia</span> <span class='ocrx_word' id='word_1_582' title='bbox 1817 2451 1976 2503; x_wconf 90' lang='lat' dir='ltr'>littera,</span> <span class='ocrx_word' id='word_1_583' title='bbox 2010 2453 2098 2495; x_wconf 77' lang='lat' dir='ltr'>sine</span> <span class='ocrx_word' id='word_1_584' title='bbox 2124 2454 2360 2496; x_wconf 74' lang='lat' dir='ltr'>substantia</span> <span class='ocrx_word' id='word_1_585' title='bbox 2376 2471 2391 2501; x_wconf 84' lang='lat'>,-</span> 
     </span>
     <span class='ocr_line' id='line_1_89' title="bbox 1359 2521 2392 2577; baseline 0.006 -16"><span class='ocrx_word' id='word_1_586' title='bbox 1359 2524 1400 2561; x_wconf 87' lang='lat' dir='ltr'>et</span> <span class='ocrx_word' id='word_1_587' title='bbox 1421 2524 1563 2562; x_wconf 85' lang='lat' dir='ltr'>tamen</span> <span class='ocrx_word' id='word_1_588' title='bbox 1589 2521 1688 2562; x_wconf 89' lang='lat' dir='ltr'>dicit</span> <span class='ocrx_word' id='word_1_589' title='bbox 1710 2521 1999 2575; x_wconf 88' lang='lat' dir='ltr'>Hieronymus</span> <span class='ocrx_word' id='word_1_590' title='bbox 2034 2535 2166 2577; x_wconf 90' lang='lat' dir='ltr'>super</span> <span class='ocrx_word' id='word_1_591' title='bbox 2196 2525 2392 2567; x_wconf 87' lang='lat' dir='ltr'>Ezechie-</span> 
     </span>
     <span class='ocr_line' id='line_1_90' title="bbox 1358 2590 2393 2649; baseline 0.006 -18"><span class='ocrx_word' id='word_1_592' title='bbox 1358 2591 1442 2632; x_wconf 90' lang='lat' dir='ltr'>lem</span> <span class='ocrx_word' id='word_1_593' title='bbox 1464 2593 1492 2617; x_wconf 69' lang='lat'>1‘2</span> <span class='ocrx_word' id='word_1_594' title='bbox 1515 2606 1523 2632; x_wconf 92' lang='lat'>:</span> <span class='ocrx_word' id='word_1_595' title='bbox 1553 2590 1711 2632; x_wconf 81' lang='lat' dir='ltr'>«Solos</span> <span class='ocrx_word' id='word_1_596' title='bbox 1737 2595 1906 2634; x_wconf 84' lang='lat' dir='ltr'>tantum</span> <span class='ocrx_word' id='word_1_597' title='bbox 1925 2594 2056 2635; x_wconf 89' lang='lat' dir='ltr'>libros</span> <span class='ocrx_word' id='word_1_598' title='bbox 2089 2594 2222 2649; x_wconf 88' lang='lat' dir='ltr'>Moysi</span> <span class='ocrx_word' id='word_1_599' title='bbox 2253 2597 2393 2648; x_wconf 86' lang='lat' dir='ltr'>magis</span> 
     </span>
     <span class='ocr_line' id='line_1_91' title="bbox 1359 2661 2386 2718; baseline 0.001 -17"><span class='ocrx_word' id='word_1_600' title='bbox 1359 2661 1513 2702; x_wconf 89' lang='lat' dir='ltr'>eruditi</span> <span class='ocrx_word' id='word_1_601' title='bbox 1550 2675 1574 2703; x_wconf 84' lang='lat' dir='ltr'>a</span> <span class='ocrx_word' id='word_1_602' title='bbox 1609 2661 1890 2715; x_wconf 83' lang='lat' dir='ltr'>Septuaginta</span> <span class='ocrx_word' id='word_1_603' title='bbox 1918 2663 2139 2705; x_wconf 86' lang='lat' dir='ltr'>translatos</span> <span class='ocrx_word' id='word_1_604' title='bbox 2173 2668 2336 2718; x_wconf 88' lang='lat' dir='ltr'>putant.</span> <span class='ocrx_word' id='word_1_605' title='bbox 2367 2680 2386 2703; x_wconf 81' lang='lat'>›)</span> 
     </span>
     <span class='ocr_line' id='line_1_92' title="bbox 1355 2732 2390 2787; baseline 0.003 -15"><span class='ocrx_word' id='word_1_606' title='bbox 1355 2732 1477 2782; x_wconf 82' lang='lat' dir='ltr'>Hanc</span> <span class='ocrx_word' id='word_1_607' title='bbox 1498 2734 1748 2774; x_wconf 87' lang='lat' dir='ltr'>sententiam</span> <span class='ocrx_word' id='word_1_608' title='bbox 1771 2733 2058 2787; x_wconf 89' lang='lat' dir='ltr'>Hieronymus</span> <span class='ocrx_word' id='word_1_609' title='bbox 2089 2735 2133 2775; x_wconf 91' lang='lat' dir='ltr'>in</span> <span class='ocrx_word' id='word_1_610' title='bbox 2164 2735 2312 2777; x_wconf 88' lang='lat' dir='ltr'>eodem</span> <span class='ocrx_word' id='word_1_611' title='bbox 2341 2735 2390 2775; x_wconf 93' lang='lat' dir='ltr'>li-</span> 
     </span>
     <span class='ocr_line' id='line_1_93' title="bbox 1358 2803 2394 2857; baseline 0.004 -14"><span class='ocrx_word' id='word_1_612' title='bbox 1358 2803 1436 2844; x_wconf 89' lang='lat' dir='ltr'>bro</span> <span class='ocrx_word' id='word_1_613' title='bbox 1471 2803 1588 2853; x_wconf 85' lang='lat' dir='ltr'>(licit,</span> <span class='ocrx_word' id='word_1_614' title='bbox 1626 2804 1740 2856; x_wconf 87' lang='lat' dir='ltr'>quod</span> <span class='ocrx_word' id='word_1_615' title='bbox 1767 2804 1886 2857; x_wconf 87' lang='lat' dir='ltr'>prius</span> <span class='ocrx_word' id='word_1_616' title='bbox 1907 2805 1934 2827; x_wconf 78' lang='lat'>¹³</span> <span class='ocrx_word' id='word_1_617' title='bbox 1952 2805 1997 2845; x_wconf 92' lang='lat' dir='ltr'>in</span> <span class='ocrx_word' id='word_1_618' title='bbox 2033 2804 2210 2846; x_wconf 87' lang='lat' dir='ltr'>Psalmis</span> <span class='ocrx_word' id='word_1_619' title='bbox 2232 2806 2394 2847; x_wconf 86' lang='lat' dir='ltr'>notavi·</span> 
     </span>
     <span class='ocr_line' id='line_1_94' title="bbox 1360 2874 2389 2930; baseline 0.004 -16"><span class='ocrx_word' id='word_1_620' title='bbox 1360 2887 1470 2915; x_wconf 89' lang='lat' dir='ltr'>mus.</span> <span class='ocrx_word' id='word_1_621' title='bbox 1499 2874 1576 2915; x_wconf 88' lang='lat' dir='ltr'>Hic</span> <span class='ocrx_word' id='word_1_622' title='bbox 1606 2874 1774 2926; x_wconf 81' lang='lat' dir='ltr'>dicitur,</span> <span class='ocrx_word' id='word_1_623' title='bbox 1800 2875 1915 2927; x_wconf 90' lang='lat' dir='ltr'>quod</span> <span class='ocrx_word' id='word_1_624' title='bbox 1945 2875 2059 2917; x_wconf 88' lang='lat' dir='ltr'>filius</span> <span class='ocrx_word' id='word_1_625' title='bbox 2090 2877 2298 2930; x_wconf 84' lang='lat' dir='ltr'>prodigus</span> <span class='ocrx_word' id='word_1_626' title='bbox 2323 2889 2389 2918; x_wconf 92' lang='lat' dir='ltr'>re-</span> 
     </span>
     <span class='ocr_line' id='line_1_95' title="bbox 1360 2945 2392 2999; baseline 0.002 -13"><span class='ocrx_word' id='word_1_627' title='bbox 1360 2946 1482 2987; x_wconf 88' lang='lat' dir='ltr'>cessit</span> <span class='ocrx_word' id='word_1_628' title='bbox 1500 2958 1525 2986; x_wconf 82' lang='lat' dir='ltr'>a</span> <span class='ocrx_word' id='word_1_629' title='bbox 1545 2948 1680 2998; x_wconf 86' lang='lat' dir='ltr'>patre,</span> <span class='ocrx_word' id='word_1_630' title='bbox 1694 2945 1775 2986; x_wconf 86' lang='lat' dir='ltr'>hoc</span> <span class='ocrx_word' id='word_1_631' title='bbox 1784 2948 1845 2986; x_wconf 87' lang='lat' dir='ltr'>est</span> <span class='ocrx_word' id='word_1_632' title='bbox 1856 2957 1996 2998; x_wconf 82' lang='lat' dir='ltr'>genus</span> <span class='ocrx_word' id='word_1_633' title='bbox 2008 2946 2265 2997; x_wconf 86' lang='lat' dir='ltr'>humanum,</span> <span class='ocrx_word' id='word_1_634' title='bbox 2279 2947 2392 2999; x_wconf 90' lang='lat' dir='ltr'>quod</span> 
     </span>
     <span class='ocr_line' id='line_1_96' title="bbox 1359 3016 2390 3070; baseline 0.001 -13"><span class='ocrx_word' id='word_1_635' title='bbox 1359 3030 1434 3070; x_wconf 90' lang='lat' dir='ltr'>per</span> <span class='ocrx_word' id='word_1_636' title='bbox 1453 3018 1671 3070; x_wconf 86' lang='lat' dir='ltr'>peccatum</span> <span class='ocrx_word' id='word_1_637' title='bbox 1692 3016 1860 3057; x_wconf 89' lang='lat' dir='ltr'>recessit</span> <span class='ocrx_word' id='word_1_638' title='bbox 1881 3029 1906 3056; x_wconf 90' lang='lat' dir='ltr'>a</span> <span class='ocrx_word' id='word_1_639' title='bbox 1925 3016 2008 3057; x_wconf 87' lang='lat' dir='ltr'>Deo</span> <span class='ocrx_word' id='word_1_640' title='bbox 2040 3029 2051 3057; x_wconf 76' lang='grc' dir='ltr'><strong>ε</strong></span> <span class='ocrx_word' id='word_1_641' title='bbox 2089 3017 2162 3058; x_wconf 85' lang='grc' dir='ltr'>5οἀ</span> <span class='ocrx_word' id='word_1_642' title='bbox 2181 3017 2209 3039; x_wconf 81' lang='grc'>“</span> <span class='ocrx_word' id='word_1_643' title='bbox 2234 3029 2390 3058; x_wconf 76' lang='lat' dir='ltr'>«num-</span> 
     </span>
     <span class='ocr_line' id='line_1_97' title="bbox 1359 3087 2386 3142; baseline -0.003 -13"><span class='ocrx_word' id='word_1_644' title='bbox 1359 3089 1463 3142; x_wconf 88' lang='lat' dir='ltr'>quid</span> <span class='ocrx_word' id='word_1_645' title='bbox 1493 3087 1749 3128; x_wconf 86' lang='lat' dir='ltr'>obliviscitur</span> <span class='ocrx_word' id='word_1_646' title='bbox 1783 3090 1916 3127; x_wconf 87' lang='lat' dir='ltr'>mater</span> <span class='ocrx_word' id='word_1_647' title='bbox 1947 3087 2024 3127; x_wconf 86' lang='lat' dir='ltr'>filii</span> <span class='ocrx_word' id='word_1_648' title='bbox 2041 3087 2151 3128; x_wconf 88' lang='lat' dir='ltr'>uteri</span> <span class='ocrx_word' id='word_1_649' title='bbox 2182 3087 2228 3141; x_wconf 80' lang='lat' dir='ltr'>(c)</span> <span class='ocrx_word' id='word_1_650' title='bbox 2261 3088 2386 3128; x_wconf 79' lang='lat' dir='ltr'>sui?»</span> 
     </span>
     <span class='ocr_line' id='line_1_98' title="bbox 1359 3157 2386 3210; baseline -0.003 -10"><span class='ocrx_word' id='word_1_651' title='bbox 1359 3160 1467 3200; x_wconf 72' lang='lat' dir='ltr'>aut¹=⁸³</span> <span class='ocrx_word' id='word_1_652' title='bbox 1485 3173 1505 3197; x_wconf 68' lang='grc' dir='ltr'>(ι</span> <span class='ocrx_word' id='word_1_653' title='bbox 1522 3157 1733 3210; x_wconf 88' lang='lat' dir='ltr'>numquid</span> <span class='ocrx_word' id='word_1_654' title='bbox 1746 3157 2008 3198; x_wconf 87' lang='lat' dir='ltr'>obliviscitur</span> <span class='ocrx_word' id='word_1_655' title='bbox 2021 3157 2209 3198; x_wconf 88' lang='lat' dir='ltr'>misereri</span> <span class='ocrx_word' id='word_1_656' title='bbox 2223 3157 2332 3199; x_wconf 85' lang='lat' dir='ltr'>Deus</span> <span class='ocrx_word' id='word_1_657' title='bbox 2343 3161 2386 3198; x_wconf 66' lang='grc' dir='ltr'>ἲ»</span> 
     </span>
    </p>
   </div>
   <div class='ocr_carea' id='block_1_17' title="bbox 1358 3252 2390 3387">
    <p class='ocr_par' dir='ltr' id='par_1_18' title="bbox 1358 3252 2390 3387">
     <span class='ocr_line' id='line_1_99' title="bbox 1358 3252 2390 3295; baseline -0.001 -9"><span class='ocrx_word' id='word_1_658' title='bbox 1358 3255 1498 3295; x_wconf 77' lang='lat' dir='ltr'>Joscph.</span> <span class='ocrx_word' id='word_1_659' title='bbox 1520 3254 1698 3293; x_wconf 59' lang='lat' dir='ltr'>Antiqua„</span> <span class='ocrx_word' id='word_1_660' title='bbox 1719 3253 1776 3284; x_wconf 91' lang='lat' dir='ltr'>lib.</span> <span class='ocrx_word' id='word_1_661' title='bbox 1799 3253 1872 3289; x_wconf 81' lang='lat' dir='ltr'>XII,</span> <span class='ocrx_word' id='word_1_662' title='bbox 1893 3261 1923 3283; x_wconf 94' lang='grc'>0.</span> <span class='ocrx_word' id='word_1_663' title='bbox 1943 3260 1980 3283; x_wconf 79' lang='grc' dir='ltr'>υ.</span> <span class='ocrx_word' id='word_1_664' title='bbox 2001 3269 2040 3274; x_wconf 86' lang='grc'><strong>-</strong></span> <span class='ocrx_word' id='word_1_665' title='bbox 2059 3252 2083 3274; x_wconf 78' lang='lat'>¹⁸</span> <span class='ocrx_word' id='word_1_666' title='bbox 2103 3253 2230 3293; x_wconf 81' lang='lat' dir='ltr'>Supra,</span> <span class='ocrx_word' id='word_1_667' title='bbox 2253 3253 2286 3285; x_wconf 78' lang='lat' dir='ltr'>in</span> <span class='ocrx_word' id='word_1_668' title='bbox 2299 3253 2390 3286; x_wconf 77' lang='lat' dir='ltr'>Psal.</span> 
     </span>
     <span class='ocr_line' id='line_1_100' title="bbox 1359 3298 2390 3341; baseline -0.001 -8"><span class='ocrx_word' id='word_1_669' title='bbox 1359 3310 1479 3339; x_wconf 79' lang='lat' dir='ltr'>exvm,</span> <span class='ocrx_word' id='word_1_670' title='bbox 1506 3310 1539 3341; x_wconf 88' lang='lat' dir='ltr'>p.</span> <span class='ocrx_word' id='word_1_671' title='bbox 1566 3301 1713 3330; x_wconf 77' lang='lat'>302-303.</span> <span class='ocrx_word' id='word_1_672' title='bbox 1733 3316 1773 3321; x_wconf 90' lang='lat'>-—-</span> <span class='ocrx_word' id='word_1_673' title='bbox 1795 3298 1819 3320; x_wconf 72' lang='lat'>¹¹·</span> <span class='ocrx_word' id='word_1_674' title='bbox 1850 3300 1928 3339; x_wconf 66' lang='lat' dir='ltr'>Isa„</span> <span class='ocrx_word' id='word_1_675' title='bbox 1957 3307 2056 3339; x_wconf 73' lang='lat' dir='ltr'>xmx,</span> <span class='ocrx_word' id='word_1_676' title='bbox 2095 3300 2145 3330; x_wconf 84' lang='lat'>15.</span> <span class='ocrx_word' id='word_1_677' title='bbox 2177 3316 2218 3323; x_wconf 91' lang='lat'><em>-</em></span> <span class='ocrx_word' id='word_1_678' title='bbox 2251 3300 2275 3321; x_wconf 83' lang='lat'>¹⁵</span> <span class='ocrx_word' id='word_1_679' title='bbox 2301 3301 2390 3332; x_wconf 79' lang='lat' dir='ltr'>Psal.</span> 
     </span>
     <span class='ocr_line' id='line_1_101' title="bbox 1362 3350 1551 3387; baseline -0.026 -6"><span class='ocrx_word' id='word_1_680' title='bbox 1362 3356 1479 3387; x_wconf 77' lang='lat' dir='ltr'>Lxxvl,</span> <span class='ocrx_word' id='word_1_681' title='bbox 1502 3350 1551 3378; x_wconf 75' lang='lat'>11).</span> 
     </span>
    </p>
   </div>
   <div class='ocr_carea' id='block_1_18' title="bbox 1359 3402 2391 3492">
    <p class='ocr_par' dir='ltr' id='par_1_19' title="bbox 1359 3402 2391 3492">
     <span class='ocr_line' id='line_1_102' title="bbox 1403 3402 2391 3448; baseline 0 -10"><span class='ocrx_word' id='word_1_682' title='bbox 1403 3408 1445 3448; x_wconf 81' lang='lat' dir='ltr'>(a)</span> <span class='ocrx_word' id='word_1_683' title='bbox 1466 3405 1558 3438; x_wconf 81' lang='lat' dir='ltr'>Edit.</span> <span class='ocrx_word' id='word_1_684' title='bbox 1582 3404 1654 3435; x_wconf 75' lang='lat' dir='ltr'>Vct.</span> <span class='ocrx_word' id='word_1_685' title='bbox 1674 3402 1827 3435; x_wconf 88' lang='lat' dir='ltr'>mundat.</span> <span class='ocrx_word' id='word_1_686' title='bbox 1845 3419 1885 3426; x_wconf 97' lang='lat'><strong>—</strong></span> <span class='ocrx_word' id='word_1_687' title='bbox 1904 3403 1948 3444; x_wconf 84' lang='lat' dir='ltr'>(b)</span> <span class='ocrx_word' id='word_1_688' title='bbox 1972 3404 2052 3435; x_wconf 81' lang='lat' dir='ltr'>caet.</span> <span class='ocrx_word' id='word_1_689' title='bbox 2074 3403 2153 3435; x_wconf 89' lang='lat' dir='ltr'>edit.</span> <span class='ocrx_word' id='word_1_690' title='bbox 2174 3413 2245 3437; x_wconf 87' lang='lat' dir='ltr'>non</span> <span class='ocrx_word' id='word_1_691' title='bbox 2263 3405 2391 3438; x_wconf 82' lang='lat' dir='ltr'>habent</span> 
     </span>
     <span class='ocr_line' id='line_1_103' title="bbox 1359 3449 2247 3492; baseline -0.001 -6"><span class='ocrx_word' id='word_1_692' title='bbox 1359 3455 1411 3486; x_wconf 76' lang='lat' dir='ltr'>Act</span> <span class='ocrx_word' id='word_1_693' title='bbox 1432 3454 1621 3485; x_wconf 78' lang='lat' dir='ltr'>Dominum.</span> <span class='ocrx_word' id='word_1_694' title='bbox 1635 3469 1666 3474; x_wconf 84' lang='lat'><em>-</em></span> <span class='ocrx_word' id='word_1_695' title='bbox 1690 3451 1729 3491; x_wconf 85' lang='lat' dir='ltr'>(c)</span> <span class='ocrx_word' id='word_1_696' title='bbox 1752 3450 1834 3483; x_wconf 85' lang='lat' dir='ltr'>caet.</span> <span class='ocrx_word' id='word_1_697' title='bbox 1849 3449 1932 3483; x_wconf 79' lang='lat' dir='ltr'>edit.</span> <span class='ocrx_word' id='word_1_698' title='bbox 1952 3453 2049 3492; x_wconf 80' lang='lat' dir='ltr'>pater</span> <span class='ocrx_word' id='word_1_699' title='bbox 2068 3451 2156 3484; x_wconf 85' lang='lat' dir='ltr'>uteri</span> <span class='ocrx_word' id='word_1_700' title='bbox 2175 3451 2247 3491; x_wconf 77' lang='lat' dir='ltr'>filii.</span> 
     </span>
    </p>
   </div>
   <div class='ocr_carea' id='block_1_19' title="bbox 2418 700 2559 930">
    <p class='ocr_par' dir='ltr' id='par_1_20' title="bbox 2418 700 2559 930">
     <span class='ocr_line' id='line_1_104' title="bbox 2463 700 2556 726; baseline 0.011 -1"><span class='ocrx_word' id='word_1_701' title='bbox 2463 700 2556 726; x_wconf 83' lang='lat' dir='ltr'>Homo</span> 
     </span>
     <span class='ocr_line' id='line_1_105' title="bbox 2418 746 2557 772; baseline 0.014 -8"><span class='ocrx_word' id='word_1_702' title='bbox 2418 746 2475 772; x_wconf 92' lang='lat' dir='ltr'>quo</span> <span class='ocrx_word' id='word_1_703' title='bbox 2498 746 2557 766; x_wconf 88' lang='lat' dir='ltr'>mo-</span> 
     </span>
     <span class='ocr_line' id='line_1_106' title="bbox 2419 779 2555 807; baseline 0.015 -2"><span class='ocrx_word' id='word_1_704' title='bbox 2419 780 2454 805; x_wconf 87' lang='lat' dir='ltr'>do</span> <span class='ocrx_word' id='word_1_705' title='bbox 2480 779 2555 807; x_wconf 78' lang='lat' dir='ltr'>into-</span> 
     </span>
     <span class='ocr_line' id='line_1_107' title="bbox 2419 820 2559 848; baseline 0.014 -2"><span class='ocrx_word' id='word_1_706' title='bbox 2419 820 2480 847; x_wconf 86' lang='lat' dir='ltr'>rius</span> <span class='ocrx_word' id='word_1_707' title='bbox 2492 829 2559 848; x_wconf 79' lang='lat' dir='ltr'>sus·</span> 
     </span>
     <span class='ocr_line' id='line_1_108' title="bbox 2419 861 2558 888; baseline 0.007 -1"><span class='ocrx_word' id='word_1_708' title='bbox 2419 861 2522 888; x_wconf 84' lang='lat' dir='ltr'>citetur</span> <span class='ocrx_word' id='word_1_709' title='bbox 2540 870 2558 888; x_wconf 81' lang='lat' dir='ltr'>a</span> 
     </span>
     <span class='ocr_line' id='line_1_109' title="bbox 2420 903 2492 930; baseline 0.028 -2"><span class='ocrx_word' id='word_1_710' title='bbox 2420 903 2492 930; x_wconf 87' lang='lat' dir='ltr'>Deo.</span> 
     </span>
    </p>
   </div>
   <div class='ocr_carea' id='block_1_20' title="bbox 2416 1410 2557 1641">
    <p class='ocr_par' dir='ltr' id='par_1_21' title="bbox 2416 1410 2557 1641">
     <span class='ocr_line' id='line_1_110' title="bbox 2450 1410 2528 1435; baseline 0 -1"><span class='ocrx_word' id='word_1_711' title='bbox 2450 1410 2528 1435; x_wconf 80' lang='lat' dir='ltr'>Deus</span> 
     </span>
     <span class='ocr_line' id='line_1_111' title="bbox 2428 1457 2548 1483; baseline 0 -8"><span class='ocrx_word' id='word_1_712' title='bbox 2428 1457 2548 1483; x_wconf 83' lang='lat' dir='ltr'>quomo-</span> 
     </span>
     <span class='ocr_line' id='line_1_112' title="bbox 2416 1489 2557 1516; baseline 0.007 -1"><span class='ocrx_word' id='word_1_713' title='bbox 2416 1489 2453 1515; x_wconf 87' lang='lat' dir='ltr'>do</span> <span class='ocrx_word' id='word_1_714' title='bbox 2470 1498 2486 1515; x_wconf 89' lang='lat' dir='ltr'>a</span> <span class='ocrx_word' id='word_1_715' title='bbox 2506 1498 2557 1516; x_wconf 88' lang='lat' dir='ltr'>no-</span> 
     </span>
     <span class='ocr_line' id='line_1_113' title="bbox 2416 1530 2557 1557; baseline 0.007 -1"><span class='ocrx_word' id='word_1_716' title='bbox 2416 1530 2461 1557; x_wconf 76' lang='lat' dir='ltr'>his</span> <span class='ocrx_word' id='word_1_717' title='bbox 2489 1539 2557 1557; x_wconf 87' lang='lat' dir='ltr'>con·</span> 
     </span>
     <span class='ocr_line' id='line_1_114' title="bbox 2423 1572 2550 1600; baseline 0.016 -2"><span class='ocrx_word' id='word_1_718' title='bbox 2423 1572 2550 1600; x_wconf 82' lang='lat' dir='ltr'>sideran-</span> 
     </span>
     <span class='ocr_line' id='line_1_115' title="bbox 2417 1613 2482 1641; baseline 0.015 -1"><span class='ocrx_word' id='word_1_719' title='bbox 2417 1613 2482 1641; x_wconf 85' lang='lat' dir='ltr'>dus.</span> 
     </span>
    </p>
   </div>
  </div>
 </body>
</html>
