2633 3878
277 237 355 276 434

278 327 315 360 et
329 319 452 358 nihili.
473 332 490 352 ι)
512 319 645 362 Vacua,
669 315 774 360 dicit,
789 317 981 363 quantum
998 314 1050 351 ad
1069 312 1304 349 vacuitatem

277 379 674 422 actualitati53nih1'lt',
705 379 897 425 quantum
936 376 987 413 ad
1018 373 1305 423 plenitudinem

276 441 544 493 possibilitatis
566 453 574 476 :
597 439 786 487 qnoniam
804 437 1009 487 plenitudo
1028 433 1304 483 hujuscemodi

277 510 332 544 est
351 505 464 553 quasi
500 502 706 551 plenitudo
743 501 869 538 nihili.
898 503 947 536 De
982 498 1092 535 tertio
1120 500 1130 520 ¹
1161 510 1170 532 :
1196 495 1305 540 «Qui

278 567 468 616 appendit
485 570 625 603 terram
648 576 764 612 super
793 564 972 600 nihilum.
993 576 1009 595 n
1032 563 1147 597 Terra
1166 559 1306 595 dicitur

277 629 449 678 appendi
493 639 610 677 super
645 628 825 669 nihilum,
863 625 1054 673 quoniam
1090 623 1190 659 inter
1224 631 1306 658 esse

277 704 407 739 suum,
429 695 465 729 et
482 692 663 736 nihilum,
684 700 765 728 non
784 691 840 727 est
859 699 942 725 esse
973 686 1162 724 medium.

603 795 790 831 Articulus
817 795 981 840 quartus.

325 881 439 925 Quies
487 877 847 926 comprehenditur,
902 885 992 912 cum
1027 871 1274 910 concluditur
1297 882 1304 906 :

277 942 323 976 Ec
339 943 537 987 permanet.
566 939 650 974 Haec
672 935 943 984 permanentia
974 936 1032 970 est
1060 931 1199 979 qnietis
1232 929 1306 966 ob-

277 1008 474 1045 servantia
494 1008 533 1043 in
563 1005 670 1042 omni
705 1003 955 1041 turbulentia.
992 1001 1059 1038 Hic
1091 1001 1202 1047 potes
1239 1007 1308 1033 no-

278 1073 358 1107 tare
398 1068 623 1116 exemplum
661 1066 831 1111 morale;
878 1063 987 1111 quod
1026 1062 1123 1098 sicut
1159 1061 1308 1096 viscera

278 1136 389 1169 terrae
409 1131 641 1178 permanent
664 1129 702 1164 in
739 1125 1018 1174 tranquillitate
1055 1124 1095 1160 in
1133 1121 1309 1170 qualibet

278 1195 362 1241 ejus
378 1192 608 1237 mobilitate,
647 1200 719 1237 pro
755 1189 821 1225 Dei
857 1185 1074 1224 venerabili
1106 1183 1307 1227 bonitate,-

277 1256 331 1292 ita
351 1255 494 1292 debent
509 1252 728 1301 praecordia
755 1254 821 1287 tua
849 1258 1082 1297 permanere
1107 1246 1148 1282 in
1176 1248 1309 1282 sancta

278 1317 575 1356 conversatione
597 1315 637 1351 in
656 1312 796 1361 quavis
816 1311 1042 1354 tentatione,
1063 1320 1136 1356 pro
1158 1308 1223 1345 Dei
1244 1318 1309 1344 ve-

278 1379 496 1417 neratione.
517 1377 645 1414 Prima
664 1373 890 1423 permansio
911 1372 1052 1419 legitur
1070 1372 1084 1392 ‘²
1108 1382 1116 1407 :
1137 1384 1155 1404 «
1174 1370 1308 1408 Omnis

278 1441 477 1489 generatio
494 1440 577 1486 ejus
597 1439 637 1474 in
656 1437 764 1474 bona
783 1436 876 1481 vita,
909 1437 945 1471 et
975 1434 1015 1470 in
1049 1435 1182 1470 sancta
1216 1442 1309 1468 eon-

277 1505 495 1542 versatione
505 1500 739 1550 permansit:
750 1514 766 1534 »
781 1509 868 1537 ecce
882 1496 1107 1546 permansio
1122 1495 1162 1531 in
1176 1497 1309 1531 saneta

278 1565 588 1604 conversatione.
611 1562 789 1601 Secunda
818 1559 1044 1608 permansio
1066 1557 1247 1594 scribitur
1266 1558 1305 1593 ³:

283 1642 301 1663 «
316 1630 392 1665 Vos
411 1627 514 1672 estis,
535 1626 603 1673 qui
623 1622 890 1673 permansistis
912 1631 1070 1658 meeum
1108 1620 1148 1656 in
1185 1621 1307 1656 tenta-

279 1689 454 1727 tionibus
473 1688 571 1725 meis
591 1699 599 1724 :
620 1701 638 1722 »
659 1696 748 1723 eece
767 1683 992 1733 permansio
1021 1683 1062 1718 in
1081 1681 1306 1718 tentatione.

279 1752 404 1789 Tertia
422 1749 648 1799 permansio
670 1747 900 1796 exprimitur
920 1747 933 1767 '⁴
958 1757 966 1781 :
991 1757 1009 1778 «
1030 1743 1192 1780 Domine
1211 1745 1310 1779 Deus

279 1814 491 1859 Abraham,
513 1814 550 1849 et
569 1814 688 1855 Isaac,
704 1813 740 1846 et
752 1808 881 1854 lsrael,
898 1809 1055 1855 patrum
1069 1809 1309 1850 nostrorum,

278 1877 320 1912 in
345 1879 531 1913 aeternum
569 1872 721 1910 custodi
758 1872 861 1908 hanc
901 1869 1142 1907 voluntatem
1181 1867 1310 1904 cordis

279 1948 435 1984 eorum,
455 1940 492 1974 et
511 1945 666 1983 semper
685 1935 726 1971 in
745 1932 995 1970 veneratione
1027 1930 1083 1967 tui
1101 1940 1213 1966 mens
1238 1929 1311 1965 ista

278 2001 508 2047 permaneat
528 2010 536 2034 :
555 2011 573 2032 u
598 2007 686 2033 ecce
705 1994 931 2044 permansio
963 1993 1003 2030 in
1041 1992 1106 2029 Dei
1143 2001 1310 2028 venera-

279 2061 397 2098 tione.

710 2105 882 2147 Epilogus.

328 2190 412 2225 Haec
431 2190 487 2224 est
506 2186 636 2234 itaque
666 2195 744 2221 vox
765 2182 966 2230 Prophetae
989 2193 996 2217 :
1022 2183 1066 2217 In
1085 2180 1313 2226 generatione

280 2254 312 2287 et
333 2251 593 2296 generationem
610 2250 743 2284 veritas
765 2250 828 2282 tua
848 2256 859 2280 .·
876 2254 965 2280 ecce
985 2242 1128 2279 veritas
1143 2240 1312 2277 verbum

280 2311 579 2359 praenosticans3
617 2309 815 2345 Fandastz':
845 2316 935 2342 ecce
964 2303 1153 2342 stabilitas
1191 2302 1312 2338 virtu-

281 2378 358 2411 tem
376 2373 615 2422 praedieans‚·
641 2374 785 2408 Terram
808 2383 816 2406 :
839 2380 927 2406 ecee
953 2371 1107 2405 terrena
1144 2365 1309 2402 infirmi·

282 2439 353 2482 tas,
392 2435 626 2482 terrigenam
670 2433 954 2470 humanitatem
987 2428 1236 2476 significans3
1266 2429 1311 2463 Et

279 2502 463 2546 permanet
487 2509 494 2534 ε
518 2507 607 2534 ecee
628 2496 740 2543 quies
760 2495 926 2531 salutem
947 2492 1138 2529 indicans.

648 2642 869 2670 VERSIGULUS
895 2641 945 2668 xl.

330 2753 388 2788 91.
403 2750 635 2787 ordinatione
644 2752 706 2783 tua
715 2747 914 2793 perseverat
923 2744 1013 2786 dies,
1024 2744 1096 2779 etc.
1105 2739 1315 2787 Assignatis

285 2813 442 2849 duobus
455 2809 646 2858 prodigiis
656 2808 839 2845 bonitatis
857 2809 1039 2843 naturam
1049 2802 1315 2840 firmissimam

284 2872 548 2921 inquietantis,
586 2874 621 2907 et
654 2869 961 2906 infirmissimam
990 2864 1212 2914 quietantis,
1251 2863 1315 2900 hic

284 2935 504 2982 assignatur
518 2933 674 2970 tertium
699 2930 884 2968 bonitatis
921 2927 1164 2976 prodigium,
1203 2928 1316 2962 natu-

283 3008 368 3034 ram
381 2995 670 3042 fugacissimam
690 2993 875 3030 tenaciter
911 2989 1190 3027 conservantis.
1212 2987 1314 3031 Quid

285 3059 390 3096 enim
418 3061 591 3105 tempore
624 3054 802 3101 fugacius
824 3052 959 3097 ⁴?Quid
997 3049 1313 3098 perseveratione

284 3120 480 3158 tenacius?
494 3119 613 3165 Hujus
625 3116 823 3165 siquidem
839 3113 1056 3160 sagacitatis
1069 3112 1314 3149 tenacitatem

284 3182 485 3220 evidenter
519 3180 701 3217 videmus
746 3188 817 3224 per
860 3185 1016 3212 versum
1066 3176 1310 3221 praesentem.

283 3245 380 3280 Cum
400 3243 506 3280 euim
524 3245 693 3289 tempus,
726 3240 824 3276 sicut
851 3237 904 3274 ait
941 3235 1200 3283 Philosophus
1216 3235 1245 3280 ⁵,
1265 3234 1313 3270 sit

282 3316 470 3343 numerus
490 3304 633 3353 prioris
649 3306 686 3340 et
704 3300 930 3350 posterioris
964 3299 1004 3335 in
1036 3299 1161 3343 motu,
1194 3299 1312 3344 prout

327 3405 332 3422 ¹
353 3401 438 3443 Job„
462 3410 560 3440 xxm,
579 3403 612 3433 7.
634 3418 674 3425 —
695 3401 709 3422 2
730 3399 817 3437 Tob„
838 3405 912 3437 xlv,
935 3397 984 3428 17.
1007 3413 1048 3418 —
1072 3394 1086 3416 ³
1108 3386 1199 3432 Zac„
1223 3400 1310 3434 xxii,

281 3451 335 3483 28.
359 3467 401 3474 —
423 3449 437 3472 ⁴
465 3451 475 3481 l
504 3448 670 3490 Paralip„
698 3455 802 3485 xxlx,
835 3446 885 3477 18.
917 3462 951 3468 -κ
981 3445 994 3466 ⁵
1021 3442 1133 3482 Arist„
1166 3440 1310 3482 Ἀρεία,

281 3497 338 3528 lib.
366 3498 421 3537 tv,
441 3499 523 3528 text.
546 3498 612 3528 101.
629 3513 668 3518 —
691 3495 703 3513 ⁶
722 3494 785 3527 Vel
804 3495 923 3525 auctor
943 3491 1124 3523 Commeat.
1146 3489 1181 3519 in
1201 3488 1310 3528 Epist.

971 221 1245 266 EXPOSITIO
1275 220 1327 262 IN
1355 218 1702 262 PSALTERIUM.

1377 310 1446 347 illa
1466 310 1515 356 (a)
1537 310 1791 347 numerantur
1810 306 1950 343 animae
1977 305 2147 353 cogitatu
2160 334 2172 353 ,
2202 307 2326 354 liquet
2344 317 2402 344 sa-

1378 371 1439 418 tis,
1457 371 1568 420 quod
1588 381 1669 407 esse
1701 368 1902 406 materiale
1937 367 2124 415 temporis
2156 366 2342 406 fundatur
2361 368 2403 405 in

1380 437 1487 470 motu
1505 433 1622 481 primi
1654 431 1814 469 mobilis
1824 444 1834 477 ;
1865 440 1947 467 esse
1978 440 2072 466 vero
2109 428 2275 466 formale
2314 441 2404 468 con-

1379 499 1597 533 summatur
1625 495 1665 531 in
1698 494 1830 531 anima
1861 491 2101 529 numerantis
2125 503 2133 527 :
2166 491 2276 538 quod
2305 502 2404 539 prae-

1380 558 1481 595 clare
1531 556 1812 605 11›rae01‘dinavit
1861 554 2061 599 nominas,
2100 554 2293 601 quatenus
2331 552 2406 590 sibi

1380 621 1550 657 serviant
1569 630 1650 656 non
1670 619 1799 655 solum
1813 617 2059 664 temporalia,
2086 617 2157 654 sed
2183 618 2220 653 et
2238 619 2405 664 tempus.

1380 685 1455 719 Nee
1471 682 1574 719 enim
1591 691 1738 729 parvus
1758 682 1814 716 est
1844 679 1908 716 Dei
1945 690 2078 716 servus
2114 679 2183 716 iste
2220 689 2408 715 numerus

1381 746 1621 789 numeratus,
1642 743 1711 790 qui
1731 744 1808 779 Deo
1828 740 1947 778 servit
1966 743 2046 779 tam
2070 741 2111 777 in
2143 741 2406 788 manentibus,

1381 818 1502 854 quam
1515 805 1776 842 influentibus
1787 817 1798 851 3
1820 807 1900 840 tam
1919 803 1960 839 in
1976 802 2063 840 coeli
2087 803 2408 850 motibus,quam

1382 867 1578 905 inanimae
1599 867 1772 913 actibus3
1803 866 1881 902 illic
1910 864 2174 911 materialiter,
2211 864 2296 901 istic
2331 863 2410 901 for-

1382 930 1536 967 maliter
1557 929 1797 966 constitutus.
1819 930 1998 976 Loquens
2019 938 2112 974 ergo
2145 927 2337 975 Propheta
2367 926 2408 962 in

1381 992 1551 1029 veritatis
1577 991 1713 1039 spiritu
1751 992 1792 1039 (a
1832 1001 1925 1038 quo,
1952 992 2044 1026 teste
2079 988 2285 1026 Ambrosio
2305 989 2332 1035 ⁸,
2353 990 2408 1024 est

1383 1065 1499 1092 omne
1519 1065 1657 1090 verum
1679 1051 2161 1101 cuiuscumquereferatur
2180 1050 2332 1098 relatu,)
2357 1050 2410 1088 ait

1382 1119 1467 1154 sic:
1506 1117 1741 1153 ordinatione
1775 1120 1851 1162 tuci,
1883 1118 1969 1159 etc„
1999 1114 2112 1162 quasi
2150 1113 2254 1150 dicat
2275 1126 2284 1150 ι
2306 1112 2410 1150 Sicut

1381 1178 1654 1227 praeordinasti
1672 1177 1917 1222 mirabiliter,
1943 1180 2096 1224 tempus
2115 1177 2248 1213 manet
2266 1175 2410 1212 forma-

1381 1241 1482 1286 liter,
1498 1241 1582 1277 fluit
1601 1240 1862 1286 materialiter,
1883 1242 1925 1275 ut
1943 1239 2013 1276 tibi
2044 1238 2232 1276 serviatur
2249 1237 2409 1274 univer-

1381 1304 1524 1341 saliter.
1552 1306 1646 1340 Ecce
1667 1304 1836 1351 quatuor
1874 1312 1999 1339 causae
2032 1300 2232 1349 temporis,
2267 1300 2412 1338 scilicet

1381 1367 1554 1412 initialis,
1570 1366 1760 1412 formalis,
1781 1364 2006 1410 materialis,
2038 1363 2180 1400 finalis.
2211 1363 2340 1400 Prima
2370 1363 2411 1400 in

1382 1430 1448 1466 Dei
1469 1431 1677 1476 conceptu3
1715 1427 1888 1465 secunda
1915 1427 1955 1463 in
1976 1425 2116 1462 animae
2154 1427 2241 1462 actu
2251 1438 2263 1472 3
2300 1424 2412 1462 tertia

1382 1494 1423 1530 in
1455 1493 1541 1530 coeli
1578 1495 1707 1538 motu,
1748 1493 1887 1539 quarta
1923 1489 1963 1525 in
1995 1488 2175 1526 omnium
2205 1487 2410 1525 famulatu.

1720 1596 1909 1632 Articulus
1924 1596 2078 1641 primus.

1431 1681 1597 1716 Causam
1629 1677 1818 1715 initialem
1844 1676 2076 1725 praenotavit
2111 1676 2301 1722 psalmus,
2322 1687 2413 1714 cum

1384 1741 1466 1778 ait:
1498 1741 1734 1778 Orclz‘nacione
1771 1744 1847 1777 tua.
1883 1742 1967 1777 Haec
2002 1742 2058 1776 est
2094 1738 2304 1785 ordinatio,
2343 1749 2415 1786 per

1385 1815 1505 1852 quam
1527 1814 1644 1840 causa
1673 1802 1876 1851 primaria,
1908 1801 2175 1839 mediantibus
2206 1800 2332 1838 causis
2351 1811 2413 1838 se-

1385 1866 1596 1912 cundariis,
1619 1865 1777 1903 ordinat
1810 1865 1859 1901 de
1896 1864 2077 1910 causatis,
2111 1863 2209 1900 sicut
2244 1865 2416 1910 potestas

1386 1928 1586 1966 ordinaria
1619 1928 1886 1965 mediantibus
1920 1926 2176 1975 potestatibus
2212 1924 2414 1972 delegatis.

1385 1991 1493 2028 Unde
1512 1991 1722 2039 Apostolus
1751 1989 1879 2038 inquit
1896 1991 1909 2012 ⁷
1937 2001 1946 2026 :
1970 1988 2079 2034 «Qui
2110 1987 2252 2025 resistit
2286 1989 2417 2035 potes-

1385 2053 1544 2099 tatibus,
1578 2053 1643 2090 Dei
1663 2051 1903 2090 ordinationi
1921 2051 2074 2089 resistit.
2097 2065 2113 2084 »
2138 2050 2214 2088 Sed
2245 2048 2419 2087 fortassis

1387 2117 1577 2163 quaereret
1596 2115 1754 2163 aliquis,
1769 2126 1855 2163 quae
1873 2114 1948 2151 sint
1966 2115 2176 2161 potestates
2203 2114 2420 2161 spectantes

1388 2178 1441 2214 ad
1479 2177 1770 2214 ordinationem
1806 2177 2021 2224 temporis?
2069 2176 2136 2213 Hic
2182 2174 2418 2221 notandum,

1388 2240 1497 2287 quod
1515 2239 1720 2287 multiplex
1742 2242 1911 2287 potestas
1933 2242 1987 2275 est
2014 2241 2170 2286 tempus
2201 2237 2415 2275 ordinans:

1389 2302 1586 2350 quaedam,
1613 2301 1712 2338 sicut
1747 2301 2028 2349 praedestinans
2039 2313 2050 2347 3
2091 2299 2289 2348 quaedam,

1389 2431 1510 2465 Deum
1556 2427 1724 2475 pertinet
1773 2425 2089 2474 proedcstinati05
2127 2425 2180 2462 ad
2230 2423 2418 2470 animam,

1389 2489 1646 2536 imaginati03
1689 2488 1741 2526 ad
1788 2487 2022 2533 luminaria,
2071 2486 2320 2523 illuminatio.
2367 2487 2419 2522 De

1389 2553 1518 2601 prima
1543 2553 1585 2589 8:
1619 2554 1742 2589 «Non
1777 2553 1833 2588 est
1869 2553 2042 2588 vestrum
2074 2560 2189 2586 nosse
2224 2550 2418 2596 tempora,

1390 2615 1454 2652 vel
1486 2617 1688 2652 momenta
1730 2625 1818 2662 quoe
1858 2615 1967 2650 Pater
2016 2611 2148 2660 posuit
2179 2611 2220 2647 in
2252 2621 2322 2648 sua
2351 2619 2420 2658 po·

1391 2679 1524 2714 testate
1547 2689 1589 2713 z»
1613 2688 1702 2714 ecce
1735 2677 1906 2724 potestas
1936 2677 2090 2723 tempus
2124 2673 2421 2722 praedestinans,

1392 2742 1429 2776 et
1448 2739 1764 2787 praedestinando
1801 2738 2003 2776 ordinans
2039 2738 2089 2773 De
2127 2735 2302 2772 secunda
2334 2745 2422 2782 spe-

1392 2801 1539 2838 cialiter
1556 2801 1800 2847 intelligitur,
1824 2800 1934 2848 quod
1954 2797 2188 2846 generaliter
2215 2795 2358 2844 legitur
2376 2795 2390 2817 ⁹
2409 2807 2418 2832 :

1395 2876 1413 2898 α
1433 2865 1518 2900 Non
1537 2866 1593 2899 est
1609 2864 1795 2910 potestas,
1815 2861 1889 2898 nisi
1917 2872 1941 2898 a
1965 2863 2063 2908 Deo3
2086 2874 2104 2894 »
2135 2858 2229 2907 quia
2263 2857 2421 2906 procul-

1392 2925 1515 2961 dubio
1535 2927 1720 2972 potestas,
1749 2935 1817 2960 seu
1840 2923 1944 2960 vires
1972 2922 2113 2959 animae
2145 2921 2236 2958 sunt
2266 2930 2291 2958 a
2325 2921 2419 2966 Deo,

1390 2987 1431 3022 in
1470 2987 1616 3034 quibus
1653 2988 1709 3023 est
1741 2988 1912 3034 potestas
1943 2983 2212 3031 imaginativa,
2244 2982 2355 3030 prius
2385 2983 2422 3018 et

1389 3049 1582 3095 posterius
1613 3048 1653 3085 in
1678 3051 1789 3085 motu
1824 3046 2057 3093 imaginans,
2090 3048 2126 3083 et
2161 3041 2421 3091 imaginando

1389 3113 1543 3158 tempus
1560 3110 1762 3147 ordinans.
1785 3111 1836 3147 De
1856 3109 1968 3146 tertio
2000 3107 2133 3157 psallit
2151 3106 2345 3154 Propheta
2364 3104 2418 3141 1⁰:

1395 3173 1562 3210 «Solem
1587 3172 1628 3209 in
1647 3173 1879 3220 potestatem
1905 3170 1983 3207 diei
1996 3182 2008 3216 3
2037 3170 2175 3207 lunam
2192 3170 2234 3206 in
2250 3169 2421 3216 potesta-

1389 3239 1468 3272 tem
1487 3235 1626 3281 noctis,
1648 3237 1686 3272 et
1712 3234 1843 3271 stellas
1865 3246 1873 3270 :
1895 3247 1913 3268 »
1940 3243 2029 3270 ecce
2064 3233 2236 3280 potestas
2266 3232 2420 3277 tempus

1387 3296 1631 3342 illuminans,
1653 3299 1689 3334 et
1706 3295 1973 3333 illuminando
1996 3294 2198 3332 ordinans.

1388 3386 1433 3418 ad
1452 3385 1542 3427 Corn,
1564 3387 1625 3418 sub
1647 3384 1817 3417 Ambrosii
1835 3384 1993 3424 nomine,
2013 3393 2044 3415 c.
2063 3390 2113 3414 xi.
2130 3399 2172 3405 —
2189 3382 2202 3405 ⁷
2215 3381 2319 3423 Rom„
2339 3388 2419 3422 xnl,

1388 3434 1462 3464 2.-
1478 3434 1490 3451 ⁸
1502 3433 1589 3473 Act„
1606 3440 1628 3474 1,
1643 3434 1718 3463 7.—
1732 3432 1746 3454 ⁹
1760 3432 1866 3471 Rom,
1879 3438 1957 3471 xm,
1976 3433 2046 3462 1.-
2062 3430 2086 3451 ¹⁰
2097 3427 2187 3461 Psal.
2203 3435 2328 3468 cxxxv,
2344 3428 2375 3468 8,
2387 3429 2417 3461 9.

1430 3489 1472 3528 (a)
1498 3488 1577 3520 Coet.
1602 3488 1681 3519 edit.
1703 3487 1777 3520 illis.

2321 2299 2420 2335 sicut
2449 2287 2578 2336 P⁰t⁶³⁵f²²³

1361 2364 1634 2412 'imaginans3
1681 2363 1885 2411 quaedam,
1937 2363 2035 2399 sicut
2076 2361 2318 2398 illuminans
2360 2360 2419 2398 Ad
2438 2330 2556 2402 pltssmh'
