2633 3878
76 1289 187 1317 Sermo-

48 1338 100 1357 nes
142 1331 186 1357 di-

46 1372 107 1398 vini
125 1381 188 1400 cus-

47 1413 188 1442 todiendi.

73 2599 184 2625 Serme-

47 2648 98 2666 nes
124 2641 178 2666 Do-

44 2682 115 2708 mini
135 2689 186 2708 cur

54 2723 177 2750 libenter

45 2766 182 2793 audiendi

1056 245 1300 288 PSALMUS
1329 247 1445 290 cxvi
1454 249 1503 291 ll.

210 343 291 377 tum
329 339 378 376 ad
419 339 768 387 impassibilitatem
802 350 811 375 :
848 340 857 361 ¹
891 350 909 372 α
940 339 1050 373 Pater
1086 335 1245 372 suscitat

211 405 388 440 mortuos
415 405 452 440 et
482 401 666 439 vivificat.
697 414 715 435 »
735 400 853 437 Filius
880 409 1041 446 quoque
1069 397 1245 435 vivificat

211 465 500 511 configurando
533 463 732 511 sapientiae
771 463 963 509 quantum
995 460 1047 497 ad
1083 459 1241 496 clarita-

211 531 289 564 tem
309 529 322 550 ²
345 539 354 563 ε
379 541 397 561 «
420 530 460 564 Et
480 526 596 563 Filius
614 535 716 572 quos
730 523 813 561 vult
831 523 1017 560 vivificat.
1039 536 1057 557 »
1079 522 1242 569 Spiritus

211 593 366 627 sanctus
393 590 510 627 etiam
535 588 709 625 vivificat
734 587 1022 633 configurando
1054 585 1240 632 bonitati,

211 655 401 701 quantum
435 652 486 688 ad
516 651 827 699 spiritualitatem
847 652 860 673 ³
884 663 893 687 ι
920 662 938 684 «
965 649 1128 697 Spiritus
1159 651 1242 694 est,

211 715 279 762 qui
292 714 475 751 vivificat.
490 727 535 749 »«
549 713 769 751 Seminatur
783 728 800 748 »
819 713 924 750 enim
943 713 956 735 ἢ
973 724 991 747 «
1006 722 1148 759 corpus
1162 710 1243 747 ani-

209 777 313 814 male
326 804 338 822 ,
359 778 491 823 surget
510 787 654 824 corpus
679 775 892 824 spirituale.
917 789 934 807 »

547 882 734 917 Articulus
757 882 897 916 tertius.

256 964 466 1010 Postquam
492 963 678 1010 praemisit
700 991 711 1008 ,
740 965 777 1000 et
802 962 1076 1011 praemittendo
1107 962 1244 1009 petivit

208 1025 315 1062 hona
334 1025 603 1069 retributoria;
632 1025 802 1069 deinde,
833 1035 883 1061 ne
915 1024 1077 1061 sortasse
1105 1023 1242 1071 petitio

207 1087 254 1123 sit
273 1087 515 1124 frustratoria
530 1115 542 1131 ,
568 1087 632 1124 hic
656 1086 848 1134 promittit
876 1087 984 1123 bona
1015 1086 1215 1123 meritoria
1231 1113 1239 1129 ‚

208 1152 244 1185 et
262 1149 390 1197 primo
420 1150 646 1186 interiorem
675 1160 905 1187 sermonum
934 1149 996 1186 Dei
1021 1149 1242 1186 custodiam

207 1214 447 1260 spectantem
469 1212 520 1248 ad
548 1212 775 1249 servitutem
804 1212 1078 1256 intrinsecam,
1110 1212 1165 1248 sic
1185 1211 1243 1248 di-

208 1284 298 1311 cens
320 1286 328 1309 z
352 1276 398 1310 Et
419 1274 639 1320 custodiam,
663 1274 810 1311 scilicet
830 1276 1022 1322 quantum
1049 1274 1101 1310 ad
1129 1274 1242 1322 spiri-

208 1336 353 1372 tualem
375 1336 606 1373 custodiam.
630 1339 672 1373 Et
690 1338 784 1373 nota
799 1364 809 1380 ‚
832 1336 943 1384 quod
962 1347 1164 1373 sermones
1184 1336 1243 1373 di-

208 1398 320 1434 vinos
340 1398 530 1434 debemus
560 1398 755 1435 custodire
776 1398 1056 1445 intelligendo,
1079 1398 1242 1445 diligen-

209 1460 284 1506 do,
309 1460 549 1497 obediendo.
570 1461 697 1496 Prima
714 1460 892 1497 custodia
910 1460 957 1496 sit
976 1461 1016 1496 in
1035 1463 1144 1508 parte
1162 1462 1243 1498 ani-

208 1522 554 1568 maeintcllectivze3
571 1523 758 1568 secunda,
780 1522 818 1558 in
834 1522 1036 1567 affectiva3
1057 1523 1180 1568 tertia,
1201 1524 1241 1560 in

208 1584 399 1620 effectiva.
421 1586 471 1620 De
491 1584 620 1630 prima
640 1585 652 1605 ⁵
671 1596 679 1620 :
707 1584 832 1628 «Quis
853 1584 1031 1631 sapiens,
1054 1588 1090 1621 et
1110 1587 1240 1621 custo-

207 1645 286 1682 diet
308 1645 413 1691 haec,
437 1649 472 1682 et
493 1646 682 1692 intelliget
701 1645 992 1682 misericordias
1013 1646 1198 1682 Domini?
1219 1659 1237 1681 »

206 1711 299 1745 Ecce
321 1708 498 1745 custodia
518 1708 774 1745 intellectivae.
798 1711 848 1745 be
869 1709 1044 1745 secunda
1061 1709 1098 1744 ⁶:
1121 1722 1138 1744 «
1152 1711 1241 1746 Cus-

204 1771 345 1808 todivit
363 1771 495 1807 anima
512 1781 602 1807 mea
624 1771 844 1808 testimonia
867 1774 933 1807 tua
947 1800 957 1817 ,
982 1774 1018 1808 et
1037 1771 1175 1808 dilexit
1194 1782 1241 1808 ea

203 1833 455 1870 vehementer
477 1847 484 1870 :
506 1847 524 1868 »
549 1844 637 1870 ecce
659 1833 835 1870 custodia
866 1833 1066 1870 affectivae.
1096 1836 1148 1870 De
1169 1837 1241 1870 ter-

208 1895 261 1931 tia
275 1897 288 1918 ⁷
307 1907 315 1931 :
344 1908 361 1929 «
381 1896 528 1932 Etenim
550 1907 686 1932 servus
706 1899 794 1932 tuus
815 1895 986 1933 custodit
1005 1907 1073 1942 ea,
1094 1896 1135 1932 in
1159 1907 1240 1933 cus-

205 1958 401 1995 todiendis
420 1958 497 1994 illis
517 1958 721 1995 retributio
741 1958 865 1994 multa
883 1971 891 1994 ;
912 1972 930 1993 »
948 1969 1035 1995 ecce
1060 1959 1241 1997 custodia

205 2020 405 2056 effectivae.
428 2020 601 2067 Denique
615 2047 626 2065 ,
656 2023 868 2067 postquam
889 2021 1068 2067 promisit
1087 2021 1240 2058 bonum

205 2082 453 2119 meritorium
472 2082 659 2129 primum,
682 2082 826 2118 scilicet
845 2082 1070 2120 interiorem
1092 2094 1238 2120 sermo-

206 2155 303 2181 num
324 2144 564 2190 custodiam,
585 2146 826 2191 spectantem
847 2144 898 2181 ad
928 2145 1153 2182 servitutem
1181 2146 1240 2182 in-

204 2206 439 2252 trinsecam,
460 2207 686 2254 promittere
717 2206 874 2243 videtur
903 2207 1146 2253 secundum,
1177 2208 1238 2244 vi-

206 2269 347 2306 delicet
383 2279 610 2305 sermonum
645 2269 886 2305 audientiam
909 2297 920 2315 ,
960 2269 1239 2317 respicientem

205 2331 431 2368 servitutem
452 2331 709 2368 extrinsecam
724 2359 734 2377 ,
757 2331 812 2368 sic
832 2331 1002 2368 dicendo
1026 2344 1035 2368 :

527 2419 715 2470 Articulus
741 2439 906 2480 quartus.

253 2518 432 2553 Sermones
453 2519 530 2553 tuos
546 2545 557 2562 ,
577 2516 723 2552 scilicet
742 2527 842 2564 quos
863 2517 1039 2554 audiam.
1059 2519 1102 2554 Et
1120 2521 1236 2564 nota,

206 2579 315 2628 quod
335 2589 535 2615 sermones
568 2578 720 2615 Domini
755 2579 922 2616 libenter
951 2579 1088 2617 audire
1121 2580 1238 2618 debe-

205 2653 292 2678 mus
325 2644 484 2689 propter
517 2644 593 2678 tres
627 2642 817 2689 speciales
848 2643 1037 2680 cssectus:
1072 2647 1114 2681 ut
1144 2648 1236 2692 pote

205 2704 297 2751 quia
315 2707 454 2741 sanant
474 2732 486 2748 ,
511 2704 592 2740 vim
613 2704 758 2741 scilicet
788 2705 1162 2754 concupiscibilem3
1190 2708 1236 2744 il-

203 2766 422 2812 luminant,
455 2766 535 2802 vim
569 2766 714 2803 scilicet
754 2767 1011 2814 rationalem;
1052 2773 1234 2818 armant,

205 2829 284 2865 vim
311 2828 457 2865 scilicet
483 2828 734 2865 irascibilem.
774 2831 824 2865 De
850 2830 978 2877 primo
997 2831 1040 2867 ⁸:
1067 2834 1236 2880 «Neque

203 2891 326 2927 herba
342 2919 352 2936 ,
372 2901 501 2938 neque
522 2891 722 2937 malagma
742 2891 894 2928 sanavit
913 2891 1021 2939 illos;
1044 2893 1114 2930 sed
1132 2897 1234 2941 tuus,

205 2953 381 2998 Domine,
413 2963 563 2998 sermo,
595 2953 663 3001 qui
685 2957 796 2990 sanat
818 2954 953 2991 omnia
975 2967 984 2991 :
1005 2969 1022 2989 n
1047 2966 1137 2994 ecce
1157 2968 1236 2994 ser-

204 3025 365 3051 monem
381 3017 598 3051 sanantem.
622 3017 671 3051 De
689 3015 865 3053 secundo
881 3016 975 3053 dicit
989 3018 1183 3066 Propheta
1197 3021 1233 3055 ⁹:

209 3090 226 3110 u
249 3076 462 3112 Declaratio
500 3087 729 3113 sermonum
765 3080 923 3114 tuorum
958 3078 1155 3117 illuminat
1183 3093 1231 3117 :n

2273 258 2342 295 341

1748 387 1917 427 Epilogus.

1364 465 1457 502 Dicit
1473 476 1569 513 ergo
1589 468 1782 515 Propheta
1800 479 1848 504 ex
1867 469 1940 504 viri
1958 469 2049 515 justi
2069 480 2260 517 persona,
2283 481 2349 506 ex-

1314 527 1490 572 primens
1519 528 1736 566 affectionis
1776 530 1972 566 fervorem
2009 541 2101 577 erga
2136 543 2348 578 supernam

1315 588 1613 627 delectationem
1637 604 1644 627 :
1666 593 1832 628 Retribue
1852 602 1950 628 servo
1981 595 2060 634 tuo,
2084 593 2228 629 scilicet
2249 594 2348 629 inte-

1314 649 1459 686 riorem
1495 651 1780 690 beatitudinem
1812 653 1864 690 ad
1893 653 2034 690 stolam
2063 654 2204 690 animae
2236 655 2350 702 perti-

1314 715 1492 759 nentem;
1518 716 1669 760 Vivz'fica
1689 727 1762 760 me,
1781 718 1973 763 quantum
1990 716 2041 752 ad
2061 716 2345 753 beatitudinem

1315 775 1550 812 exteriorem
1566 776 1617 812 ad
1637 778 1778 813 stolam
1799 778 1974 825 corporis
1994 778 2238 822 attinentem,
2259 789 2348 814 ecce

1315 837 1423 874 bona
1439 838 1711 885 retributoria,
1734 851 1823 887 quae
1843 840 2046 887 promittit.
2069 841 2250 887 Sequitur
2271 853 2279 876 z
2303 842 2349 876 Et

1313 901 1511 936 custodiam
1527 929 1538 947 ,
1580 901 1763 938 videlicet
1801 904 1992 949 quantum
2030 902 2080 938 ad
2118 902 2344 939 interiorem

1315 962 1562 1008 custodiam,
1577 974 1664 1010 quae
1684 966 1831 1011 spectat
1851 965 1902 1000 ad
1923 964 2150 1001 servitutem
2170 964 2347 1000 intrinse-

1316 1034 1428 1070 cam,
1449 1026 1629 1062 Sermones
1650 1029 1726 1061 tuos
1743 1054 1753 1071 ,
1774 1026 1943 1070 scilicet,
1973 1037 2074 1074 quos
2095 1026 2256 1062 audiam
2279 1037 2349 1073 per

1315 1086 1550 1124 exteriorem
1586 1088 1854 1135 audientiam,
1885 1099 1973 1136 quae
2001 1089 2159 1137 respicit
2185 1088 2348 1125 servitu-

1314 1150 1394 1185 tem
1425 1149 1710 1187 extrinsecam:
1747 1161 1836 1188 ecce
1865 1151 1974 1188 bona
2006 1151 2231 1197 meritoria,
2263 1162 2350 1198 quae

1315 1210 1517 1257 promittit.

1688 1306 1911 1334 VERSICULUS
1937 1307 1976 1333 11.

1366 1401 1421 1435 18.
1438 1400 1564 1436 Revela
1581 1402 1697 1436 oculos
1710 1411 1821 1442 meos,
1844 1403 2064 1437 etc.versus
2082 1402 2351 1449 praeambulus

1314 1462 1566 1509 praeostendit
1593 1462 1788 1499 fervorem
1817 1463 2035 1499 affectionis
2073 1467 2252 1511 respectu
2283 1476 2351 1501 su-

1313 1534 1444 1571 pernae
1459 1524 1750 1570 delectationis;
1772 1535 1909 1561 versus
1924 1525 1993 1561 iste
2008 1525 2206 1562 insinuare
2227 1526 2350 1562 inten-

1316 1585 1371 1621 dit
1388 1585 1586 1622 fervorem
1604 1586 1725 1633 ipsius
1746 1586 1965 1623 affectionis
1985 1590 2164 1634 respectu
2191 1588 2351 1624 internae

1314 1647 1626 1684 illuminationis.
1642 1650 1683 1684 ln
1702 1659 1782 1695 quo
1801 1651 1938 1684 notare
1953 1659 2165 1696 possumus
2180 1652 2351 1697 quatuor

1314 1710 1461 1756 gradus
1481 1710 1760 1758 speculationis
1784 1723 1791 1747 :
1817 1713 1953 1756 utputa
1973 1711 2198 1757 lectionem,
2221 1712 2349 1748 admi-

1313 1773 1531 1818 rationem,
1583 1773 1956 1820 investigationem,
2005 1774 2350 1812 illuminationem.

1314 1835 1441 1872 Lectio
1470 1836 1640 1882 pertinet
1660 1835 1711 1872 ad
1735 1836 1950 1883 Scripturas
1967 1849 1976 1882 3
1999 1836 2209 1873 admiratio
2231 1838 2282 1874 ad
2304 1838 2349 1874 fi-

1315 1899 1451 1944 guras'3
1473 1898 1720 1944 investigatio
1742 1898 1794 1934 ad
1812 1899 1997 1946 mysticas
2017 1901 2240 1946 operturas3
2262 1899 2350 1936 illu-

1315 1960 1476 1997 minatio
1495 1960 1547 1997 ad
1561 1961 1753 1997 theoricas
1772 1963 1988 2008 aperturas.
2012 1963 2107 1997 Cum
2129 1962 2233 1997 enim
2254 1961 2350 2008 legi-

1314 2034 1403 2059 mns
1437 2023 1675 2070 Scripturas,
1709 2034 1799 2059 cum
1830 2023 2022 2059 miramur
2059 2023 2348 2070 scripturarum

1314 2084 1487 2131 figuras,
1509 2096 1599 2121 cum
1628 2086 1874 2129 scrutamur',
1909 2087 1945 2120 et
1975 2084 2127 2121 nudare
2159 2096 2350 2121 conamur

1314 2147 1533 2193 figurarum
1567 2146 1751 2194 mysticas
1784 2149 2012 2193 operturas3
2040 2149 2203 2194 apparet
2233 2147 2347 2184 nobis

1314 2209 1422 2246 nuda
1440 2209 1583 2245 veritas
1602 2220 1673 2256 per
1700 2209 1894 2257 quasdam
1914 2209 2106 2246 theoricas
2129 2213 2346 2256 aperturas.

1314 2273 1528 2318 Caeterum,
1550 2272 1644 2318 quia
1676 2271 1895 2308 secundum
1931 2272 2204 2319 appetibilium
2241 2273 2347 2308 ordi-

1313 2344 1406 2371 nem
1425 2334 1644 2382 posteriora
1662 2334 1771 2381 prius
1791 2336 1977 2379 movent,
2000 2336 2037 2370 et
2055 2334 2146 2370 ideo
2173 2335 2346 2381 priorem

1312 2396 1447 2433 locum
1478 2396 1680 2442 obtinent;
1710 2398 1920 2444 propterea
1950 2397 2144 2444 Propheta
2179 2407 2348 2444 sequens

1314 2459 1588 2506 appetibilium
1626 2459 1807 2496 ordinem
1826 2487 1838 2504 ,
1877 2459 2056 2507 procedit
2090 2459 2131 2495 in
2168 2461 2347 2506 praesenti

1312 2521 1507 2557 versiculo
1523 2521 1661 2557 ordine
1675 2521 1907 2567 retrogrado
1921 2534 1931 2567 3
1947 2521 1985 2556 in
2001 2521 2138 2568 primis
2156 2521 2346 2557 ordinans

1313 2583 1656 2628 illuminationem,
1686 2582 1829 2618 deinde
1855 2582 2194 2627 investigationem
2212 2611 2222 2628 ,
2257 2588 2346 2630 post

1313 2645 1635 2689 admirationem,
1667 2647 1703 2680 et
1721 2643 1812 2680 inde
1832 2643 2052 2680 lectionem.
2091 2647 2166 2680 Nos
2186 2648 2340 2693 autem,

1312 2707 1462 2744 ratione
1498 2707 1714 2752 doctrinae,
1755 2716 1947 2742 converso
1979 2706 2243 2753 procedemus
2277 2718 2341 2743 or-

1313 2769 1416 2806 dine.

1647 2817 1834 2852 Articulus
1858 2819 2009 2862 primus.

1362 2897 1411 2931 De
1447 2896 1520 2940 que
1555 2898 1633 2930 tua.
1657 2894 1736 2930 Hoc
1757 2892 1899 2929 dicitur
1921 2895 2113 2940 quantum
2134 2893 2185 2929 ad
2215 2897 2346 2930 actum

1312 2956 1515 3001 lectionis,
1552 2967 1640 3003 quae
1675 2955 1784 3002 prior
1818 2957 1873 2992 est
1908 2955 2127 2992 secundum
2163 2955 2344 2992 ordinem

1312 3017 1615 3068 speculationis,
1643 3017 1733 3054 licet
1759 3016 1953 3064 posterior
1981 3018 2202 3054 seeundum
2232 3018 2346 3053 affec-

1313 3081 1440 3119 tionis.
1472 3080 1589 3117 Plane
1615 3079 1679 3116 lex
1713 3090 1737 3115 a
1759 3079 1928 3125 legendo
1954 3079 2114 3124 dicitur3
2144 3079 2249 3115 unde
2277 3089 2346 3125 per

2410 1662 2514 1696 Specu-

2384 1704 2502 1730 lationis

2391 1746 2500 1779 gradus

2373 1790 2512 1822 quatuor.

2403 3090 2471 3115 Lex.

205 3148 291 3174 ecce
306 3148 529 3174 sermonem
542 3138 844 3175 illuminantem.
860 3142 910 3176 De
926 3141 1038 3178 tertio
1057 3142 1084 3165 ¹⁰
1102 3155 1142 3179 :a
1156 3143 1237 3181 Sin-
2402 3141 2507 3175 lulego

206 3200 320 3247 gulos
340 3200 499 3236 illorum
519 3201 686 3237 armavit
720 3211 801 3237 non
831 3201 985 3249 clypei,
1017 3207 1083 3240 aut
1115 3205 1235 3243 hastae

204 3262 433 3308 munitione,
455 3263 523 3299 sed
544 3263 794 3300 sermonibus
815 3264 1028 3312 optimis3»
1052 3276 1142 3304 ecce
1161 3278 1236 3305 ser-

205 3335 363 3361 monem
385 3327 616 3362 armantem.

1311 3144 1440 3191 legem
1478 3142 1592 3180 lectio
1635 3141 1813 3178 denotari
1860 3141 2114 3188 dignoscitur.
2156 3144 2197 3176 Et
2228 3143 2343 3186 nota,

1313 3205 1423 3253 quod
1452 3205 1492 3241 in
1518 3204 1592 3240 hae
1617 3203 1706 3249 lege
1735 3203 1928 3239 debemus
1954 3203 2084 3248 legere
2115 3201 2314 3249 tripliciter
2334 3230 2344 3247 ,
2365 3190 2507 3258 ᾶῖιῖἒῖεᾞ,

1312 3267 1496 3304 videlicet
1521 3266 1751 3314 prudenter,
1786 3266 2031 3313 frequenter,
2064 3269 2269 3313 patenter:
2304 3268 2347 3302 ut
2364 3264 2447 3291 dum.

1313 3329 1528 3366 intellectus
1547 3328 1762 3373 imbuatur,
1779 3328 1939 3364 affectus
1964 3330 2181 3373 moveatur,
2208 3328 2344 3374 proxi-

250 3423 260 3443 ι
719 3425 724 3431 .
1313 3402 1401 3429 mus
1420 3379 1718 3428 instruatur.'1)e
1737 3390 1867 3437 primo
1882 3390 1906 3413 ¹¹
1927 3402 1935 3425 :
1957 3392 2173 3436 «Legerunt
2186 3389 2226 3425 in
2241 3390 2344 3427 libro

291 3423 400 3465 Joan„
430 3431 460 3462 V,
490 3427 542 3457 21.
569 3442 610 3447 -
634 3425 647 3445 ²
680 3425 761 3457 ibid.
791 3444 833 3451 ·--
860 3425 872 3444 ³
897 3426 1006 3466 Joan„
1035 3433 1087 3467 Vi,
1119 3429 1170 3460 63.
1197 3446 1237 3452 -

210 3469 219 3486 ⁴
247 3469 255 3500 1
281 3470 371 3510 Cor„
395 3478 453 3508 xv,
479 3473 530 3504 44.
552 3490 593 3496 —
619 3473 634 3494 ⁸
652 3472 744 3504 Psal.
770 3479 838 3513 ενι,
867 3473 917 3504 ⁴3.
949 3489 984 3496 -
1013 3473 1025 3491 ⁸
1046 3473 1139 3506 Psal.
1156 3475 1236 3517 hoc,

211 3517 281 3546 1⁴37.
298 3534 335 3538 —
355 3518 368 3539 7
386 3518 474 3549 Paul.
496 3526 601 3558 xviii,
623 3521 672 3552 12.
690 3537 730 3543 -
748 3521 758 3537 ⁸
775 3520 867 3560 Sap„
888 3527 962 3559 xvi,
990 3522 1035 3552 2‘3.
1061 3539 1092 3544 -—
1115 3523 1127 3540 ⁹
1146 3523 1235 3554 Psal.

1311 3475 1398 3515 hoc,
1433 3476 1503 3507 ¹30.
1533 3491 1567 3497 -
1604 3473 1628 3495 '⁰
1662 3472 1686 3502 ΙΙ
1719 3472 1838 3511 Macte..
1866 3480 1924 3512 XV,
1960 3474 2009 3503 11.
2047 3489 2087 3495 -
2119 3472 2141 3494 ¹¹
2176 3472 2200 3504 11
2233 3473 2342 3512 Enim,

1313 3531 1388 3564 viii,
1410 3525 1440 3555 8.
