2633 3878
1103 179 1342 223 PSALMUS
1374 181 1544 224 CXVIII.

256 271 351 309 tiam
381 272 432 309 ab
467 272 632 310 Herode.
663 273 714 308 De
745 271 920 308 secundo
942 271 951 292 ¹
975 284 983 306 :
1022 271 1159 307 «Cum
1187 272 1287 306 esset

255 333 359 370 tilius
378 334 469 380 Dei,
492 335 628 372 didicit
653 345 701 371 ex
720 334 780 371 his
794 361 806 379 ,
826 344 914 380 quae
933 343 1071 380 passus
1091 335 1169 378 est,
1191 331 1286 368 obe-

256 395 445 434 dientiam
463 409 471 433 :
494 410 510 431 »
528 408 615 433 ecce
637 395 812 432 discendi
831 394 1032 443 patientia.
1048 396 1098 430 De
1119 393 1230 430 tertio
1248 394 1259 413 ²
1276 404 1285 428 z

261 461 400 496 «Mens
425 470 514 496 mea
543 458 806 506 contemplata
834 459 891 494 est
920 457 1044 494 multa
1070 456 1286 504 sapienter,

257 523 293 558 et
313 521 432 558 didici
454 533 462 557 :
485 534 501 555 υ
528 531 616 557 cccc
638 519 815 556 discendi
834 519 1037 567 sapientia.

686 623 856 665 Epilogus.

305 705 357 740 Ex
377 701 437 738 his
467 701 677 739 clarescere
707 704 834 749 potest
861 701 1065 749 proposita
1087 711 1164 738 vox
1195 702 1288 737 Pro-

257 765 396 813 phetae,
415 764 541 801 vicem
561 764 730 811 gerentis
750 763 904 810 animae,
922 764 975 800 ad
995 774 1173 800 amorem
1191 762 1290 798 veri-

258 827 343 864 tatis
373 826 582 863 indicantis
610 828 804 873 provectae
827 837 835 862 :
864 826 917 863 ait
949 826 1055 862 enim
1086 825 1256 862 fideliter
1279 836 1287 860 :

257 891 387 927 Manus
418 894 509 935 tuae3
542 889 583 925 in
615 899 695 936 quo
728 887 1022 935 magnificentia
1053 887 1266 924 divinitatis
1277 900 1289 934 3

257 951 391 988 subdit
409 951 641 988 fiducialiter
662 962 670 986 :
692 952 861 987 Fecerunt
878 961 952 996 me,
970 954 1001 986 et
1022 952 1290 997 plasmaverunt

256 1025 346 1058 me5
385 1014 425 1049 in
470 1024 552 1061 quo
601 1007 808 1049 efficientia
852 1012 1121 1049 humanitatis,
1174 1012 1292 1050 Addit

257 1076 456 1113 humiliter
479 1089 486 1113 :
504 1079 558 1113 Du
579 1077 669 1112 milti
690 1077 937 1120 intellectum3
958 1076 998 1113 in
1019 1088 1099 1124 quo
1121 1076 1292 1113 influen-

258 1139 311 1176 tia
344 1138 514 1176 veritatis
532 1151 542 1185 ;
581 1137 813 1185 superaddit
843 1138 990 1175 utiliter
1029 1151 1036 1175 :
1083 1140 1125 1175 [fc
1157 1140 1294 1175 discum

258 1201 429 1237 mandata
466 1206 557 1248 tua3
597 1200 637 1237 in
678 1212 758 1248 quo
795 1200 992 1238 evidentia
1029 1201 1291 1249 imperatoriae

258 1263 481 1301 voluntatis.

634 1362 858 1391 VERSICULUS
884 1365 921 1390 X.

306 1456 364 1491 74.
388 1453 458 1497 Qui
479 1455 604 1490 liment
633 1457 681 1498 te,
708 1453 878 1490 videbunt
898 1464 963 1496 me,
994 1454 1066 1490 etc.
1099 1453 1295 1490 Praecessit

259 1527 372 1554 amor
385 1516 555 1553 veritatis
575 1516 800 1564 indicantis,
820 1519 856 1553 et
875 1516 1049 1553 succedit
1064 1527 1177 1553 amor
1196 1517 1294 1553 veri-

258 1580 344 1616 tat1s
376 1578 632 1625 laetificantis,
654 1590 776 1626 quam
807 1579 994 1615 describit
1024 1590 1158 1615 versus
1184 1579 1293 1616 istius

258 1641 497 1679 continentia
529 1640 876 1689 quadrimembris.
896 1641 1062 1688 Cupiens
1081 1641 1186 1678 enim
1205 1642 1294 1678 illu-

257 1703 400 1740 minari
420 1703 613 1750 Propheta
628 1731 638 1749 ,
658 1703 992 1740 illuminationem
1018 1704 1190 1751 pOstulat
1224 1715 1295 1752 per

257 1766 340 1803 haee
370 1766 495 1803 verba
517 1778 525 1802 :
553 1767 623 1810 Qui
643 1769 789 1812 timent,
823 1770 893 1804 etc.
908 1794 920 1812 ,
947 1770 1137 1814 tanquam
1160 1770 1294 1814 aperte

259 1828 422 1865 dicens:
457 1828 654 1875 Populum
685 1828 956 1874 diffidentem,
985 1840 1049 1865 me
1078 1829 1294 1874 videntem,

260 1891 377 1928 facies
398 1891 650 1935 arridentem,
673 1901 764 1927 cum
789 1891 1074 1927 illuminaveris
1099 1891 1295 1928 famulum

260 1953 526 1990 confidentem
540 1980 551 1998 ,
575 1955 611 1988 et
638 1952 693 1988 sic
709 1963 781 2000 per
799 1963 987 1999 pavorem
1009 1953 1295 2001 concipientem

259 2018 483 2064 stuporem,
513 2018 550 2051 et
581 2014 798 2062 parientem
827 2016 1030 2061 savorem,
1069 2015 1295 2053 introduces

259 2089 438 2115 amorem
461 2090 468 2114 z
505 2077 696 2125 quoniam
727 2077 768 2113 in
792 2076 994 2114 diffidente
1015 2089 1154 2125 pavor,
1175 2078 1215 2114 in
1236 2080 1294 2115 vi-

260 2141 375 2177 dente
397 2143 556 2188 stupor,
577 2140 617 2176 in
639 2139 834 2177 arridente
855 2139 986 2187 favor,
1009 2140 1050 2177 in
1071 2140 1294 2178 confidente

260 2213 386 2240 amor.

596 2251 779 2286 Arcfculus
801 2252 952 2297 primus.

305 2329 500 2373 Quantum
529 2328 582 2365 ad
613 2328 809 2376 primum,
845 2329 1039 2376 Propheta
1076 2328 1256 2376 praedixit
1282 2341 1290 2366 :

260 2392 331 2436 Qui
349 2394 475 2428 timent
496 2397 542 2437 te,
564 2394 599 2427 et
618 2391 709 2427 idco
731 2391 916 2428 diffidunt
932 2391 980 2427 de
997 2393 1044 2437 te,
1067 2393 1162 2439 quia
1177 2392 1295 2429 timor

261 2455 317 2490 est
350 2463 468 2490 causa
506 2452 747 2490 diffidentiae.
784 2453 860 2489 Sed
892 2455 1000 2499 nota,
1038 2452 1149 2500 quod
1181 2453 1295 2490 multi

261 2515 397 2553 timent
422 2514 656 2552 multifarie:
680 2514 845 2562 quidam
870 2525 1043 2562 namque
1063 2515 1201 2552 timent
1219 2526 1293 2552 vo-

261 2578 428 2615 luntarie
440 2605 452 2624 ,
473 2578 571 2614 sicut
588 2577 704 2625 probi
721 2590 731 2623 ;
753 2577 920 2625 quidam
941 2578 1179 2624 necessarie,
1198 2579 1296 2615 sicut

260 2639 448 2688 reprobi3
487 2639 652 2687 quidam
690 2639 909 2686 temerarie,
949 2639 1048 2677 sicut
1086 2640 1200 2688 pigri.
1242 2642 1294 2677 De

262 2702 400 2740 timore
425 2702 554 2751 primo
576 2703 589 2725 ³
617 2714 625 2739 :
653 2717 670 2736 «
697 2702 888 2749 Obsecro,
910 2703 1095 2749 Domine,
1116 2703 1164 2740 sit
1191 2703 1295 2741 auris

261 2768 328 2802 tua
347 2764 552 2803 attendens
572 2764 624 2803 ad
645 2765 864 2802 orationem
884 2775 1091 2802 servorum
1112 2768 1269 2803 tuorum
1283 2795 1294 2813 ‚

261 2827 330 2875 qui
355 2827 495 2865 volunt
521 2827 655 2864 timere
687 2837 835 2864 nomen
855 2831 967 2864 tuum
989 2839 997 2864 :
1019 2840 1036 2862 »
1069 2838 1157 2865 ecce
1177 2828 1295 2866 timor

260 2889 520 2928 voluntarius.
539 2891 588 2926 De
603 2889 776 2927 secundo
790 2889 970 2928 scribitur
983 2889 1034 2927 ab
1049 2890 1236 2938 Apostolo
1254 2891 1266 2912 '⁴
1281 2902 1290 2928 :

266 2966 284 2987 ι(
302 2953 338 2990 Si
358 2952 511 2990 malum
530 2951 681 2998 feceris,
701 2952 795 2988 time
818 2964 826 2989 z
848 2963 931 2989 non
951 2952 1055 2989 enim
1075 2952 1157 2990 sine
1177 2963 1296 2992 causa

261 3014 440 3062 gladium
461 3017 592 3062 portat
614 3027 623 3051 2
651 3028 668 3050 n
702 3025 790 3052 cccc
821 3014 939 3052 timor
960 3015 1216 3052 necessarius.
1242 3017 1294 3054 De

262 3078 374 3116 tertio
395 3088 530 3116 servus
545 3078 657 3126 piger
678 3079 731 3116 ait
748 3079 914 3116 Domino
936 3079 948 3101 ⁵
969 3090 979 3115 :
1005 3092 1023 3114 «
1040 3079 1179 3127 Timui,
1201 3081 1295 3129 quia

260 3141 383 3179 homo
413 3143 590 3179 austerus
616 3151 675 3188 es,
696 3155 714 3176 »
747 3143 819 3178 etc.
844 3153 853 3178 :
876 3151 965 3178 ecce
995 3141 1112 3180 timor
1130 3145 1295 3182 temera-

261 3204 355 3242 rius.
387 3204 518 3241 Timor
547 3202 699 3252 primus
734 3214 816 3240 nou
847 3207 981 3242 causat
1011 3204 1293 3251 diffidentiam:

261 3266 331 3304 sed
349 3266 569 3312 secundus,
592 3269 629 3304 et
648 3267 795 3304 tertius.

306 3368 313 3385 ¹
334 3365 447 3406 Hebr„
468 3375 502 3407 v,
526 3366 560 3398 8.
578 3382 618 3389 —
635 3365 646 3384 ²
661 3364 786 3407 Eccle„
805 3373 832 3406 1,
855 3366 961 3398 16.--
980 3365 1034 3398 ³11
1059 3366 1176 3407 Esdr.,
1199 3375 1221 3408 ι,
1244 3371 1293 3401 Η.

262 3430 303 3437 -
320 3413 332 3432 ⁴
351 3414 453 3454 Rom„
481 3421 567 3455 xlii,
589 3415 618 3446 li.
640 3431 680 3437 —
700 3413 711 3432 ⁵
734 3413 826 3454 Luc.‚
852 3421 932 3453 xix,
949 3415 1000 3446 21.
1022 3431 1060 3438 —
1081 3415 1094 3436 ⁶
1120 3415 1224 3455 Rom„
1247 3422 1294 3458 xi,

262 3462 311 3494 22.
342 3479 382 3485 —
410 3461 420 3481 ⁷
448 3461 531 3494 ibid.
565 3479 600 3485 —
629 3463 639 3481 ⁸
666 3462 676 3493 l
702 3462 811 3503 Joan„
844 3469 906 3503 ιιι,
942 3465 970 3493 ι.
1005 3479 1039 3486 -
1065 3462 1079 3484 ⁹
1105 3462 1193 3496 Psal.
1225 3471 1293 3505 cvi,

2314 196 2391 234 413

1682 315 1870 354 Artemius
1889 318 2074 355 secundus.

1412 397 1607 440 Quantum
1634 397 1686 434 ad
1717 399 1960 445 secundum,
1980 400 2189 448 adjunxit:
2216 403 2395 440 Videbunt

1363 468 1437 504 me,
1472 460 1509 494 et
1537 458 1685 496 idcirco
1714 461 1927 508 stupebunt
1954 473 2072 510 super
2094 474 2178 509 me,
2198 475 2270 511 pro
2298 465 2393 502 novi

1363 518 1524 555 luminis
1552 519 1721 566 visione,
1755 523 1867 569 quasi
1889 533 1962 570 pro
1982 524 2072 560 caeci
2092 524 2390 565 illuminatione.

1364 583 1406 618 Et
1434 585 1542 628 nota,
1573 583 1683 630 quod
1713 584 1830 621 vicini
1866 584 2012 621 debent
2037 585 2078 621 in
2115 587 2232 624 nobis
2259 588 2393 626 videre

1364 642 1541 681 divinam
1561 646 1819 691 severitatem,
1839 646 2072 693 bonitatem,
2094 650 2131 685 et
2151 649 2394 698 charitatem,

1365 708 1557 752 quantum
1578 707 1629 743 ad
1647 708 2016 755 transgredientium
2038 711 2246 757 cautelam,
2266 723 2395 759 regre-

1367 767 1555 804 dientium
1575 769 1772 806 medelam
1785 800 1794 816 ,
1817 772 2155 818 progredientium
2174 773 2397 815 suadelam.

1366 828 1417 864 De
1449 827 1578 874 primo
1599 829 1643 865 ⁶:
1678 843 1697 864 α
1724 829 1820 867 Vide
1852 831 1891 867 in
1924 843 2018 878 eos,
2047 832 2116 880 qui
2146 833 2394 881 ceciderunt,

1365 889 1612 927 severitatem
1637 903 1646 927 :
1680 905 1697 926 »
1734 902 1822 929 ecce
1847 893 1945 930 visio
1976 895 2190 932 severitatis
2217 899 2396 944 respectu

1364 953 1750 999 transgredientium.
1781 957 1833 993 De
1859 957 2034 995 secundo
2054 959 2067 981 ⁷
2101 970 2109 995 :
2137 971 2155 993 «
2185 960 2281 997 Vide
2301 961 2342 998 in
2362 963 2397 998 te

1366 1013 1585 1052 bonitatem
1614 1017 1700 1062 Dei,
1724 1018 1755 1054 si
1777 1020 2040 1066 permanseris
2067 1021 2107 1057 in
2135 1021 2310 1059 bonitate
2340 1033 2349 1059 :
2377 1036 2394 1058 n

1366 1086 1455 1114 ecce
1491 1077 1591 1115 visio
1636 1079 1822 1117 bonilatis
1861 1085 2040 1130 respectu
2076 1084 2397 1131 regredientium.

1367 1139 1418 1175 De
1441 1140 1552 1177 tertio
1571 1138 1584 1160 ⁸
1608 1153 1617 1178 ε
1644 1154 1662 1175 (ι
1681 1142 1836 1188 Videte,
1863 1144 2023 1191 qualem
2043 1145 2269 1183 charitatem
2291 1147 2401 1185 dedit

1366 1201 1484 1238 nobis
1513 1204 1613 1239 Deus
1643 1205 1771 1251 Pater,
1803 1208 1846 1242 ut
1872 1205 1943 1242 filii
1973 1207 2039 1244 Dei
2068 1209 2341 1255 nominemur,
2364 1213 2401 1248 et

1367 1264 1488 1300 simus
1510 1276 1519 1302 :
1540 1278 1560 1300 ι)
1589 1266 1753 1314 scilicet,
1775 1271 1817 1305 ut
1842 1268 1914 1305 filii
1933 1269 2031 1307 lucis
2045 1298 2055 1314 ,
2082 1271 2329 1309 ambulando
2350 1272 2399 1311 de

1366 1325 1475 1365 bono
1494 1327 1534 1364 in
1553 1329 1696 1366 melius
1723 1341 1732 1366 :
1759 1340 1848 1368 ecce
1876 1332 1974 1370 visto
2000 1333 2198 1372 charitatis
2222 1337 2400 1383 respectu

1367 1390 1719 1436 progredientium.

1701 1498 1890 1536 Articulus
1920 1502 2060 1538 tertius.

1415 1579 1611 1623 Quantum
1625 1580 1677 1617 ad
1690 1582 1859 1628 tertium,
1876 1585 2088 1621 annexuit:
2106 1587 2153 1621 Et
2167 1586 2399 1633 Iaetabuntur,

1368 1640 1465 1677 mihi
1483 1641 1716 1679 collaetando
1732 1642 1866 1681 favore
1880 1644 2091 1683 benevolo.
2112 1648 2273 1693 Etnota,
2293 1649 2402 1695 quod

1369 1702 1513 1739 diversi
1539 1703 1785 1742 collaetantur
1816 1706 1947 1753 alicui,
1974 1710 2011 1744 et
2030 1708 2243 1754 corridenl‚
2262 1720 2402 1747 secun-

1369 1765 1466 1804 dum
1486 1765 1642 1804 diversa
1661 1779 1748 1815 quae
1766 1769 1902 1807 vident
1922 1783 1930 1807 :
1958 1781 2050 1808 nam
2070 1772 2137 1809 alii
2159 1772 2404 1813 collaetantur

1368 1828 1578 1874 severitati,
1597 1829 1662 1866 alii
1682 1830 1863 1876 bonitati,
1879 1832 1945 1869 alii
1963 1833 2153 1871 charitati.
2176 1835 2280 1872 Recti
2295 1846 2405 1873 nam-

1368 1901 1446 1937 que
1483 1891 1662 1929 laetantur
1693 1904 1766 1940 pro
1803 1894 1888 1931 visa
1919 1896 2143 1944 severitate;
2183 1909 2401 1946 pauperes,

1368 1962 1441 2000 pro
1465 1952 1640 1990 bonitate
1654 1967 1664 2001 3
1679 1955 1888 2003 ferventes,
1904 1968 1976 2004 pro
1993 1957 2190 1996 charitate.
2209 1961 2259 1997 De
2273 1961 2402 2008 primo

1367 2024 1438 2060 pcr
1465 2015 1701 2062 prophetam
1721 2017 1898 2065 psallitur
1918 2020 1931 2040 ⁹
1952 2031 1960 2054 :
1987 2032 2005 2054 κ
2026 2020 2223 2058 Videbunt
2242 2021 2350 2068 recti,
2367 2026 2403 2059 et

1367 2075 1603 2114 laetabuntur
1619 2106 1628 2123 ,
1651 2093 1667 2111 »
1684 2090 1770 2116 ecce
1785 2080 1877 2117 recti
1893 2080 2129 2119 collaetantes
2150 2083 2240 2120 visae
2258 2085 2402 2121 severi-

1368 2138 1449 2174 tati.
1481 2141 1533 2175 De
1560 2141 1735 2178 secundo
1774 2153 1843 2189 per
1880 2143 2123 2181 psalmistam
2155 2145 2297 2183 dicitur
2330 2147 2357 2170 ¹⁰
2391 2159 2400 2184 :

1371 2200 1572 2238 «Videant
1591 2213 1808 2251 paupereS,
1836 2207 1873 2242 et
1903 2205 2079 2243 laetentur
2106 2219 2114 2244 :
2142 2221 2160 2242 »
2187 2218 2276 2245 ecce
2302 2219 2401 2256 pau-

1366 2273 1480 2310 peres
1501 2267 1538 2301 et
1561 2264 1732 2302 humiles
1761 2266 2000 2305 collaetantes
2027 2269 2115 2306 visae
2142 2269 2322 2308 bonitati.
2352 2273 2402 2309 De

1366 2327 1480 2364 tertio
1501 2328 1643 2366 dicitur
1663 2341 1686 2366 a
1708 2330 1873 2368 Domino
1896 2333 1922 2355 ¹¹
1945 2345 1954 2369 ε
1980 2346 1997 2367 α
2019 2337 2147 2371 Aaron
2178 2334 2296 2372 frater
2316 2338 2403 2372 tuus

1367 2389 1532 2435 Levites,
1572 2392 1668 2436 scio,
1697 2393 1809 2440 quod
1845 2394 2038 2442 eloquens
2067 2396 2116 2433 sit
2148 2409 2156 2433 :
2191 2407 2280 2434 ecce
2321 2398 2402 2445 ipse

1369 2452 1591 2497 egredietur
1622 2453 1662 2489 in
1689 2465 1897 2492 occursum
1929 2459 2059 2503 tuum3
2092 2458 2311 2506 vidensque
2346 2463 2403 2506 te,

1367 2511 1564 2551 laetabitur
1588 2515 1738 2552 corde:
1767 2530 1784 2550 ι)
1816 2528 1904 2553 ecce
1932 2519 2137 2565 quomodo
2166 2519 2305 2557 fervidi
2326 2521 2404 2558 col-

1368 2573 1546 2612 laetantur
1566 2576 1657 2617 visre
1672 2578 1915 2626 fraternitati,
1932 2591 2001 2617 seu
2020 2579 2199 2618 fraternie
2212 2582 2402 2621 charitati.

1700 2683 1890 2721 Articulus
1909 2689 2074 2732 quartus.

1415 2766 1612 2810 Quantum
1632 2766 1685 2803 ad
1705 2771 1904 2815 quartum,
1930 2769 2075 2816 adJ‘ecit
2096 2782 2104 2807 :
2128 2770 2223 2815 Quia
2241 2774 2280 2808 in
2299 2773 2402 2810 verba

1369 2832 1432 2864 tua
1455 2832 1708 2876 supersperavi
1733 2842 1745 2866 .·
1774 2842 1892 2879 super
1920 2843 2040 2880 quem
2069 2844 2199 2871 meam
2226 2835 2402 2873 radicavi

1367 2890 1571 2938 fiduciam,
1594 2895 1632 2929 et
1650 2893 1827 2931 fundavi.
1846 2897 1889 2932 Et
1903 2900 2010 2942 nota,
2026 2897 2137 2945 quod
2150 2909 2285 2936 secure
2300 2899 2403 2936 fidu-

1368 2953 1429 2991 cia
1448 2953 1635 2991 fundatur
1654 2954 1828 2994 humana
1849 2969 1968 3006 super
1987 2960 2111 2997 verba
2129 2960 2263 2999 divina
2271 2974 2282 3008 3
2304 2972 2401 3010 quo·

1368 3015 1475 3052 niam
1497 3015 1566 3053 illa
1582 3017 1704 3054 verba
1722 3029 1803 3056 non
1824 3024 1913 3057 sunt
1934 3021 2170 3068 seductoria,
2188 3033 2260 3060 nec
2282 3027 2402 3061 trans-

1368 3077 1504 3124 itoria,
1537 3079 1608 3116 sed
1648 3081 1943 3120 confirmatoria
1976 3095 1985 3120 ε
2020 3085 2114 3132 quia
2150 3096 2287 3123 revera
2318 3096 2401 3123 non

1368 3140 1561 3178 seducunt
1579 3169 1591 3188 ,
1632 3145 1822 3191 tanquam
1867 3155 1971 3182 vana
1991 3158 2002 3193 5
2043 3157 2124 3184 non
2168 3150 2368 3185 transeunt
2387 3176 2400 3194 ,

1368 3205 1559 3251 tanquam
1577 3204 1782 3242 mundana
1791 3218 1803 3252 ς
1835 3207 1904 3243 sed
1933 3208 2191 3257 confirmant,
2212 3211 2400 3258 tanquam

1368 3266 1706 3314 supermundana.
1730 3270 1780 3305 De
1810 3269 1939 3316 primo
1954 3270 2010 3307 12:
2037 3284 2054 3305 «
2084 3272 2205 3309 Nemo
2236 3282 2309 3310 vos
2338 3283 2399 3310 se-

1369 3328 1486 3366 ducat
1517 3329 1703 3367 inanibus
1736 3330 1917 3368 verbis.»
1949 3333 2014 3370 Hic
2038 3333 2270 3382 improbans
2297 3338 2401 3384 Apo-

1370 3417 1421 3450 42,
1449 3432 1488 3438 -
1517 3415 1542 3434 ¹·
1570 3414 1657 3447 Psal.
1698 3423 1826 3456 mviii,
1857 3417 1910 3449 33.
1939 3434 1980 3442 —-
2010 3419 2033 3442 ¹¹
2062 3419 2186 3460 Exod„
2217 3429 2267 3463 IV·
2298 3423 2329 3455 ⁶·
2360 3439 2400 3446 -

1372 3464 1394 3482 ¹²
1416 3462 1607 3504 Eplces.‚-V,
1629 3463 1660 3494 6-
