2633 3878
360 259 436 295 >tot

360 344 445 379 liter
470 343 505 376 et
530 337 779 376 notionaliter
805 347 813 371 :
837 346 1006 383 quoium
1033 334 1188 380 singula
1222 332 1383 378 siugulis

359 401 583 439 subnotavit
609 398 805 444 articulis,
827 397 909 434 sine
931 395 1158 444 praejudicio
1185 393 1383 430 sententiae

357 464 535 501 sanioris.

783 507 950 549 Epilogus.

401 585 459 621 Ait
478 593 571 630 ergo
597 581 789 628 Propheta
812 591 819 615 ε
843 581 1045 615 Ronzsslatem
1069 579 1188 620 fecisti
1200 604 1211 623 ,
1233 587 1381 624 praeno-

356 650 439 683 tans
465 644 636 682 sanitatis
662 642 862 683 habitum,
895 640 963 687 qui
996 639 1268 684 transmissus3
1295 639 1380 675 Cum

351 719 448 745 sert-o
471 712 549 753 tito,
571 706 786 742 subnotans
813 702 914 739 servi
947 701 1127 749 spiritum
1153 729 1164 747 ,
1186 701 1226 737 in
1260 711 1379 748 quem

350 769 623 813 transmissu53
654 768 822 811 Domine,
857 766 1050 801 annotans
1079 763 1320 810 ingenitum,
1356 772 1379 798 a

350 844 430 881 quo
452 830 722 875 transmissus3
755 828 954 865 Secundum
981 828 1122 863 verbum
1153 831 1278 871 tuum,
1307 824 1376 861 de-

349 898 488 932 notans
509 892 754 939 Unigenitum
769 918 780 937 ,
800 901 872 938 per
891 900 1010 937 quem
1029 888 1291 925 transmissus.

709 1022 926 1051 VBRSICULUS
951 1022 991 1047 11.

383 1117 441 1153 136.
455 1117 545 1151 Boni
549 1116 654 1149 tatem
665 1116 696 1148 et
706 1111 952 1158 disciplinam,
963 1107 1287 1146 etc.Curati0nem
1297 1105 1375 1142 vir-

348 1178 436 1215 tutis
455 1174 747 1224 apprclicnsivae
767 1172 939 1209 vidimus
960 1171 1000 1207 in
1019 1169 1213 1207 versiculo
1233 1178 1375 1216 praece-

347 1242 460 1276 dente
477 1252 486 1283 3
509 1237 751 1274 curationem
773 1235 993 1283 appetitivte
1011 1233 1144 1270 videre
1164 1242 1375 1280 possumus

346 1303 384 1337 in
404 1300 594 1348 praescnti.
618 1299 736 1346 Hujus
757 1297 967 1334 curationis
1002 1298 1057 1333 est
1092 1295 1230 1332 efficax
1260 1304 1374 1340 argu—

344 1367 537 1408 mentum,
566 1361 677 1409 quod
707 1359 902 1397 redificare
934 1358 1082 1406 appetit
1111 1367 1276 1402 aurum,
1313 1365 1374 1392 ar-

345 1427 526 1472 gentum,
549 1427 585 1460 et
604 1422 779 1470 lapidem
798 1421 1013 1470 pretiosum
1036 1429 1152 1467 super
1171 1418 1265 1455 fidei
1284 1416 1372 1453 fun-

344 1487 586 1524 damentum.
615 1487 711 1522 Nam
731 1484 906 1532 profecto
926 1482 1082 1519 bonitas
1107 1491 1228 1526 auro,
1262 1479 1375 1516 disci-

342 1550 451 1596 plina
470 1551 630 1595 argento
644 1576 654 1594 ,
677 1546 836 1583 scicntia
856 1544 976 1592 lapidi
1004 1543 1175 1592 pretioso
1193 1571 1200 1587 ,
1233 1540 1372 1579 credu-

341 1611 429 1648 litas
449 1610 629 1657 congruit
649 1608 923 1646 fundamento.

670 1703 862 1738 Articulus
882 1702 1037 1746 primus.

388 1790 558 1827 Primum
579 1786 742 1835 quidem
762 1783 992 1828 insinuavit,
1011 1792 1101 1818 cum
1123 1782 1174 1818 ait
1193 1794 1200 1817 :
1224 1783 1371 1817 Bonita-

341 1859 423 1897 tem,
439 1851 479 1887 id
500 1854 568 1896 est,
589 1850 739 1886 bonam
758 1846 899 1884 mentis
920 1844 1149 1893 qualitatem
1167 1857 1174 1880 :
1196 1847 1282 1879 Doce
1302 1854 1372 1887 me,

342 1925 420 1950 non
443 1913 631 1956 theorice,
651 1910 721 1947 sed
742 1909 909 1957 practice
928 1921 938 1954 3
961 1918 1032 1943 nec
1051 1905 1281 1949 indicando,
1301 1905 1371 1941 scd

340 1974 589 2014 cedificaudo.
622 1975 705 2010 Haec
738 1975 794 2009 est
830 1970 986 2007 bonitas
1020 1979 1157 2015 aurea,
1194 1968 1276 2004 brec
1316 1969 1371 2002 est

342 2040 447 2075 bona
465 2036 684 2084 dispositio,
701 2036 892 2082 quantum
913 2032 963 2069 ad
982 2031 1178 2067 irittriora.
1202 2032 1242 2066 Et
1264 2032 1370 2075 nota,

341 2100 449 2148 quod
469 2099 624 2137 bonitas
644 2098 717 2134 ista
745 2099 801 2133 est
831 2106 927 2132 auro
947 2093 1226 2142 comparabilis
1246 2103 1369 2140 prop-

342 2168 394 2199 t-rr
412 2164 479 2199 tria
503 2175 510 2198 :
535 2162 631 2209 qula
651 2160 747 2196 sicut
767 2169 907 2196 aurum
929 2160 984 2194 cst
1002 2157 1289 2204 ponderosum,
1310 2165 1370 2191 ra-

339 2226 495 2261 Nostin]
510 2251 522 2270 ,
545 2224 813 2267 fructuosum3
838 2221 892 2256 sic
913 2220 1068 2256 bonitas
1087 2219 1159 2254 ista
1185 2221 1240 2254 est
1265 2227 1368 2264 pon-

340 2305 345 2320 ι
368 2298 500 2331 crosa,
520 2286 701 2330 radiosa,
724 2287 761 2321 et
778 2283 991 2320 fructuosa.
1014 2281 1181 2326 Quaeris,
1200 2280 1370 2327 quibus?

339 2349 559 2387 l'ondt·rosa
577 2345 876 2395 poenitentibus,
898 2344 1055 2380 radiosa
1073 2341 1370 2388 contemplanti·

338 2415 432 2458 iius,
455 2412 652 2448 fructuosa
674 2408 934 2456 gustantibus,
963 2408 1013 2442 Dc
1034 2406 1164 2453 primo
1186 2405 1194 2425 ¹
1219 2417 1227 2441 :
1255 2417 1271 2438 «
1293 2406 1368 2441 Do—

337 2475 440 2510 iiiizi:
457 2503 467 2519 ,
503 2471 722 2509 secundum
756 2469 975 2507 bonitatem
1006 2472 1115 2504 tuam
1157 2466 1369 2514 promisisti

337 2536 603 2585 s-..enitentiam
622 2547 630 2571 :
652 2548 668 2569 »
689 2543 777 2570 ecce
796 2531 953 2569 bonitas
974 2529 1252 2578 poenitentibus
1271 2539 1369 2577 pon-

337 2600 489 2636 derosa.
527 2599 578 2633 De
611 2595 786 2633 secundo
822 2593 1003 2630 scribitur
1022 2593 1035 2613 ‘²
1059 2604 1067 2629 :
1093 2606 1110 2626 «
1133 2594 1173 2628 In
1194 2592 1367 2629 bonitate

336 2666 399 2698 tua
427 2661 524 2697 dece
553 2670 615 2697 rne
639 2670 646 2694 :
669 2672 686 2694 »
712 2668 800 2695 ecce
825 2656 979 2693 bonitas
1010 2654 1368 2702 contemplantibus

335 2723 506 2760 radiosa.
535 2724 584 2759 De
611 2720 723 2758 tertio
738 2722 751 2742 ³
776 2731 783 2755 :
810 2732 827 2753 «
846 2720 1007 2755 Fructus
1026 2717 1181 2764 spiritus
1202 2719 1257 2753 est
1277 2716 1367 2753 cha-

336 2786 448 2831 ritas,
472 2783 647 2829 bonitas,
669 2782 882 2830 gaudium,
903 2792 1006 2829 pati,
1027 2779 1238 2827 patientia,
1259 2778 1368 2815 beni-

337 2847 462 2893 gnitas
485 2860 492 2882 :
517 2860 534 2879 »
558 2856 646 2883 eece
666 2845 823 2882 bonitas
844 2842 1090 2890 gustantibus
1110 2841 1322 2878 fructuosa.

641 2937 830 2973 Articulus
856 2934 1044 2971 secundus.

382 3011 603 3050 Secundum
623 3008 832 3052 indicavit,
855 3018 944 3043 cum
966 3007 1124 3043 additur
1147 3018 1155 3042 :
1178 3008 1223 3043 Et
1251 3006 1364 3043 disci-

332 3079 493 3123 plinam,
523 3072 566 3109 id
592 3074 649 3109 est
677 3069 972 3117 compositionis
999 3068 1247 3107 modestiam.
1281 3070 1365 3105 Hoec

336 3141 392 3175 est
421 3134 629 3182 disciplina
667 3135 876 3179 argentea3
910 3130 991 3167 herc
1031 3133 1086 3166 est
1117 3130 1363 3178 disciplinata

335 3199 592 3247 compositio,
620 3199 811 3244 quantum
843 3193 895 3229 ad
935 3192 1138 3229 exteriora.
1170 3195 1213 3228 Et
1243 3196 1361 3237 nota,

335 3261 444 3309 quod
464 3258 671 3306 disciplina
685 3259 741 3293 est
761 3258 923 3302 argento
940 3252 1218 3300 comparabilis
1239 3253 1362 3289 tribus

335 3325 383 3360 de
415 3321 541 3359 causis
569 3332 577 3356 :
618 3320 712 3367 quia
743 3318 842 3354 sicut
871 3319 1077 3362 argentum
1108 3318 1164 3352 est
1197 3325 1359 3360 carum,

334 3386 483 3421 clarum
498 3411 510 3430 ,
533 3385 570 3420 et
593 3391 807 3426 sonorum3
830 3379 882 3416 ita
902 3377 1112 3425 disciplina
1131 3379 1167 3414 ct
1186 3387 1277 3414 cara
1293 3406 1303 3423 ,
1326 3381 1362 3414 et

378 3476 381 3491 ²
402 3475 496 3505 orat.
517 3472 661 3504 Manu-rs.
683 3485 723 3493 —-
739 3468 750 3487 ²
765 3467 857 3500 Psal.
879 3467 958 3507 hoc,
980 3468 1031 3499 68.
1051 3484 1091 3490 -—
1109 3467 1123 3488 ³
1143 3466 1232 3507 Gal.‚
1256 3473 1287 3506 V,
1306 3468 1357 3498 22.

332 3538 372 3544 —
397 3521 410 3541 δ
431 3520 539 3558 Pron,
567 3525 647 3557 viii,
670 3518 719 3549 10.
739 3532 781 3539 --
801 3516 815 3536 ⁵
835 3515 944 3554 prov„
968 3522 1062 3554 xxiv,
1083 3515 1133 3544 32.
1153 3531 1193 3536 —
1217 3513 1230 3534 ⁶
1249 3513 1360 3546 Prov„

1054 243 1116 286 EX
1126 241 1324 285 POSlTlO
1355 243 1406 285 IN
1437 243 1783 288 PSALTERlUM.

1456 336 1580 382 «laia,
1602 340 1637 372 et
1657 347 1803 373 sonora
1822 338 1888 371 est.
1912 334 1974 370 Vis
1993 334 2094 371 scire
2114 334 2289 382 quibus?
2309 336 2406 372 Cara
2424 337 2479 371 est

1455 397 1746 445 acquirentibus
1760 426 1773 444 ‚
1811 397 1916 434 clara
1949 396 2197 442 videntibus,
2232 406 2374 434 sonora
2406 407 2477 434 au-

1453 458 1664 496 dientibus.
1702 462 1752 497 De
1772 460 1901 507 primo
1923 459 1936 481 '⁹
1959 470 1966 495 :
1993 471 2010 492 «
2030 458 2199 504 Accipite
2231 458 2478 505 disciplinam

1453 532 1582 557 meam
1598 549 1608 565 ,
1629 524 1665 557 et
1684 532 1763 558 nou
1783 522 1992 569 pecuniam
2014 532 2022 557 :
2041 533 2057 554 »
2083 530 2171 556 ecce
2192 519 2397 570 disciplina
2417 531 2480 558 ac-

1454 583 1698 629 quirentibus
1718 594 1834 629 cara,
1861 582 1955 630 quia
1984 582 2110 619 carior
2145 592 2266 629 quam
2296 582 2476 628 pecunia.

1453 645 1502 679 De
1523 644 1696 680 secundo
1712 645 1725 666 ⁵
1748 657 1756 680 :
1780 658 1797 678 «
1817 646 1912 681 Cum
1932 644 2118 681 vidissem
2132 671 2143 690 ,
2164 643 2279 690 posui
2301 643 2340 680 in
2360 643 2478 680 corde

1452 719 1562 754 meo,
1598 711 1633 744 et
1666 709 1847 756 exemplo
1881 709 2000 745 didici
2035 708 2284 756 disciplinam
2307 721 2315 745 z
2337 723 2354 742 n
2391 719 2479 746 ecce

1452 769 1660 817 disciplina
1678 771 1903 808 videntibus
1924 770 2042 808 clara.
2065 772 2115 806 De
2135 771 2245 807 tertio
2263 772 2276 793 ⁶
2299 782 2307 807 :
2328 784 2345 804 «
2363 770 2479 808 Audi-

1450 834 1509 877 te,
1535 831 1630 878 filii,
1662 832 1909 881 disciplinam
1927 833 2048 880 patris
2069 845 2079 869 .·
2101 845 2118 866 n
2154 843 2242 870 ecee
2271 832 2478 880 disciplina

1450 893 1700 932 audientibus
1720 906 1876 933 sonora.

1788 1000 1977 1036 Articulas
2004 1001 2143 1036 tertius.

1496 1081 1663 1118 Tertium
1679 1082 1909 1129 insinuavit,
1929 1093 2020 1120 cum
2031 1081 2165 1119 subdit
2183 1094 2191 1118 :
2207 1083 2254 1118 Et
2272 1084 2475 1128 scientiam,

1447 1143 1488 1179 id
1516 1145 1591 1189 est,
1619 1145 1865 1191 superiorum
1895 1144 2087 1181 notitiam.
2116 1146 2200 1181 Haee
2232 1147 2288 1181 est
2318 1144 2476 1182 scientia

1446 1205 1642 1252 pretiosa3
1664 1205 1745 1242 haec
1773 1209 1829 1243 est
1853 1207 2019 1243 discreta
2046 1206 2235 1254 expositio
2250 1235 2261 1253 ,
2283 1208 2475 1255 quantum

1447 1267 1498 1303 ad
1532 1267 1747 1315 superiora.
1782 1270 1825 1304 Et
1857 1271 1970 1313 nota,
2004 1268 2113 1315 quod
2144 1268 2245 1305 hane
2274 1268 2475 1306 scientiam

1445 1341 1655 1377 possumus
1673 1330 1853 1378 pretiosis
1878 1330 2078 1378 lapidibus
2105 1341 2334 1378 comparare
2349 1359 2360 1377 ,
2387 1341 2474 1378 spe-

1447 1391 1593 1429 cialiter
1618 1392 1761 1439 triplici
1787 1391 1937 1429 ratione
1960 1404 1968 1428 :
1993 1393 2085 1440 quia
2103 1392 2200 1428 sicut
2217 1391 2258 1428 in
2276 1391 2475 1439 lapidibus

1445 1454 1624 1501 pretiosis
1646 1454 1831 1502 quaeritur
1850 1454 1991 1491 veritas
2005 1483 2018 1500 ,
2039 1454 2193 1491 claritas
2206 1481 2220 1500 ,
2246 1456 2282 1490 et
2306 1453 2474 1490 salubri-

1445 1519 1521 1563 tas;
1538 1516 1590 1552 sic
1603 1517 1643 1553 in
1654 1517 1938 1564 Scripturarum
1952 1516 2220 1564 spiritualibus
2232 1516 2414 1553 theoricis
2426 1517 2473 1564 (a)

1445 1579 1630 1626 quaeritur
1649 1579 1808 1616 scientia
1826 1578 2018 1625 veritatis,
2039 1578 2221 1615 claritatis
2233 1605 2246 1624 ,
2262 1580 2300 1614 et
2318 1578 2450 1615 saluffls
2462 1606 2473 1624 ‚

1446 1643 1636 1688 quantum
1656 1641 1708 1677 ad
1729 1641 1989 1688 expositiones
2021 1640 2253 1687 allegoricas
2266 1667 2278 1685 ,
2298 1639 2476 1687 tropolo-

1444 1702 1571 1749 gicas,
1593 1705 1628 1738 et
1648 1702 1899 1748 anagogicas.
1931 1704 1981 1738 De
2006 1702 2135 1749 prima
2160 1701 2317 1739 scientia
2336 1701 2472 1738 scribi-

1443 1767 1506 1800 tur
1526 1763 1576 1800 ab
1604 1764 1789 1811 Apostolo
1806 1763 1819 1784 ⁷
1842 1776 1849 1800 :
1877 1777 1894 1798 α
1914 1764 2075 1811 Semper
2095 1763 2304 1808 discentes,
2323 1766 2359 1800 et
2377 1773 2474 1801 nun-

1445 1837 1564 1873 quam
1587 1826 1638 1862 ad
1658 1826 1858 1862 seientiam
1878 1825 2049 1862 veritatis
2068 1825 2351 1872 pervenientes,
2369 1828 2474 1863 »Ta-

1442 1888 1498 1924 les
1519 1890 1609 1923 sunt
1637 1888 1782 1932 Judaei,
1811 1898 1966 1934 semper
1990 1887 2164 1933 legentes
2189 1887 2474 1935 scripturarum

1443 1949 1638 1996 historias,
1652 1953 1903 1996 etnunquam
1919 1949 2190 1996 pervenientes
2203 1949 2255 1986 ad
2269 1959 2405 1986 earum
2420 1949 2474 1987 al-

1441 2012 1635 2058 legoricas
1654 2012 1847 2048 theoricas
1863 2011 1923 2059 (b).
1940 2013 1991 2047 De
2012 2012 2185 2048 secunda
2201 2022 2296 2048 vero
2312 2011 2473 2049 seientia

1442 2077 1568 2121 potest
1591 2074 1716 2121 accipi
1743 2073 1842 2110 illud
1861 2073 2029 2109 verbum
2047 2073 2220 2121 Apostoli
2243 2079 2256 2101 8
2277 2085 2286 2111 :
2314 2087 2331 2108 «
2351 2075 2472 2118 Deus,

1443 2136 1508 2183 qui
1523 2135 1567 2184 (c)
1581 2136 1678 2173 dixit
1692 2136 1741 2172 de
1758 2135 1928 2172 tenebris
1942 2135 2071 2172 lucem
2089 2135 2373 2183 splendescere,
2389 2135 2471 2184 ipse

1441 2199 1568 2236 illuxit
1595 2200 1634 2235 in
1667 2199 1856 2235 cordibus
1884 2199 2026 2236 nostris
2057 2199 2108 2236 ad
2143 2199 2472 2236 illuminationem

1441 2260 1608 2297 scientiae
1644 2260 1828 2297 claritatis
1857 2261 1935 2296 Dei.
1964 2275 1981 2295 »
2013 2263 2084 2297 Ista
2115 2261 2290 2308 profecto
2319 2261 2472 2299 claritas

1440 2325 1567 2369 potest
1592 2322 1669 2358 dici
1690 2322 1797 2358 clara
1817 2322 2042 2368 moralitas,
2070 2333 2190 2370 quam
2218 2325 2328 2360 Pater
2352 2323 2472 2360 lumiu

1440 2394 1536 2420 num
1555 2383 1647 2420 facit
1674 2383 1945 2431 splendescere
1974 2384 2023 2420 de
2043 2384 2235 2430 tenebris,
2255 2384 2298 2421 id
2324 2387 2400 2431 est,
2421 2385 2470 2422 de

1444 2447 1623 2484 obscuris
1640 2448 1927 2495 scripturarum
1945 2448 2094 2495 figuris.
2117 2450 2168 2484 De
2185 2449 2295 2485 tertia
2313 2459 2395 2486 non
2413 2448 2472 2485 in-

1441 2509 1622 2546 decenter
1656 2509 1928 2556 intelligimus,
1971 2510 2081 2557 quod
2110 2510 2276 2556 legimus
2294 2511 2308 2533 ⁹
2338 2523 2347 2548 ε
2377 2524 2396 2546 ι(
2414 2511 2473 2549 Ad

1441 2571 1616 2608 dandam
1650 2571 1852 2609 seientiam
1882 2572 2016 2608 salutis
2045 2571 2154 2619 plebi
2183 2573 2264 2620 ejus
2298 2583 2307 2609 :
2333 2585 2352 2608 »
2388 2572 2471 2610 haec

1441 2634 1546 2670 enim
1564 2645 1646 2670 non
1661 2634 1790 2671 solum
1805 2635 1861 2670 est
1873 2636 2033 2682 propter
2051 2634 2230 2681 salutem,
2247 2634 2345 2671 sicut
2363 2634 2468 2681 aliae3

1441 2696 1511 2732 sed
1531 2696 1647 2733 etiam
1667 2696 1716 2733 de
1745 2696 1867 2733 salute
1886 2709 1894 2733 :
1917 2699 1954 2733 et
1972 2696 2067 2744 quia
2086 2696 2135 2732 de
2155 2696 2277 2734 salute
2297 2696 2469 2743 singula-

1439 2758 1530 2795 riter
1542 2760 1617 2804 est,
1635 2758 1796 2795 scientia
1810 2758 1944 2795 salutis
1960 2757 2210 2805 potissimum
2230 2757 2308 2795 dici
2326 2760 2464 2805 potest.

1766 2863 1954 2898 Articulus
1979 2865 2142 2908 quartus.

1485 2944 1674 2987 Quartum
1694 2943 1934 2991 implicavit,
1949 2953 2039 2980 cum
2059 2942 2354 2991 superaddidit:
2372 2944 2468 2988 Quia

1437 3006 1619 3042 mandatis
1633 3007 1706 3042 tuis
1720 3005 1871 3042 credidi.
1887 3006 1988 3050 Quid
2003 3007 2060 3043 est
2075 3005 2273 3044 mandatis
2291 3005 2464 3053 credere,

1436 3068 1511 3104 nisi
1531 3068 1767 3105 credulitatis
1787 3068 2089 3107 fundamentum
2109 3069 2308 3106 sternere?
2326 3069 2467 3106 Notan-

1438 3129 1533 3167 dum
1555 3130 1684 3176 igitur,
1705 3131 1815 3178 quod
1836 3130 1927 3167 fidei
1946 3131 2248 3168 fundamentum
2266 3129 2464 3167 credendo

1436 3193 1628 3236 sternitur,
1664 3196 1700 3229 et
1730 3193 1878 3231 idcirco
1908 3194 2108 3242 tripliciter
2135 3194 2337 3238 sternitur,
2370 3191 2464 3239 quia

1434 3254 1635 3301 tripliciter
1655 3255 1840 3301 creditur,
1859 3255 2043 3293 videlicet
2061 3256 2202 3301 corde,
2225 3264 2308 3300 ore,
2327 3263 2459 3300 opere.

1435 3316 1542 3352 Unde
1556 3316 1654 3352 fides
1668 3317 1786 3354 corde
1800 3317 1998 3364 firmatur,
2015 3327 2081 3354 ore
2095 3316 2330 3361 affirmatur,
2343 3324 2461 3361 opere

1435 3420 1479 3453 ιν,
1498 3415 1570 3445 1.-
1584 3413 1636 3444 ⁷11
1655 3412 1818 3454 Tz'm.,111,
1831 3415 1904 3446 7.-
1920 3412 2140 3453 ⁸1100r.,1v‚
2155 3412 2230 3443 6.-
2242 3410 2256 3432 ⁹
2271 3411 2361 3450 Luc„
2374 3411 2459 3450 1,77.

1475 3466 1518 3507 (a)
1541 3466 1694 3498 Fortasse
1711 3466 1885 3507 leqendum
1901 3465 2065 3498 theorius.
2077 3481 2117 3488 -
2135 3463 2178 3506 (h)
2199 3464 2280 3497 Item
2299 3463 2458 3498 theorias.

1433 3530 1472 3537 —
1493 3513 1534 3553 (c)
1555 3513 1646 3545 Edit.
1674 3514 1750 3546 Ven.
1771 3513 1862 3554 quia.
