2633 3878
106 526 223 553 Hiem-

96 567 148 592 cba
163 576 234 601 prae-

115 609 216 641 velsus,

96 653 122 676 et
142 650 234 676 admi-

96 691 206 718 rabilis.

103 3233 220 3259 Hierat-

92 3273 146 3299 cha
163 3281 229 3300 sen-

92 3316 183 3341 satus.

258 221 309 257 46
958 213 1400 257 ILLUMINATIONES
1431 215 1692 257 ECCLESIAE

257 305 457 358 Princeps
477 304 605 357 pacis.
623 318 643 342 »
663 302 744 345 Iste
763 315 869 357 puer
893 304 1106 358 reparavit
1126 303 1285 344 hierar-

256 378 396 418 chiam
420 375 648 426 coelestem,
670 377 712 415 et
736 376 1052 426 snbcoelestem,
1075 388 1171 428 quae
1196 378 1284 416 tota

257 450 484 488 corruerat.
508 446 619 498 Ergo
639 459 806 488 necesse
826 448 903 488 suit
925 450 969 487 nt
989 449 1183 498 taugeret
1206 458 1283 487 coe-

257 517 345 556 lum
363 548 372 566 ‚
410 521 450 557 et
490 520 685 569 tangeret
723 523 892 558 teriam.
934 518 1012 558 Iste
1052 517 1283 558 Hierarcha

256 587 378 628 debet
407 600 495 628 esse
526 588 771 641 praecelsus,
798 588 871 640 qni
898 588 1011 628 solus
1038 588 1169 640 possit
1201 588 1283 628 sal-

255 669 380 698 vare:
402 659 512 699 unde
533 659 684 698 dicitur
710 658 1015 699 «admirabilis.
1030 673 1048 696 1)
1069 659 1080 680 ¹
1106 658 1281 699 «Multi-

254 728 357 769 farie
390 730 502 769 enim
533 729 634 769 olim
662 729 770 769 Deus
804 729 979 782 loquens
1010 729 1201 782 patribus
1237 729 1281 769 in

252 799 483 852 prophetis,
505 800 734 840 novissime
755 800 902 841 diebus
922 800 1012 840 istis
1031 800 1198 842 locutus
1219 803 1282 841 est

253 870 373 910 nobis
404 871 446 909 in
480 869 598 920 Filio,
634 870 705 923 qui
737 883 834 911 cum
871 872 923 911 sit
955 871 1151 924 splendor
1186 872 1279 924 glo-

252 941 350 991 riae,
381 956 400 979 1)
428 945 522 991 etc„
557 954 691 994 usque
725 958 743 980 (ι
764 943 1062 995 purgationem
1092 945 1282 996 peccato-

252 1025 347 1052 rum
384 1013 551 1053 faciens.
575 1028 593 1050 »
623 1014 687 1053 Ab
733 1014 810 1055 isto
853 1014 1089 1055 admirabili
1133 1027 1281 1068 proce-

251 1082 357 1123 dunt
382 1083 611 1125 mirabilia.
639 1084 754 1126 Unde
783 1089 822 1125 et
852 1085 897 1125 in
924 1098 1012 1126 snae
1040 1085 1282 1139 temporalis

250 1154 480 1194 nativitatis
501 1155 688 1205 exordio,
712 1156 807 1196 fecit
826 1157 1080 1197 miraculum
1103 1157 1281 1198 miracu-

250 1223 417 1275 lorum,
459 1226 571 1277 quod
607 1228 750 1267 omnia
788 1228 870 1268 alia
906 1228 1281 1282 miracula=respi-

251 1296 380 1336 ciunt.
404 1295 557 1337 Habuit
582 1298 693 1337 enim
724 1301 920 1339 naturam
948 1311 1212 1352 corpoream,
1240 1303 1281 1340 et

250 1369 444 1407 naturam
482 1367 797 1421 incorpoream3
834 1372 1031 1410 naturam
1065 1370 1277 1424 divinam,

251 1440 447 1477 naturam
470 1438 729 1489 liumanam;
757 1442 956 1481 naturam
983 1441 1276 1494 temporalem,

251 1511 446 1549 naturam
481 1513 706 1560 aeternam;
748 1514 930 1552 matrem
970 1516 1010 1552 et
1047 1513 1277 1565 virginem.

254 1578 427 1620 [nitum
447 1584 509 1621 est
527 1581 714 1634 primum
739 1582 911 1632 ultimo,
935 1595 1153 1624 summum
1173 1585 1276 1636 imo,

253 1651 360 1691 Deus
380 1652 494 1693 limo.
521 1668 540 1691 α
558 1652 659 1694 Vide
677 1654 690 1674 ²
711 1666 873 1704 arcum,
893 1669 911 1692 1)
932 1656 1003 1707 qui
1025 1655 1151 1697 habet
1172 1658 1280 1697 mul-

251 1723 535 1765 tiformitatem
556 1724 743 1765 colorum
765 1729 805 1765 et
821 1728 1089 1778 naturarum,
1111 1743 1129 1765 ι(
1144 1731 1184 1768 et
1200 1729 1278 1769 be-

249 1795 380 1845 nedic..
405 1796 477 1848 qui
498 1796 591 1836 fecit
611 1796 748 1846 illum,
771 1811 789 1835 1)
810 1797 912 1849 quia
928 1812 946 1836 c(
970 1798 1094 1840 valde
1114 1800 1276 1852 specio-

249 1878 320 1905 sus
339 1869 399 1906 est
418 1866 463 1906 in
482 1867 703 1920 splendore
725 1880 816 1909 suo.
841 1883 859 1905 »
886 1868 962 1909 Hic
983 1872 1043 1910 est
1063 1870 1148 1921 sol,
1170 1872 1246 1924 qui
1266 1871 1278 1893 ³

250 1937 456 1978 descendit
495 1951 569 1991 per
601 1939 744 1980 decem
778 1940 939 1992 gradus
973 1940 1017 1981 in
1052 1941 1277 1996 horologio

249 2007 408 2059 Achaz,
430 2009 472 2049 id
501 2013 581 2061 est,
604 2010 791 2051 Verbum
813 2011 1083 2052 incarnatum
1104 2026 1177 2066 per
1198 2027 1273 2055 no—

250 2091 346 2119 vem
378 2081 545 2122 ordines
578 2082 854 2134 angelorum,
884 2096 1020 2136 usque
1051 2084 1102 2124 ad
1131 2085 1276 2125 homi-

249 2163 368 2202 nem,
390 2152 463 2204 qui
487 2152 674 2192 decimus
702 2156 990 2205 computatur.
1014 2154 1061 2194 In
1089 2155 1169 2196 hoc
1193 2157 1273 2196 mi-

249 2222 488 2263 raculorum
511 2223 738 2273 miraculo,
762 2224 915 2264 scilicet
945 2226 1057 2278 quod
1086 2226 1192 2267 Deus
1215 2231 1276 2270 est

248 2292 396 2344 homo,
428 2293 532 2334 fides
559 2295 708 2347 accipit
733 2295 845 2335 vires
874 2308 986 2337 suas,
1011 2296 1128 2338 Unde
1158 2298 1276 2352 Moy-

249 2375 313 2404 ses
331 2370 358 2413 Β,
386 2368 606 2418 postquam
630 2381 648 2403 «
673 2367 851 2407 minavit
879 2380 1060 2420 gregem
1087 2369 1137 2409 ad
1167 2370 1274 2411 inte-

250 2436 360 2476 riora
381 2436 554 2487 deserti,
577 2437 682 2478 vidit
705 2438 862 2478 rubum
878 2470 887 2488 ,
911 2439 984 2492 qui
1019 2440 1211 2492 ardebat,
1235 2446 1276 2483 et

248 2519 333 2548 non
356 2508 696 2549 comburebatur.
726 2508 884 2550 Vadam
915 2511 1107 2564 (inquit),
1142 2516 1182 2553 et
1212 2513 1275 2554 vi-

249 2578 353 2618 debo
384 2579 590 2619 visionem
619 2579 728 2620 hanc
758 2593 976 2633 magnam.
998 2596 1016 2619 1)
1044 2582 1094 2623 Et
1119 2583 1175 2623 ibi
1196 2584 1276 2624 fuit

248 2648 494 2690 illustratus.
517 2649 663 2691 Rubus
683 2652 896 2703 spinosus,
917 2654 1168 2705 passibilitas
1188 2667 1275 2695 car-

249 2719 332 2769 nis3
356 2720 543 2772 flamma,
564 2721 706 2761 anima
726 2721 877 2762 Christi
897 2723 1019 2775 plena
1041 2724 1274 2766 luminibus

249 2793 289 2829 et
308 2789 407 2841 igne
432 2791 665 2841 charitatis3
696 2791 792 2843 luX,
822 2792 1044 2841 divinitas;
1076 2794 1153 2835 lux
1172 2808 1272 2836 con-

244 2861 392 2912 juncta
411 2861 532 2911 rubo,
556 2862 766 2903 mediante
784 2863 972 2915 flamma,
994 2870 1055 2905 est
1073 2865 1273 2907 divinitas

249 2933 471 2984 conjuncta
489 2933 627 2983 carni,
653 2933 862 2974 mediante
894 2937 1052 2976 anima.
1087 2935 1139 2976 Ut
1169 2949 1272 2989 ergo

248 3002 379 3054 possit
399 3002 625 3043 Hierarcha
643 3004 692 3044 de
713 3006 890 3045 mortuis
910 3006 1044 3047 facere
1066 3008 1199 3058 vivos,
1223 3009 1273 3049 de

248 3072 492 3113 hominibus
512 3073 582 3113 Dei
602 3073 728 3123 filios,
751 3087 919 3116 necesse
939 3080 1000 3117 est
1019 3080 1066 3117 ut
1085 3077 1138 3118 sit
1157 3091 1270 3131 prae-

250 3144 383 3185 celsus
405 3147 446 3184 et
465 3144 736 3187 admirabilis,

303 3213 493 3255 Secundo
514 3227 681 3256 necesse
709 3219 770 3256 est
798 3219 845 3256 ut
872 3216 1100 3258 Hierarcha
1131 3223 1273 3262 noster

251 3285 302 3324 sit
329 3289 546 3337 sensatus,
574 3288 698 3339 juxta
729 3287 937 3340 triplicem
971 3289 1221 3342 sapientiam
1260 3306 1269 3334 :

251 3356 496 3409 sapientiam
526 3358 734 3410 innatam,
768 3371 897 3412 quam
924 3359 1165 3403 habuerunt
1194 3376 1270 3404 an-

297 3465 304 3485 ¹
324 3462 436 3504 Helm,
457 3471 480 3504 Ι,
503 3467 515 3495 1
537 3467 570 3496 et
589 3474 660 3506 seq.
676 3484 717 3489 -—
736 3469 746 3486 ²
766 3466 885 3506 Ercli„
908 3475 1009 3509 XL111,
1031 3471 1080 3500 12.
1101 3487 1141 3493 —
1159 3470 1172 3492 3
1192 3469 1272 3514 ssa„

252 3518 399 3551 xxxvui,
419 3513 450 3542 S·
469 3529 509 3534 —
531 3512 536 3528 ²
561 3512 678 3554 lixocl„
699 3522 752 3554 111,
773 3517 804 3555 1,
824 3517 854 3555 2,
877 3518 908 3548 3.
925 3533 964 3540 —
983 3517 994 3534 ⁵
1015 3515 1130 3558 Hebr.,
1148 3526 1196 3559 iv,
1219 3521 1269 3560 12,

1358 303 1458 356 geli,
1481 308 1521 345 et
1540 305 1703 357 primus
1723 305 1852 345 homo
1873 318 1882 345 ε
1908 306 1949 345 et
1966 316 2041 357 per
2061 304 2170 347 hanc
2188 307 2263 348 scit
2285 318 2376 348 om-

1356 375 1448 425 nia,
1469 387 1567 428 quae
1589 387 1811 428 possumus
1831 387 1906 429 per
1934 375 2127 416 habitum
2154 377 2257 418 scire
2282 392 2291 419 :
2312 390 2380 418 sa-

1356 445 1557 497 pientiam
1582 446 1762 486 infusam
1779 479 1788 497 ,
1813 459 1885 498 per
1915 459 2044 499 quam
2066 448 2381 500 comprehendit

1359 515 1544 568 gloriosa
1564 519 1604 556 et
1624 517 1806 568 infinita,
1827 518 1925 569 quia
1947 518 2162 571 sapientiae
2183 520 2274 571 eJus
2294 530 2378 559 non

1356 589 1418 626 est
1463 600 1694 637 numerus;
1735 588 1984 640 sapientiam
2030 591 2231 629 aeternam
2247 621 2259 640 ,
2306 601 2380 642 per

1356 670 1483 710 quam
1509 659 1826 711 comprehendit
1857 660 2018 710 omnia,
2050 662 2136 700 tam
2169 659 2382 713 possibilia.

1355 729 1469 779 fieri,
1494 742 1622 782 quam
1643 729 1855 782 disposita.
1883 730 2058 771 Decebat
2079 730 2213 781 enim,
2235 732 2284 771 ut
2308 731 2381 784 qui

1355 806 1629 852 reparaturus
1650 802 1739 840 erat
1759 800 2030 850 universum,
2053 801 2175 841 sciret
2204 801 2381 842 univer-

1355 884 1466 912 sum.
1495 887 1514 910 «
1531 872 1544 895 ⁵
1564 871 1695 914 Vivus
1719 875 1780 913 est
1807 885 1947 914 sermo
1977 872 2073 924 Dei,
2104 875 2144 914 et
2171 873 2335 914 efficax.
2357 887 2377 911 1)

1356 942 1558 996 Sequitur
1594 955 1604 984 :
1641 959 1659 982 «
1693 943 1843 985 Omnia
1877 944 1994 985 nuda
2030 946 2071 984 et
2107 947 2253 997 aperta
2284 947 2384 985 sunt

1355 1014 1487 1055 oculis
1520 1016 1633 1067 ejus,
1669 1015 1722 1055 ad
1754 1027 1883 1067 quem
1913 1014 2034 1055 nobis
2066 1026 2222 1056 sermo.
2251 1029 2270 1054 »
2303 1014 2381 1056 Sed

1355 1086 1562 1139 quaeritur
1591 1100 1600 1128 z
1635 1086 1736 1136 Quae
1764 1086 1987 1127 necessitas
2018 1086 2098 1126 fuit
2130 1089 2178 1127 ut
2209 1086 2384 1127 haberet

1354 1157 1625 1209 sapientiam,
1653 1157 1733 1197 nisi
1766 1157 1983 1198 divinam?
2011 1156 2255 1210 Respondeo
2288 1168 2300 1198 ι
2331 1156 2384 1198 Ut

1354 1241 1450 1282 quae
1472 1232 1649 1271 noverat
1669 1242 1742 1282 per
1759 1229 1992 1280 scientiam,
2015 1230 2139 1270 sciret
2159 1242 2233 1282 per
2253 1242 2380 1282 expe-

1353 1301 1565 1342 rientiam.
1600 1317 1619 1340 «
1652 1306 1664 1327 6
1699 1301 1791 1342 Non
1821 1301 1933 1341 enim
1971 1301 2178 1341 hahemus
2212 1301 2381 1354 pontifi--

1354 1385 1468 1424 cem,
1490 1374 1563 1426 qui
1587 1386 1670 1414 non
1696 1374 1824 1427 possit
1852 1373 2034 1425 compati
2067 1372 2384 1413 infirmitatibus

1353 1444 1525 1495 nostris,
1548 1448 1755 1485 tentatum
1782 1447 1924 1485 autem
1951 1456 2026 1497 per
2050 1444 2194 1484 onmia
2219 1456 2295 1497 pro
2324 1444 2381 1484 si-

1353 1515 1609 1567 militudine,
1644 1516 1804 1569 absquo
1837 1519 2018 1569 peccato.
2040 1530 2059 1554 1)
2084 1513 2202 1556 Unde
2233 1517 2296 1556 est
2324 1517 2379 1554 si-

1352 1586 1444 1626 mul
1470 1586 1697 1627 advocatus
1726 1599 1802 1639 pro
1832 1587 1976 1638 nobis,
2007 1589 2047 1627 et
2075 1586 2210 1639 judex
2236 1590 2382 1628 contra

1351 1669 1442 1697 nos.
1467 1657 1546 1697 Iste
1564 1657 1835 1698 Consiliarius
1854 1657 1956 1698 adeo
1975 1657 2053 1698 fuit
2069 1658 2254 1710 sapienS,
2270 1658 2382 1710 quod

1353 1740 1500 1768 omnes
1519 1728 1748 1781 Scripturae
1773 1729 1980 1782 sapientes
2000 1741 2087 1769 non
2107 1729 2279 1770 fuerunt
2301 1729 2381 1770 nisi

1351 1799 1576 1840 simulacra
1611 1800 1743 1853 huJ'us
1779 1800 1992 1853 sapientis.
2025 1800 2090 1840 Ad
2123 1800 2238 1841 huno,
2273 1800 2381 1841 refe-

1351 1873 1507 1911 runtur
1537 1871 1680 1911 omnia
1714 1871 1880 1923 eloquia
1908 1871 2139 1924 sapientiae.
2178 1870 2296 1912 Unde
2329 1872 2380 1914 de

1352 1941 1515 1983 Christo
1552 1942 1806 1993 intelligitur
1838 1946 1850 1967 ⁷
1886 1956 1895 1983 ε
1937 1957 1956 1979 «
1986 1940 2207 1994 Speciosus
2243 1943 2379 1984 forma

1350 2026 1440 2067 prae
1458 2015 1555 2054 filiis
1576 2015 1822 2065 hominum3
1845 2029 1864 2052 1)
1896 2014 1989 2054 licet
2007 2013 2027 2054 J
2033 2014 2143 2054 udaei
2170 2014 2379 2067 accipiant

1351 2085 1402 2125 de
1428 2085 1665 2125 Salomone.
1698 2085 1898 2125 Similiter
1927 2087 1967 2124 et
1997 2084 2100 2124 illud
2135 2084 2185 2125 de
2217 2084 2378 2127 Christo

1351 2155 1606 2207 intelligit-ir
1624 2155 1638 2176 ⁸
1660 2170 1668 2195 2
1698 2171 1717 2193 «
1738 2154 1801 2196 Sit
1820 2167 1976 2196 nomen
1996 2156 2087 2207 ejus
2108 2154 2377 2197 benedictum

1351 2226 1396 2267 in
1422 2227 1577 2268 saecula
1607 2240 1618 2268 ε
1649 2242 1668 2265 1)
1699 2229 1739 2267 et
1770 2226 1863 2267 ideo
1892 2226 1990 2267 dicit
2018 2225 2069 2278 (α)
2095 2238 2106 2267 2
2134 2242 2153 2264 «
2177 2226 2378 2270 Consilia-

1351 2299 1440 2339 rius
1462 2313 1471 2338 :
1494 2313 1513 2336 1)
1538 2301 1579 2339 et
1598 2298 1691 2339 ideo
1712 2298 1809 2338 dicit
1832 2311 1841 2339 ε
1871 2313 1889 2335 «
1912 2297 2032 2338 Deus.
2059 2311 2078 2334 1)

1405 2368 1544 2410 Tertio
1576 2382 1744 2410 necesse
1777 2369 1857 2409 fuit
1891 2371 1938 2409 ut
1971 2368 2200 2409 Hierarcha
2236 2370 2378 2410 noster

1351 2442 1460 2480 esset
1491 2442 1801 2493 acceptissimus
1829 2440 1928 2481 Deo.
1960 2455 1978 2477 ε(
2003 2440 2016 2461 ⁹
2045 2439 2156 2480 Talis
2188 2439 2373 2492 decebat,

1351 2513 1398 2551 ut
1426 2514 1533 2552 esset
1558 2512 1679 2552 nobis
1710 2511 1896 2565 pontifex
1903 2542 1917 2562 ,
1942 2514 2131 2561 sanctus,
2156 2511 2373 2564 innocens,

1350 2582 1620 2635 impollutus,
1651 2585 1905 2635 segregatus
1934 2595 1959 2623 a
1993 2582 2301 2635 peccatoribus,
2336 2584 2377 2624 et

1349 2653 1554 2694 excelsior
1567 2653 1681 2694 ecelis
1700 2653 1849 2693 sactus.
1866 2667 1885 2690 1)
1908 2653 1937 2675 ¹0
1954 2652 2176 2694 «Vidimus
2192 2652 2375 2704 gloriam

1349 2724 1464 2775 ejus,
1488 2724 1669 2774 gloriam
1696 2724 1817 2776 quasi
1846 2723 2055 2776 unigeniti
2076 2736 2101 2764 a
2119 2723 2262 2774 Patre,
2286 2724 2376 2777 ple-

1348 2806 1455 2834 num
1489 2795 1653 2846 gratiae.
1675 2809 1694 2832 »
1725 2794 1881 2835 Habuit
1911 2797 2054 2835 antem
2081 2795 2264 2847 gratiam
2296 2795 2374 2835 tri-

1347 2865 1527 2906 formem
1555 2880 1564 2907 :
1589 2866 1769 2918 gratiam
1796 2866 2028 2918 singularis
2057 2878 2248 2919 personae
2265 2899 2275 2918 ,
2299 2879 2375 2920 per

1349 2950 1477 2990 quam
1496 2937 1565 2979 ille
1583 2938 1713 2978 homo
1731 2941 1879 2990 gratus
1894 2938 1991 2988 fuit3
2012 2938 2193 2990 gratiam
2213 2939 2372 2991 capitis,

1348 3021 1422 3061 per
1441 3021 1569 3061 quam
1589 3009 1755 3059 inssnit3
1781 3008 1963 3060 gratiam
1984 3008 2155 3050 unionis
2169 3041 2179 3060 ,
2203 3021 2299 3063 quae
2321 3021 2375 3051 ex

1348 3092 1435 3120 una
1453 3082 1570 3132 parte
1590 3080 1756 3120 infinita
1774 3079 1866 3120 fuit.
1895 3079 1990 3119 Fuit
2009 3091 2115 3131 ergo
2135 3080 2372 3134 acceptissi-

1348 3163 1445 3190 mus
1473 3163 1558 3191 non
1588 3150 1725 3190 solum
1756 3149 1856 3203 quia
1888 3149 2127 3202 deiformis,
2167 3151 2239 3192 sed
2273 3151 2375 3204 quia

1348 3221 1472 3262 Deus.
1495 3221 1545 3261 Et
1565 3221 1672 3262 sicut
1691 3234 1715 3262 a
1735 3221 2041 3274 sapientissimo
2061 3221 2281 3262 fluxerunt
2303 3222 2373 3263 do-

1348 3296 1544 3334 cumenta
1578 3293 1840 3345 certissima,
1880 3292 1938 3332 ita
1983 3305 2008 3332 a
2051 3292 2135 3333 Deo
2174 3294 2372 3346 exempla

1349 3407 1399 3438 13.
1419 3423 1460 3430 --
1479 3407 1490 3425 ὓ
1510 3406 1608 3447 ibid„
1630 3410 1679 3439 15.
1700 3425 1735 3430 -—
1760 3408 1766 3425 ²
1788 3405 1877 3438 Psal.
1899 3413 1991 3446 κων,
2013 3407 2042 3437 3.
2061 3423 2100 3429 -
2120 3406 2133 3428 ²³
2153 3405 2247 3439 Psal.
2270 3413 2367 3447 Lxxi,

1349 3455 1398 3487 17.
1419 3471 1460 3478 —
1481 3454 1494 3476 ⁹
1514 3453 1626 3496 Helm,
1648 3462 1709 3496 vn,
1729 3455 1780 3486 26.
1800 3471 1841 3476 —
1862 3454 1886 3476 ¹⁰
1904 3454 2010 3494 Joan.‚
2032 3461 2055 3493 1,
2080 3455 2130 3485 14.

1388 3519 1435 3560 (a)
1454 3519 1570 3560 Suppl.
1594 3519 1774 3561 Propheta,
1798 3519 1923 3551 scilicet
1941 3519 2019 3559 lsa„
2038 3526 2085 3558 ix,
2105 3520 2138 3558 6,
2157 3519 2194 3550 ut
2211 3526 2325 3558 supra.

2406 2388 2524 2416 1110101-

2414 2431 2468 2458 cha
2478 2439 2524 2458 ac-

2396 2472 2525 2507 ceptissi-

2395 2522 2470 2540 mus.
