2633 3878
287 257 364 297 498

124 359 172 379 mo
189 353 266 378 exte·
284 354 354 391 per
389 350 507 389 quem
539 340 643 375 amat
679 337 800 373 homo
845 335 1012 372 exterior
1051 334 1304 371 Salvatorem.

165 392 224 418 rior

155 435 232 458 uniat

284 406 406 441 Homo
437 401 600 450 quidem
631 399 818 444 exterior,
850 408 939 434 cum
968 397 1015 433 sit
1039 398 1203 440 creatus,
1225 393 1307 430 ani-

127 474 253 500 smam·
281 469 420 510 matus,
442 463 602 500 rationis
622 461 782 498 arbitrio
803 459 1048 505 subjugatus,
1070 457 1187 493 hahet
1202 467 1308 493 amo-

122 522 192 541 rem.

278 538 362 563 rem
394 524 633 567 naturalem,
666 521 899 565 animalem,
933 519 1162 555 rationalem
1187 528 1307 564 :qua-

277 591 437 636 propter
456 586 583 633 diligit
604 584 850 627 naturaliter,
871 581 1108 626 animaliter,
1135 580 1307 616 rationa-

276 649 375 694 liter,
397 660 511 686 suum
540 647 745 691 faetorem,
770 655 884 681 suum
914 643 1163 686 dilectorem,
1190 652 1307 678 suum

277 711 586 748 clarificatorem.
611 712 660 744 De
679 707 806 755 primo
830 706 838 726 ¹
863 719 869 740 :
898 719 914 739 α
937 704 1055 750 Dilige
1074 714 1163 740 eum
1185 703 1252 750 qui
1272 705 1305 739 te

275 772 363 809 fecit
394 786 401 809 :
426 787 443 806 »
476 783 561 809 ecce
601 769 757 806 dilectio
783 767 951 804 factoris.
984 768 1032 803 De
1068 765 1241 801 seeundo
1262 766 1303 799 ²:

279 850 296 870 σι
318 835 528 882 Diligamus
550 835 690 874 Deum,
711 830 899 878 quoniam
932 829 1013 876 ipse
1039 828 1147 876 prlor
1172 826 1307 862 dilexit

275 907 347 934 nos
377 909 384 932 :
419 910 436 928 ν)
463 906 550 932 ecce
587 893 744 930 dilectio
783 891 993 928 dilectoris.
1027 893 1074 926 De
1112 889 1219 925 tertio
1253 889 1265 909 ⁸
1294 899 1301 922 :

278 975 294 991 (ι
317 958 388 1003 Qui
400 958 567 1004 diligunt
581 959 630 1001 te,
645 954 807 992 sicutsol
820 953 1012 1002 splendet,
1029 952 1079 988 ita
1092 950 1247 986 rutilent
1264 962 1298 984 :»

275 1033 362 1058 ecee
385 1021 541 1058 dilectio
556 1018 835 1056 clarificatoris.
858 1019 941 1053 llaec
960 1019 1091 1052 autern
1112 1014 1201 1051 dico
1222 1015 1303 1050 sine

273 1083 499 1132 praejudicio
527 1081 711 1125 veritatis,
734 1085 923 1127 tanquam
951 1079 1115 1115 sectator
1134 1075 1301 1124 pietatis,

273 1145 398 1192 magis
424 1155 543 1192 quam
569 1141 827 1190 proprietatis.

703 1249 873 1290 Epilogus.

319 1332 378 1368 Ait
398 1341 491 1376 ergo
521 1329 734 1377 Propheta,
765 1327 876 1375 quasi
907 1327 1089 1362 attractus
1117 1323 1303 1360 divinitus

271 1393 467 1430 mediante
485 1392 631 1438 justitia
651 1389 887 1437 promissiva
908 1401 915 1424 :
939 1390 1097 1434 laniciem
1124 1388 1303 1422 vehemen-

272 1460 344 1500 ter,
366 1457 556 1503 quantum
585 1453 634 1489 ad
662 1455 791 1488 aetum
820 1450 1011 1498 igniendi,
1042 1448 1110 1496 qui
1137 1448 1303 1495 pertinet

272 1519 322 1556 ad
352 1519 556 1563 ardorem;
583 1517 774 1562 Eloquium
803 1518 922 1559 tuum,
946 1514 1133 1559 quantum
1165 1511 1213 1547 ad
1243 1521 1303 1546 ac-

271 1585 354 1617 tum
373 1579 583 1624 audiendi,
606 1577 673 1626 qui
704 1576 868 1624 pertinet
891 1574 942 1610 ad
972 1573 1174 1610 hominem
1205 1573 1302 1609 inte-

270 1643 415 1679 riorem
438 1654 445 1678 :
468 1644 513 1678 Et
534 1651 652 1677 servus
674 1645 769 1683 tuus,
791 1639 982 1685 quantum
1008 1635 1059 1671 ad
1078 1637 1206 1671 actum
1225 1645 1303 1670 ser-

272 1704 424 1749 viendi,
454 1704 520 1751 qui
548 1702 715 1750 pertinet
741 1700 792 1736 ad
818 1698 1021 1735 hominem
1042 1697 1300 1742 exteriorem3

271 1769 410 1803 Dilexit
428 1766 541 1811 illud,
563 1766 755 1812 quantum
775 1761 825 1798 ad
846 1764 975 1797 actum
997 1758 1209 1806 diligendi,
1234 1758 1301 1805 qui

270 1828 435 1876 pertinet
467 1827 518 1863 ad
550 1836 737 1863 amorem.
774 1828 824 1861 Ac
853 1824 883 1860 si
911 1823 1061 1860 dicatur
1083 1834 1091 1858 ;
1113 1824 1302 1867 Eloquium

273 1895 392 1936 tuum,
419 1888 528 1937 quod
557 1888 665 1924 audit
692 1887 813 1923 homo
840 1885 1020 1929 interior,
1048 1886 1113 1921 Est
1147 1886 1301 1929 muitum

270 1954 505 1997 vehementer,
524 1950 565 1986 id
586 1952 655 1995 est,
674 1949 806 1996 ipsum
835 1946 989 1985 attrahit
1008 1957 1077 1994 per
1097 1945 1300 1989 ardorem3

271 2017 317 2051 Et
336 2024 455 2051 servus
475 2017 575 2056 tuus,
599 2012 640 2048 id
661 2014 716 2048 cst
736 2011 856 2047 homo
884 2009 1074 2054 exterior,
1094 2009 1231 2044 Dz'leoez't
1254 2007 1302 2042 z'l-

271 2077 346 2122 Iud,
369 2075 411 2112 id
428 2078 483 2112 est
501 2074 703 2112 attrahitur
722 2083 793 2120 per
813 2081 1004 2109 amorem.

624 2218 846 2247 VERSICULUS
865 2217 945 2244 Xlss.

323 2327 380 2362 141
393 2324 691 2362 .Ac]olesce⁷1tnlus
700 2332 776 2357 sum
787 2330 860 2366 eqo,
874 2322 944 2355 etc.
964 2316 1302 2363 llactenusjustitia

274 2387 503 2435 dispositiva
516 2385 721 2433 disposuit,
736 2382 903 2430 qualiter
920 2379 1165 2427 operandum
1179 2392 1190 2425 3
1208 2382 1302 2415 tem-

272 2461 345 2498 pus
362 2453 417 2486 est
436 2452 477 2485 ut
492 2447 638 2495 justitia
660 2444 865 2482 diffinitiva
885 2442 1051 2479 diffiniat
1065 2441 1231 2489 qualiter
1244 2452 1301 2478 re-

271 2510 573 2548 munerandum.
598 2510 680 2545 Haec
707 2510 762 2544 est
787 2505 934 2552 justitia
962 2503 1121 2549 finiens,
1144 2506 1180 2539 ct
1201 2502 1301 2538 diffi-

272 2574 398 2618 niens,
419 2571 644 2614 terminans,
661 2572 696 2605 et
711 2567 972 2605 determinans
990 2576 1126 2602 causas
1149 2565 1301 2601 univer-

271 2647 346 2680 sas,
367 2638 448 2671 tam
473 2643 695 2681 prosperas,
720 2640 841 2678 quam
858 2628 1062 2673 adversas,
1083 2626 1301 2663 secundum

272 2700 440 2745 quatuor
458 2695 664 2732 sententias
684 2692 847 2730 totidem
868 2690 1044 2727 versibus
1063 2690 1267 2726 annotatas
1289 2700 1297 2724 ε

272 2770 441 2807 quarum
470 2759 599 2806 prima
632 2760 687 2793 est
717 2754 928 2793 humilium
958 2751 1207 2798 sublimati03
1237 2762 1298 2788 se-

271 2822 421 2865 cunda,
453 2819 682 2857 sublimium
714 2815 953 2861 humiliatio;
982 2814 1112 2860 tertia,
1150 2812 1299 2860 patien-

271 2883 368 2919 tium
387 2881 607 2926 coronatio;
631 2881 784 2927 quarta,
805 2876 1090 2925 impatientium
1111 2874 1298 2912 condem-

268 2944 389 2981 natio.
418 2943 585 2980 Primam
606 2940 835 2977 sententiam
859 2938 1036 2974 enucleat
1046 2936 1198 2984 primus
1216 2946 1299 2972 ver-

267 3017 347 3052 sus,
367 3006 407 3042 in
434 3015 513 3053 quo
533 3000 878 3048 Psalmographus,
898 3003 1088 3046 tanquam
1102 2998 1142 3034 in
1162 2996 1296 3033 divino

263 3068 413 3115 judicio
453 3065 704 3108 constitutus,
751 3061 995 3098 conscientiae
1034 3071 1112 3096 suae
1150 3059 1298 3095 librum

266 3131 416 3178 aperit}
436 3128 646 3176 etjustitiae
679 3125 857 3162 debitum
891 3122 1203 3159 emolumentum
1233 3131 1297 3156 ex-

265 3193 398 3242 quirit,
419 3191 552 3227 dicens
572 3201 580 3225 :
600 3187 902 3230 Adolescentulus,
924 3186 1011 3229 eto„
1033 3183 1144 3230 quasi
1163 3185 1297 3229 paten-

264 3257 322 3290 ter
340 3253 521 3301 inquiens
553 3264 561 3288 :
590 3253 671 3298 Ego
697 3248 886 3298 parvulus
904 3245 945 3282 in
969 3244 1092 3282 oculis
1121 3244 1233 3287 meis,
1260 3245 1296 3279 et

264 3316 304 3351 in
324 3315 447 3352 oculis
464 3314 614 3359 alienis,
635 3313 703 3360 qui
725 3311 795 3348 tibi
816 3307 980 3353 credidi,
1002 3305 1193 3344 oblivioni
1213 3315 1294 3341 non

264 3378 419 3415 tradidi.
440 3379 614 3423 Quatuor
634 3386 727 3423 ergo
748 3376 852 3420 sunt,
874 3383 960 3420 quae
975 3381 1092 3418 super
1111 3369 1186 3406 hoc
1199 3378 1294 3416 pen-

305 3509 313 3527 ¹
338 3507 454 3540 lim-li..
475 3515 541 3546 vn,
566 3509 617 3538 32.
642 3523 683 3531 -
704 3506 717 3527 ²
740 3506 749 3536 l
777 3504 886 3543 Joan.‚
915 3510 958 3541 lv,
989 3503 1036 3532 19,
1064 3519 1104 3524 -
1127 3501 1138 3517 ³
1164 3499 1290 3539 Judic„

978 243 1251 287 EXPOSITIO
1281 242 1331 284 IN
1364 241 1713 286 PSALTERIUM.

1381 333 1456 370 sari
1476 336 1639 381 possunt
1662 343 1670 368 :
1692 329 1891 368 humilitas
1909 328 2110 376 implicita,
2126 328 2325 368 humilitas
2343 342 2406 368 ex·
2457 365 2469 372 ,

1380 393 1524 441 plicita,
1546 404 1693 430 merces
1714 391 1912 439 deposita,
1938 392 1975 426 et
1997 401 2086 438 spes
2106 391 2291 438 reposita.
2311 395 2404 429 Ecce

1380 456 1531 492 bonum
1552 455 1726 501 interius,
1747 455 1897 491 honum
1919 453 2100 500 exterius,
2122 453 2276 491 bonum
2288 464 2403 501 supe-

1380 518 1472 561 rius,
1496 518 1648 555 bonum
1672 516 1844 553 inferius.

1710 621 1897 656 Articulus
1921 622 2074 665 primus.

1427 703 1597 739 Primum
1614 701 1826 747 indicatur,
1853 712 1943 738 cum
1967 701 2147 738 scribitur
2169 713 2177 737 :
2198 702 2406 740 Adolescen-

1380 767 1474 801 tulus
1494 775 1570 800 sum
1590 775 1663 809 eqo.
1695 766 1764 800 Per
1784 763 2113 807 adolescentulos,
2133 763 2308 811 quisunt
2336 764 2406 801 hu-

1378 827 1490 863 miles
1509 826 1726 863 humilitate
1747 826 1958 873 corporali,
1981 826 2042 863 vel
2057 825 2263 872 forinseca,
2288 826 2406 874 signi-

1377 889 1543 924 ficantur
1571 887 1739 925 humiles
1764 888 1980 925 humilitate
2003 887 2163 933 morali,
2184 888 2249 924 vel
2267 874 2405 924 intrin-

1378 960 1477 986 seca.
1499 950 1574 987 Sed
1592 950 1828 994 notandum,
1851 949 1961 997 quod
1979 949 2163 996 leguntur
2182 949 2406 987 adolescen-

1377 1011 1446 1048 tuli
1484 1011 1664 1059 perfecti‚
1707 1012 1919 1058 interfecti,
1948 1011 2119 1058 despecti
2154 1023 2161 1046 :
2197 1021 2268 1059 per
2305 1021 2405 1058 quos

1377 1076 1562 1110 notantur
1575 1073 1742 1110 humiles
1763 1073 1939 1120 virtuosi,
1967 1073 2158 1121 duplices,
2179 1073 2239 1110 vel
2259 1072 2401 1110 dolosi.

1376 1137 1427 1171 De
1447 1135 1584 1182 primis
1610 1135 1815 1183 psallimus
1839 1136 1851 1156 ¹·
1874 1148 1881 1172 ε
1907 1150 1923 1169 «
1944 1135 2000 1172 lbi
2022 1134 2224 1182 Benjamin
2254 1134 2404 1172 adoles-

1377 1199 1554 1235 centulus
1574 1199 1614 1235 in
1638 1198 1778 1235 mentis
1803 1209 1962 1235 excessu
1984 1210 1992 1233 :
2016 1211 2032 1233 »
2059 1208 2147 1234 ecce
2176 1196 2404 1234 adolescen-

1375 1261 1479 1298 tulus
1497 1261 1711 1308 perfectus,
1738 1263 1822 1296 tum
1852 1262 2013 1307 propter
2031 1259 2203 1296 nominis
2229 1259 2404 1307 increpa-

1375 1323 1541 1369 tionem,
1572 1323 1763 1370 quoniam
1790 1321 1896 1358 filius
1916 1321 2084 1358 dexterae
2104 1321 2378 1369 interpretatur
2390 1332 2402 1366 ;

1375 1387 1458 1421 tum
1476 1387 1635 1432 propter
1656 1383 1795 1420 mentis
1816 1383 2105 1429 excessionem,
2127 1393 2214 1430 quae
2232 1383 2404 1419 contem-

1375 1447 1530 1494 plativae
1543 1446 1773 1494 perfectioni
1787 1456 1868 1483 non
1881 1446 2096 1492 incongrue
2117 1445 2337 1493 deputatur.
2354 1445 2404 1481 De

1376 1509 1617 1547 secundariis
1639 1508 1731 1545 dicit
1758 1509 1811 1545 ita
1840 1508 2018 1553 Lamech,
2042 1507 2111 1554 qui
2135 1506 2407 1554 interpretatur
2426 1513 2562 1542 Lamech.

1375 1571 1562 1618 humilis,
1593 1571 1655 1607 vel
1685 1570 1903 1607 humiliatio
1927 1570 1940 1591 ’ὁ
1968 1583 1975 1606 ;
2004 1582 2022 1604 «
2054 1568 2186 1607 Occidi
2217 1568 2347 1605 virum
2366 1567 2408 1604 in

1376 1634 1519 1670 vulnus
1539 1644 1692 1679 meum,
1729 1636 1765 1670 et
1793 1631 2131 1669 adolescentulum
2167 1631 2208 1667 in
2238 1630 2406 1667 livorem

1376 1706 1510 1732 meum
1534 1709 1546 1732 .·
1564 1709 1581 1730 »
1613 1706 1702 1731 ecce
1732 1694 2046 1731 adolescentulus
2070 1704 2141 1741 per
2168 1690 2406 1729 humiliatio-

1376 1769 1468 1794 nem
1499 1757 1734 1794 interfectus.
1768 1759 1818 1793 Dc
1848 1756 1968 1793 tertiis
1987 1756 2000 1778 ⁶
2022 1768 2030 1792 :
2066 1756 2227 1802 «Super
2251 1753 2406 1791 adoles-

1378 1820 1539 1857 centulis
1559 1820 1642 1866 ejus
1663 1830 1743 1856 non
1773 1818 2029 1855 delectabitur
2050 1816 2256 1862 Dominus,
2275 1817 2311 1852 et
2329 1825 2405 1862 pu-

1375 1883 1565 1930 pillorum
1597 1884 1634 1917 et
1668 1881 1881 1917 viduarum
1912 1880 1995 1926 ejus
2028 1889 2112 1915 non
2138 1876 2405 1919 miserebitur3

1377 1944 1470 1991 quia
1505 1943 1634 1980 omnis
1670 1942 1876 1991 hypocrita
1914 1944 1970 1977 est
2006 1950 2179 1989 nequam
2216 1952 2224 1976 :
2259 1952 2277 1975 »
2319 1948 2407 1975 ecce

1378 2003 1660 2042 adolescentuli
1698 2005 1856 2052 propter
1894 2002 2186 2040 simulationem
2219 1999 2403 2049 despecti.

1697 2110 1887 2145 Articulus
1907 2107 2091 2144 secundus.

1427 2192 1651 2230 Secundum
1679 2191 1902 2236 intimatur,
1931 2200 2021 2226 cum
2056 2189 2227 2225 dicitur:
2253 2191 2300 2225 Et
2330 2198 2408 2224 0072.-

1379 2259 1549 2302 temptus,
1565 2255 1706 2291 scilicet
1725 2254 1775 2291 ab
1795 2253 1898 2295 aliis,
1921 2255 1957 2289 ct
1970 2252 2023 2288 sic
2048 2250 2208 2288 humilis
2227 2250 2266 2287 in
2281 2249 2407 2287 oculis

1377 2317 1527 2354 alienis.
1547 2316 1612 2353 Hic
1639 2317 1765 2363 potest
1793 2314 1942 2360 notari,
1966 2312 2076 2361 quod
2108 2312 2250 2349 diversi
2280 2310 2407 2348 diver-

1377 2379 1529 2416 simode
1557 2380 1646 2414 sunt
1667 2376 1878 2424 contempti
1901 2388 1908 2412 :
1931 2375 2070 2421 legitur
2097 2374 2202 2411 enim
2233 2376 2406 2411 contern—

1376 2444 1465 2488 ptus
1485 2451 1643 2485 servus,
1665 2440 1912 2485 contemptus
1933 2439 2127 2482 sensatus,
2162 2437 2407 2483 contemptus

1376 2503 1564 2539 Dominus
1587 2515 1593 2537 :
1619 2511 1790 2549 quorum
1806 2499 1980 2548 primum
2000 2497 2225 2534 miserabile
2237 2508 2249 2543 3
2271 2506 2408 2533 secun-

1377 2564 1473 2600 dum
1499 2562 1782 2608 contristabile3
1817 2561 1972 2598 tertium
2006 2558 2324 2598 condemnabile.
2354 2559 2405 2594 De

1374 2626 1503 2674 primo
1524 2627 1538 2648 ⁷
1559 2639 1569 2662 ε
1595 2638 1612 2659 «
1637 2625 1775 2662 Libera
1801 2635 1888 2669 eos,
1921 2622 1989 2670 qui
2015 2611 2189 2659 serviunt
2210 2619 2404 2668 gentibuS,

1376 2690 1412 2724 et
1432 2690 1690 2736 contemptos,
1712 2689 1749 2724 et
1770 2686 2020 2724 abominatos
2040 2685 2204 2733 respice,
2227 2686 2270 2720 ut
2283 2682 2406 2720 sciant:

1375 2753 1522 2796 gentes,
1544 2749 1638 2797 quia
1658 2751 1698 2785 tu
1714 2759 1753 2784 es
1773 2750 1872 2785 Deus
1891 2749 2022 2784 noster
2046 2759 2054 2782 :
2077 2758 2094 2781 »
2121 2756 2208 2782 ecce
2230 2746 2404 2782 contem-

1373 2814 1462 2859 ptus
1493 2822 1641 2848 servus.
1672 2812 1721 2847 De
1754 2810 1929 2846 secundo
1949 2808 1962 2830 ⁸
1985 2821 1992 2845 :
2019 2808 2097 2844 «ln
2128 2807 2285 2844 duobus
2311 2815 2404 2842 con-

1373 2872 1566 2909 tristatum
1585 2874 1641 2908 est
1659 2882 1726 2908 cor
1753 2882 1906 2917 meum,
1932 2873 1968 2907 et
1995 2869 2036 2911 in
2057 2868 2168 2906 tertio
2197 2866 2404 2905 iracundia

1374 2934 1471 2970 mihi
1503 2933 1685 2971 advenit:
1719 2932 1779 2969 vir
1814 2931 1983 2969 bellator
2011 2930 2196 2967 deficiens
2220 2939 2292 2977 per
2322 2927 2404 2964 ino-

1372 2997 1494 3044 piam,
1516 2999 1553 3033 et
1571 2996 1630 3033 vir
1650 2998 1825 3032 sensatus
1852 2996 2118 3041 contemptus,
2139 2995 2176 3029 et
2194 2991 2262 3039 qui
2281 2992 2402 3027 trans-

1374 3059 1548 3105 greditur
1580 3069 1603 3095 a
1618 3057 1763 3105 justitia
1793 3056 1846 3094 ad
1877 3059 2082 3104 peccatum
2112 3066 2121 3091 :
2149 3069 2166 3090 »
2191 3064 2280 3091 eece
2312 3063 2403 3090 con-

1372 3124 1542 3169 temptus
1570 3122 1757 3157 sensatus.
1788 3120 1839 3155 De
1867 3118 1979 3155 tertio
2008 3118 2022 3139 ⁹
2051 3129 2060 3154 ι
2099 3129 2118 3152 «
2143 3115 2284 3154 Anima
2315 3125 2402 3162 quae

1371 3183 1616 3231 peccaverit,
1650 3184 1685 3219 et
1723 3183 1946 3229 contempto
1980 3179 2167 3226 Domino,
2201 3175 2403 3225 negaverit

1370 3246 1553 3292 proximo
1582 3255 1654 3282 suo
1682 3243 1927 3292 depositum,
1957 3241 2067 3290 quod
2094 3240 2189 3277 fidei
2217 3240 2300 3286 eJus
2319 3247 2402 3274 ere-

1372 3307 1498 3343 ditum
1512 3307 1684 3353 suerat,»
1708 3307 1780 3343 etc.
1803 3318 1812 3340 :
1835 3315 1924 3342 ecce
1939 3305 2185 3350 contemptus
2199 3299 2399 3337 Dominus.

1370 3413 1402 3445 ν,
1425 3406 1475 3437 31.
1490 3423 1530 3430 -
1550 3405 1560 3423 ⁴
1581 3404 1672 3436 Psal.
1694 3405 1874 3444 imvm-28.
1893 3419 1935 3428 -
1953 3403 1966 3424 ⁵
1982 3402 2075 3441 Gen„
2096 3406 2143 3439 1v‚
2162 3399 2214 3431 23.
2232 3414 2273 3422 --
2292 3396 2306 3419 ⁶
2321 3396 2399 3438 Isca„

1367 3453 1552 3530 1331}ng
1573 3452 1631 3530 ⁷v¹1⁴
1657 3451 1778 3521 ξίαεὴἿ
1802 3458 1832 3490 1,
1853 3451 1905 3490 25,
1929 3449 2024 3484 26.-
2047 3448 2058 3466 ⁸
2077 3444 2200 3487 Eccli„
2223 3451 2324 3485 xxvi,
2343 3444 2398 3476 26.

1549 3522 1570 3537 .,
1628 3523 1639 3538 ,
1661 3522 1687 3531 ..
