2633 3878
1106 189 1347 233 PSALMUS
1379 191 1552 234 CXVIII.

249 282 388 329 fidele,
428 281 661 330 sapientiam
697 281 884 328 praestans
913 279 1103 326 parvulis.
1141 293 1158 314 »
1193 281 1287 316 Ecce

250 344 471 382 testimonia
499 343 710 381 humilium
737 340 974 390 perfectiva:
1003 340 1175 389 ideoque
1202 341 1287 379 the-

250 417 390 445 saurus
428 406 610 444 radiosus
640 403 780 442 merito
819 403 961 440 dicitur
1000 403 1169 440 verbum
1199 403 1288 450 Dei,

251 473 442 519 quantum
473 469 526 507 ad
555 467 776 506 doctrinam
802 466 897 504 Novi
922 467 1173 515 Testamenti,
1202 479 1290 516 quae

250 533 380 571 reddit
397 532 650 581 perspicuum
666 529 934 568 testimonium
955 530 1120 567 veritati.

590 636 782 673 Articulus
808 637 950 672 tertius.

302 722 505 758 Delectatus
529 730 620 757 sum.
644 720 723 756 Hoc
751 719 893 756 dicitur
918 721 1112 766 quantum
1142 719 1194 756 ad
1220 729 1294 756 coe-

253 783 367 820 lestes
386 782 617 830 anagogias,
637 792 725 830 quae
742 781 936 818 delectant
954 784 1104 818 mentes
1122 784 1294 818 contem-

252 846 434 893 plativas.
463 847 506 883 Et
530 847 645 891 nota,
672 843 783 892 quod
809 843 850 880 in
876 843 1053 890 qualibet
1080 843 1294 882 delectatur

254 907 581 954 contemplativus
603 906 778 951 animus,
806 908 889 942 tum
915 908 1076 953 propter
1095 906 1293 953 sapientiae

253 969 506 1014 suavitatem,
537 972 619 1005 tum
645 970 807 1016 propter
826 967 1023 1004 sententiae
1043 968 1291 1015 varietatem,

253 1033 338 1069 tum
369 1034 531 1079 propter
562 1030 774 1067 influentiae
808 1030 1049 1067 charitatem.
1090 1033 1130 1068 ln
1163 1031 1293 1079 primo

254 1093 424 1132 delectat
442 1093 643 1141 sapientiae
665 1093 857 1130 subtilitas
866 1106 876 1140 3
898 1093 939 1128 in
960 1094 1150 1140 secundo,
1171 1094 1295 1141 ipsius

254 1156 455 1193 mobilitas
464 1169 474 1202 3
487 1156 528 1193 in
538 1156 665 1202 tertio,
684 1155 862 1202 eJusdem
876 1155 1035 1192 utilitas
1053 1158 1103 1193 De
1117 1157 1247 1204 primo
1263 1156 1291 1195 ¹:

257 1232 276 1253 a
305 1220 428 1256 Cerva
465 1219 689 1264 carissima,
730 1221 767 1255 et
808 1218 1051 1265 gratissimus
1090 1219 1292 1255 hinnulus.

255 1281 382 1318 Ubera
410 1281 494 1328 ers
522 1281 718 1318 inebrient
749 1284 785 1317 te
819 1281 928 1317 omni
956 1283 1157 1328 tempore,
1192 1284 1228 1317 et
1255 1282 1296 1318 in

255 1353 391 1380 amore
424 1344 508 1390 ejus
541 1343 736 1381 delectare
765 1343 922 1390 Jugiter.
957 1357 974 1378 >³
1009 1345 1100 1388 Quae
1137 1347 1193 1381 est
1224 1344 1297 1381 ista

257 1416 373 1443 cerva
394 1405 615 1452 carissima,
638 1406 713 1443 nisi
733 1406 868 1443 divina
883 1407 1095 1454 sapientia,
1113 1418 1234 1455 quam
1256 1407 1296 1444 in

256 1471 458 1508 montibus
479 1471 634 1508 aeternis
653 1471 827 1508 humana
845 1473 1011 1508 venatur
1030 1471 1296 1519 perspicacia?

258 1533 350 1578 Quis
371 1534 614 1580 gratissimus
632 1534 841 1579 hinnulus,
868 1534 941 1570 nisi
966 1534 1138 1570 veritatis
1162 1534 1296 1571 radius

255 1595 297 1631 in
316 1595 505 1643 mysterio
527 1596 811 1632 absconditus?
829 1598 920 1641 Quae
939 1596 1137 1644 sapientiae
1157 1597 1295 1641 ubera,

255 1657 329 1693 nisi
361 1658 473 1694 varia
503 1658 884 1706 contemplationum
914 1661 1084 1705 genera?
1101 1660 1186 1695 Haec
1213 1659 1296 1695 ine-

255 1720 387 1757 briant
407 1721 612 1758 hominem
644 1732 716 1769 per
746 1722 889 1758 mentis
921 1721 1214 1759 alienationem.
1256 1725 1298 1759 ln

256 1793 392 1820 amore
402 1783 507 1820 illius
525 1783 680 1820 hinnuli
697 1784 843 1831 J'ugiter
862 1784 1128 1829 delectantur,
1146 1785 1214 1832 qui
1234 1785 1298 1823 die

257 1856 302 1882 ac
315 1848 429 1883 nocte
441 1846 482 1882 in
494 1846 579 1893 lege
595 1846 748 1883 Domini
765 1846 1017 1893 meditantur,
1031 1849 1068 1883 et
1080 1846 1180 1884 inter
1193 1847 1297 1894 figu-

256 1919 394 1946 rarum
411 1908 553 1946 fruteta
573 1909 744 1946 veritatis
768 1909 927 1946 radium
947 1909 1102 1946 assidue
1120 1920 1299 1958 perscru-

257 1974 400 2009 tantur.
423 1974 475 2009 De
496 1971 671 2008 secundo
686 1973 724 2008 ⁶2:
745 1984 763 2005 «
781 1971 1010 2009 Delectabar
1028 1982 1099 2020 per
1120 1972 1299 2019 singulos

259 2034 341 2071 dies
366 2034 509 2072 ludens
540 2045 675 2072 coram
703 2045 763 2071 eo.
780 2047 797 2068 »
821 2034 948 2072 Verba
970 2037 1060 2071 sunt
1082 2034 1298 2082 sapientiae,

258 2107 346 2145 quae
380 2096 597 2134 delectatur
631 2096 881 2144 sapientiales
921 2096 1099 2144 quotidie
1138 2097 1300 2134 delicias

258 2158 578 2206 contemplativis
597 2159 798 2196 mentibus
815 2159 1066 2205 instruendo,
1089 2162 1125 2197 et
1143 2160 1301 2196 videtur

257 2222 395 2259 ludere
423 2233 560 2260 coram
585 2225 685 2268 Deo,
715 2222 764 2259 de
789 2222 926 2270 paucis
945 2222 1150 2270 Scripturae
1169 2223 1301 2259 verbis

257 2284 522 2322 multiformes
556 2285 765 2323 sententias
801 2285 994 2322 eruendo.
1033 2287 1085 2322 De
1119 2285 1232 2322 tertio
1253 2287 1298 2322 ³:

265 2360 281 2381 α
300 2347 562 2385 Delectabitur
590 2348 718 2384 infans
748 2347 799 2384 ab
828 2348 950 2384 ubere
977 2358 1096 2395 super
1121 2348 1302 2385 foramen

259 2409 427 2457 aspidis,
461 2413 497 2446 et
526 2410 567 2446 in
600 2421 770 2447 caverna
800 2409 952 2456 reguli,
979 2410 1048 2457 qui
1084 2409 1302 2447 ablactatus

260 2469 388 2517 fuerit,
404 2482 568 2507 manum
578 2482 692 2508 suam
707 2472 842 2509 mittet.
861 2484 879 2506 ³)
897 2473 967 2507 Per
986 2471 1176 2508 infantem
1190 2472 1302 2509 intel-

260 2531 339 2579 lige
365 2533 583 2580 quemlibet
608 2533 859 2580 ignorantem
869 2546 879 2580 ;
912 2544 984 2582 per
1006 2532 1163 2580 ubera,
1179 2534 1302 2571 verba

261 2597 299 2631 et
319 2595 557 2633 documenta
584 2596 803 2641 salutifera3
831 2607 902 2644 per
930 2596 1135 2643 regulum,
1162 2607 1302 2644 pecca-

260 2660 343 2694 tum
364 2658 578 2705 superbiae3
600 2669 670 2706 per
691 2658 870 2706 aspidem
891 2659 1053 2695 surdam
1067 2687 1078 2706 ,
1097 2661 1303 2707 peccatum

259 2719 551 2757 inobedientiae.
582 2721 712 2758 Infans
743 2731 836 2768 ergo
869 2721 919 2758 ab
945 2721 1068 2758 ubere
1098 2732 1217 2769 super
1241 2720 1302 2758 fo-

259 2793 398 2820 ramen
429 2783 577 2832 aspidis
609 2787 646 2821 et
671 2794 883 2821 cavernam
915 2783 1042 2830 reguli
1068 2784 1303 2830 delectatur,

261 2856 351 2882 cum
381 2846 591 2893 ignorans,
627 2849 716 2894 post
743 2847 930 2884 haustum
955 2846 1144 2884 doctrinae
1167 2846 1303 2884 saluti-

259 2908 370 2954 ferae,
409 2909 658 2946 tentamentis
694 2909 889 2957 superbiae
927 2908 991 2945 vet
1029 2908 1304 2947 inobedientiae

262 2979 344 3006 non
367 2972 566 3017 gravatur.

593 3071 780 3107 Articulus
810 3074 973 3117 quartus.

313 3159 415 3195 Sicut
435 3161 475 3195 in
489 3159 651 3196 omnibus
668 3158 826 3196 divitiis.
849 3161 929 3196 Hoc
950 3158 1092 3196 dicitur
1113 3162 1306 3207 quantum

266 3221 319 3258 ad
340 3223 541 3259 terrestres
560 3221 822 3270 tropologias,
850 3221 996 3269 quibus
1022 3221 1210 3259 ditissime
1239 3233 1306 3260 cu-

266 3284 441 3322 mulatur
460 3284 605 3322 devota
631 3283 868 3321 studiositas.
900 3286 1064 3322 lstarum
1083 3284 1233 3322 deliciae
1252 3286 1307 3322 sic

267 3346 487 3394 delectant,
515 3347 614 3385 sicut
643 3357 782 3386 omnes
802 3346 946 3384 divitiae
967 3358 975 3382 :
999 3346 1187 3384 nimirum
1211 3357 1306 3394 pur-

314 3482 322 3504 ¹
342 3482 453 3523 Prov„
475 3489 510 3524 v,
534 3483 586 3515 19.
607 3499 648 3507 —
668 3481 680 3500 ²
699 3481 809 3520 Pron„
831 3487 913 3522 vni,
934 3481 987 3514 30.
1006 3496 1047 3505 -
1070 3480 1080 3499 ³
1098 3479 1179 3522 1sa.,
1198 3487 1252 3522 ri,
1273 3482 1304 3514 8.

482 3553 582 3584 Tou.
614 3555 674 3584 ix.

2322 205 2395 243 337

1365 285 1471 328 gant,
1502 282 1745 328 illuminant,
1775 287 1811 321 et
1846 292 2140 333 consummant,
2177 289 2283 327 velut
2315 292 2401 329 aliae

1365 343 1509 380 divitiae
1537 345 1774 383 multifariae.
1807 348 1913 385 Unde
1945 352 2060 395 nota,
2091 352 2201 398 quod
2227 356 2318 389 sunt
2346 354 2401 390 di-

1365 406 1468 443 vitiae
1496 407 1677 453 fortunae,
1698 409 1851 455 gratiae,
1879 411 2029 456 gloriae.
2053 414 2188 451 Primae
2207 421 2398 463 purgant3

1366 469 1548 506 secundoe
1586 470 1839 508 illuminant:
1875 473 1994 509 tertiae
2026 481 2316 514 consummant.
2351 481 2400 516 De

1365 531 1503 578 primis
1518 533 1532 554 δ
1547 545 1555 568 :
1573 533 1830 581 «Redemptio
1845 535 1986 571 animae
2005 537 2091 583 viri,
2115 538 2258 576 divitiae
2277 552 2397 578 suae.»

1368 595 1418 630 De
1445 594 1628 631 secundis
1654 596 1696 632 ⁵:
1723 608 1741 630 «
1766 596 1855 633 Mihi
1888 600 2018 634 autem
2049 600 2225 637 omnium
2253 607 2402 640 sancto-

1366 665 1457 691 rum
1482 656 1648 694 minimo
1687 658 1779 695 data
1807 662 1863 696 est
1893 659 2018 706 gratia
2042 660 2124 697 haee
2153 662 2193 698 in
2220 665 2403 710 gentibus

1368 718 1638 764 evangelizare
1658 719 1952 768 investigabiles
1971 722 2126 760 divitias
2145 725 2295 762 Christi.
2319 740 2334 759 »
2355 730 2402 763 De

1368 780 1487 816 tertiis
1513 782 1550 817 ⁶:
1583 783 1665 818 «Ut
1689 783 1839 829 sciatis,
1870 795 1959 831 quae
1989 784 2036 821 sit
2067 796 2155 833 spes
2188 788 2404 825 vocationis

1369 842 1473 888 ejus,
1494 846 1530 880 et
1549 854 1637 891 quae
1658 844 1802 882 divitiae
1820 845 1954 893 gloriae
1973 847 2208 886 haereditatis
2229 850 2324 895 eJ'uS.
2351 864 2368 885 »

1805 954 1975 996 Epilogus.

1420 1032 1515 1069 Dicit
1548 1043 1641 1080 ergo
1670 1033 1862 1081 Propheta
1895 1036 1934 1071 in
1966 1046 2137 1083 persona
2167 1039 2406 1086 poenitentis,

1369 1096 1538 1132 verbum
1571 1095 1636 1132 Dei
1678 1096 1865 1134 tenaciter
1898 1099 2171 1147 custodientis,
2206 1106 2242 1139 et
2280 1106 2407 1141 custo-

1371 1158 1519 1195 diendo
1544 1159 1791 1206 respirantis:
1823 1161 1866 1195 In
1891 1163 1970 1203 υία,
1997 1166 2190 1209 quantum
2215 1165 2267 1201 ad
2291 1166 2408 1203 artifi-

1371 1221 1497 1258 ciosas
1523 1221 1731 1268 allegorias
1741 1234 1750 1266 3
1777 1224 2076 1260 Testimoniorum
2103 1230 2264 1273 tuorum,
2286 1239 2408 1276 quan-

1370 1285 1454 1319 tum
1474 1283 1526 1320 ad
1545 1283 1723 1321 radiosas
1743 1285 1913 1322 theorias
1921 1298 1932 1332 3
1951 1288 2153 1324 Delectatus
2173 1300 2264 1335 sum,
2287 1301 2409 1338 (suan-

1371 1347 1454 1382 tum
1481 1346 1533 1383 ad
1559 1346 1765 1384 deliciosas
1791 1348 2028 1396 anagogias;
2056 1351 2155 1387 Sicut
2181 1355 2220 1389 in
2246 1355 2408 1391 omnibus

1372 1407 1528 1454 diviciis,
1546 1412 1738 1456 quantum
1755 1410 1808 1447 ad
1828 1411 2071 1459 tropologias
2092 1414 2286 1461 copiosas,
2299 1417 2408 1454 Unde

1371 1469 1559 1508 nimirum
1585 1472 1781 1509 custodire
1812 1474 1995 1510 convenit
2020 1475 2085 1512 Dei
2111 1476 2299 1524 verbum,
2329 1482 2409 1516 tan-

1373 1543 1494 1580 quam
1509 1534 1736 1571 thesaurum
1754 1535 2023 1583 artificiosum,
2040 1542 2233 1585 quantum
2254 1540 2306 1577 ad
2325 1551 2409 1578 sen-

1372 1606 1459 1631 sum
1477 1596 1759 1644 allegoricum3
1786 1598 2008 1646 radiosum,
2031 1603 2224 1647 quantum
2249 1602 2301 1638 ad
2327 1614 2412 1640 sen-

1371 1668 1460 1693 sum
1483 1657 1723 1706 theoricum,
1747 1659 1999 1707 deliciosum,
2030 1666 2223 1709 quantum
2249 1664 2301 1701 ad
2325 1676 2411 1702 sen-

1371 1729 1460 1755 sum
1479 1721 1762 1768 anagogicum3
1785 1722 2016 1770 copiosum,
2040 1728 2234 1772 quantum
2255 1727 2306 1764 ad
2322 1738 2411 1764 sen-

1371 1793 1459 1819 sum
1479 1783 1785 1831 tropologicum.

1736 1933 1954 1963 VERStCULus
1979 1937 2045 1962 XV.

1421 2037 1464 2071 In
1483 2036 1665 2072 mandatis
1685 2039 1756 2073 tuis
1777 2039 1973 2086 exercebor,
1989 2042 2060 2077 etc.
2077 2041 2181 2079 Sicut
2195 2043 2411 2081 versiculus

1372 2098 1642 2144 praeambulus
1686 2102 1932 2147 congruebat
1977 2104 2260 2151 respirantibus
2275 2134 2285 2151 ‚
2330 2118 2410 2143 me-

1375 2159 1506 2196 diante
1530 2161 1597 2197 Dei
1624 2162 1763 2207 verbo,
1790 2163 1892 2199 illud
1920 2165 2107 2202 tenaciter
2136 2168 2410 2216 custodiendo,

1375 2222 1429 2258 sic
1450 2225 1487 2259 et
1505 2223 1575 2259 iste
1595 2224 1777 2271 congruit
1796 2227 2102 2275 respirantibus,
2124 2230 2323 2268 mediante
2346 2233 2411 2271 Dei

1375 2285 1514 2333 verbo,
1537 2287 1669 2335 ipsum
1690 2288 1899 2326 efficaciter
1918 2291 2192 2339 adimplendo,
2213 2305 2283 2331 seu
2301 2295 2411 2333 viva—

1376 2349 1471 2387 citer
1491 2352 1710 2398 operando.
1734 2353 1842 2390 Unde
1863 2357 1956 2391 nota
1976 2360 2148 2403 quatuor
2167 2358 2413 2397 conditiones

1375 2411 1413 2448 in
1434 2413 1511 2450 hoc
1530 2414 1725 2453 versiculo
1743 2444 1754 2461 ,
1773 2427 1862 2463 quae
1881 2417 2007 2455 vivaci
2029 2423 2254 2466 congruunt
2272 2433 2412 2470 opera-

1376 2474 1434 2511 rio
1457 2486 1466 2511 z
1488 2474 1692 2522 videlicet,
1715 2478 1827 2524 quod
1846 2489 1927 2516 non
1946 2480 1994 2516 sit
2012 2481 2189 2528 tepidus,
2210 2484 2411 2532 torpidus,

1376 2535 1563 2583 stolidus,
1593 2537 1799 2585 stupidus3
1821 2539 1891 2576 sed
1919 2541 2050 2588 potius
2079 2554 2098 2579 o
2132 2554 2345 2591 converso,
2366 2546 2414 2584 sit

1377 2598 1517 2635 avidus
1546 2598 1587 2635 in
1616 2599 1778 2646 aflectu,
1806 2601 1961 2639 validus
1981 2603 2021 2639 in
2040 2603 2198 2652 effectu,
2219 2608 2412 2654 providus

1376 2661 1416 2698 in
1435 2665 1668 2709 prospectu,
1689 2663 1865 2702 fervidus
1885 2665 1925 2702 in
1943 2666 2133 2714 prosectu.

1712 2770 1902 2808 Articulus
1920 2774 2073 2818 primus.

1424 2851 1599 2889 Primum
1619 2855 1793 2898 notatur,
1814 2865 1905 2891 cum
1926 2855 2042 2892 dicit:
2065 2858 2107 2893 In
2125 2859 2307 2896 mandatis
2327 2863 2411 2897 tuis.

1378 2915 1475 2951 Cum
1504 2915 1609 2952 enim
1629 2916 1839 2964 mandata,
1861 2928 1943 2955 non
1971 2919 2141 2966 monita,
2167 2931 2249 2958 non
2280 2933 2415 2969 preces

1377 2977 1607 3025 praetendit,
1647 2979 1718 3016 sed
1757 2980 1926 3017 ostendit
1965 2981 2062 3029 quid
2093 2982 2283 3030 intendit,
2322 2986 2415 3033 quia

1378 3039 1524 3077 scilicet
1539 3051 1621 3077 non
1636 3041 1781 3089 tepide,
1802 3042 1872 3079 sed
1888 3043 2004 3080 avide
2020 3044 2183 3083 obedire
2201 3047 2411 3084 contendit.

1378 3103 1421 3138 Et
1439 3104 1553 3148 nota,
1576 3103 1686 3151 quod
1707 3104 1843 3142 divina
1870 3105 2055 3143 mandata
2084 3111 2173 3144 sunt
2195 3113 2415 3146 reverenter

1379 3163 1603 3210 audienda,
1631 3166 1859 3203 memoriter
1890 3167 2172 3214 custodienda,
2201 3169 2412 3207 inviolabi-

1379 3225 1466 3263 liter
1486 3226 1760 3275 adimplenda.
1790 3230 1966 3273 Quorum
1994 3231 2168 3277 primum
2195 3234 2343 3278 spectat
2363 3233 2414 3269 ad

1378 3289 1598 3336 potentiam
1618 3290 1950 3338 apprehensivam
1965 3304 1975 3337 ;
2003 3292 2240 3339 secundum,
2263 3294 2315 3330 ad
2343 3306 2415 3343 po-

1379 3351 1542 3390 tentiam
1578 3353 1811 3390 retentivam
1825 3366 1836 3400 ;
1882 3354 2058 3400 tertium,
2103 3354 2156 3391 ad
2199 3359 2415 3403 potentiam

1380 3451 1419 3459 —
1445 3436 1460 3458 ⁴
1482 3436 1592 3476 Prov„
1622 3443 1707 3476 xiii,
1727 3438 1758 3468 8.
1785 3453 1825 3460 —
1848 3437 1862 3458 ⁵
1882 3437 2018 3478 Ephes„
2042 3445 2097 3478 ιιι,
2129 3441 2159 3471 8.
2180 3456 2220 3464 -
2245 3442 2256 3459 ⁰
2280 3442 2413 3483 Ephes„

1380 3490 1404 3522 1,
1423 3484 1474 3516 18.

2151 3549 2202 3588 52⁶2.

2422 365 2547 393 Divitias.

2433 2434 2569 2468 Opersrii

2446 2475 2558 2501 vivacis

2433 2515 2573 2542 conditio-

2432 2565 2495 2584 nee.
