2633 3878
165 335 203 368 Si
224 345 297 368 vere
319 337 431 378 utique
443 336 635 378 Justittam,
667 333 790 366 Psalm.
812 333 863 365 57.
887 331 973 370 Quid
1003 331 1096 372 loqui

208 393 330 416 verum
356 393 454 423 vere,
481 383 536 415 vel
565 382 649 414 falso
682 381 740 422 (a).
772 379 932 412 Mandata
966 382 1096 411 naturae

208 432 275 464 duo
296 433 353 472 (α).
380 431 479 470 Quod
506 430 595 463 funis
620 428 666 470 (b)
698 427 930 468 multipliciter
962 426 1095 459 dicitur.

208 479 302 517 Quod
332 479 426 510 furor
446 480 498 510 est
515 486 618 518 poena
639 477 702 516 (a),
729 475 784 506 vel
811 476 990 514 peccatum
1005 498 1016 513 ‚
1042 473 1096 505 vel

207 527 326 558 contra
345 527 537 567 peccatum.
558 523 657 562 Quod
678 524 837 563 peccator
867 521 975 562 aspidi
1002 529 1093 552 com-

207 576 346 614 paratur
365 575 509 614 quatuor
531 572 572 604 de
595 570 718 603 causis.
740 569 838 607 Quod
854 568 918 600 tria
939 569 1017 599 sunt
1036 576 1093 608 ge—

205 629 289 652 nera
306 620 470 652 dentium.
487 619 650 650 Triduum
668 616 818 649 hominis
850 616 906 656 (α).

165 665 268 707 Eripe
285 677 337 698 nze
352 666 392 698 de
413 667 558 698 inimicis
576 665 670 702 nzeiS,
688 664 810 696 Psalm.
829 664 881 695 58.
897 662 1094 703 Sepulcrum

206 713 329 745 Christi
356 714 478 745 domus
506 714 578 754 ejus
603 713 666 744 sub
696 710 818 751 triplici
849 712 1008 751 respectu
1037 710 1093 751 (a).

203 761 340 801 Triplex
360 760 432 801 ejus
458 760 613 792 liberatio
639 759 699 800 (a).
721 758 870 791 Christus
897 757 1092 799 quadrupli-

204 808 287 840 citer
308 808 392 840 vivit
412 808 468 849 (c).
487 808 586 846 Quod
600 807 753 839 Christus
772 805 906 847 gallinae
922 814 1095 845 compara-

204 856 259 886 tur
267 857 409 896 propter
423 855 584 896 quinque.
606 853 704 892 Quod
718 854 825 885 tames
840 855 890 884 est
904 851 1092 892 multiplex.

204 902 254 933 De
274 901 452 942 multiplici
471 901 653 933 occisione.
683 901 732 932 De
760 898 938 940 multiplici
964 898 1095 930 deduc-

204 948 309 980 tione.

163 995 263 1035 Deus,
282 996 442 1037 repulisti
463 1005 532 1034 nos,
556 996 680 1027 Psalm.
698 997 748 1027 59.
772 995 820 1026 De
841 992 1019 1034 multiplici
1036 1002 1094 1024 re-

201 1042 370 1083 pulsione.
392 1044 440 1075 Dc
465 1043 652 1074 mutatione
682 1041 870 1082 multiplici.
908 1043 956 1072 De
985 1040 1093 1071 multi-

203 1089 282 1130 plici
298 1090 393 1122 vino.
415 1091 503 1128 Quid
522 1090 660 1130 Galaad,
677 1090 864 1130 Manasses,
882 1087 1042 1129 Ephraim
1060 1090 1094 1119 et

201 1137 289 1168 Juda
303 1137 494 1178 significent
508 1137 566 1178 (α).
590 1139 637 1169 De
654 1136 832 1176 multiplici
847 1136 1090 1167 calceamento.

200 1184 338 1225 Triplici
353 1185 455 1216 modo
468 1185 510 1216 ad
520 1185 664 1216 nihilum
685 1184 806 1215 deduci
818 1183 893 1224 quis
908 1185 1020 1223 potest
1032 1183 1090 1223 (a).

160 1230 309 1272 Exaudi,
329 1232 435 1269 Deus,
457 1231 719 1272 deprecationem
739 1239 863 1271 meam,
885 1230 1007 1261 Psalm.
1039 1230 1091 1261 60.

204 1278 384 1315 Quomodo
409 1278 623 1319 operandum
644 1278 703 1318 (a).
725 1279 773 1309 De
800 1277 986 1309 tentatione
1008 1276 1090 1317 Dei,

202 1325 352 1357 hominis
367 1350 377 1366 ,
404 1325 541 1358 diaboli.
567 1327 616 1357 De
646 1325 823 1366 multiplici
841 1324 928 1357 turri
947 1327 981 1356 et
998 1324 1091 1356 vela-

202 1372 293 1404 mine
316 1374 374 1414 (α).

160 1419 276 1451 Nonne
295 1421 363 1452 Deo
381 1420 528 1461 subjecta
547 1422 638 1458 erit,
667 1421 791 1453 Psalm.
817 1423 868 1453 61.
901 1421 950 1452 De
978 1420 1094 1452 multi-

202 1467 281 1507 plici
295 1467 338 1508 (d)
347 1469 451 1500 tactu.
465 1470 513 1500 De
524 1468 649 1509 triplici
661 1468 865 1500 hierarchia.
883 1469 930 1499 De
945 1470 1090 1508 quatuor

201 1513 538 1555 interpretationibus
556 1516 708 1547 nominis
723 1515 817 1547 Abel.
833 1515 931 1553 Quod
943 1515 1092 1546 Ecclesia

202 1560 343 1602 incoepit
369 1562 412 1593 ab
441 1562 546 1602 Abel,
567 1565 601 1594 et
625 1571 695 1594 non
727 1562 769 1594 ab
796 1562 927 1602 Adam,
947 1562 1094 1602 quadru-

202 1608 281 1648 plici
302 1610 340 1649 (e)
361 1609 402 1640 de
423 1618 536 1642 causa.

160 1654 209 1686 De
229 1655 432 1695 humilitate,
461 1659 494 1688 et
515 1658 589 1697 eJ'us
608 1656 884 1689 remuneratione
917 1656 973 1696 (a).
995 1657 1093 1694 Quod

201 1704 379 1742 peccatum
397 1703 505 1735 tribus
523 1703 633 1736 modis
653 1703 888 1736 committitur.
914 1704 1013 1741 Quod
1038 1704 1094 1735 lex

203 1751 334 1790 septem
352 1750 462 1782 modis
477 1751 612 1784 dicitur.
634 1752 733 1790 Quod
753 1753 842 1783 Deus
862 1751 1094 1791 multipliciter

202 1796 363 1838 loquitur.

161 1843 261 1882 Deus,
281 1844 370 1876 Deus
383 1854 486 1885 meus,
505 1844 549 1876 ad
568 1847 598 1876 te
620 1845 660 1876 de
679 1845 760 1886 luce,
781 1845 906 1877 Psalm.
924 1847 977 1877 62.
996 1845 1094 1883 Quod

202 1891 329 1932 aliquid
347 1891 385 1923 fit
403 1892 535 1924 aridum
554 1892 742 1933 tripliciter.
767 1893 865 1930 Quod
894 1892 930 1923 in
954 1892 1009 1923 siti
1030 1893 1095 1923 tria

202 1938 434 1971 attenduntur.
453 1939 550 1977 Quod
564 1939 668 1980 adeps
681 1939 831 1978 interior,
846 1939 965 1971 arvina
978 1938 1024 1980 (f)
1039 1948 1093 1971 ex-

201 1985 308 2017 terior
328 1986 374 2027 (q)
396 1986 530 2018 dicitur.
548 1987 597 2018 De
616 1986 796 2027 multiplici
815 1986 926 2027 adipe.

162 2032 261 2070 Quod
285 2033 374 2065 labia
389 2034 619 2074 multipliciter
641 2034 810 2066 dicuntur.
833 2034 931 2071 Quod
950 2036 1093 2066 stratum

202 2080 434 2122 multipliciter
446 2082 579 2113 dicitur.
601 2083 698 2120 Quod
717 2091 817 2114 mane
831 2082 1010 2123 multiplex
1029 2085 1090 2114 est.

203 2130 252 2161 De
278 2130 544 2170 proprietatibus
570 2131 702 2172 vulpis,
736 2134 769 2163 et
800 2131 893 2172 quod
922 2131 1094 2172 principes

203 2177 284 2208 mali
303 2177 397 2218 vulpi
416 2181 673 2219 comparantur.

162 2223 313 2263 Exaudi,
338 2225 448 2262 Deus,
475 2227 658 2258 orationem
678 2235 806 2264 meanz,
833 2235 906 2258 cum
926 2223 1094 2267 deprecor,

204 2273 329 2304 Psalm.
359 2275 411 2305 63.
431 2274 480 2305 De
499 2274 665 2314 petitione
692 2275 763 2306 sive
790 2275 992 2315 amotionis,
1022 2275 1092 2306 sive

204 2320 425 2361 appositionis
437 2321 706 2354 tribulationum.
723 2322 822 2359 Quod
842 2322 968 2363 linguae
988 2322 1094 2353 malo·

203 2376 282 2399 rum
302 2371 544 2409 comparantur
562 2369 681 2410 gladiis
696 2369 802 2401 acutis
817 2372 962 2410 quatuor
982 2369 1030 2410 (Ιι)
1052 2369 1094 2401 de

164 2424 487 2498 Τεοῗῖὲἒὲῖήῃνηηιιε,
505 2457 604 2497 Deus,
627 2457 662 2488 in
678 2457 770 2495 Sion,
783 2457 906 2490 Psalm.
930 2458 983 2489 64.
997 2457 1095 2495 Quod

204 2504 384 2536 sabbatum
403 2504 438 2535 in
458 2507 579 2536 octava
603 2504 742 2536 Paschae
760 2504 882 2536 dicitur
894 2505 930 2536 in
948 2505 1043 2536 albis.

164 2550 357 2583 Discrimen
376 2551 464 2583 inter
484 2551 722 2592 repraesentari
740 2554 773 2584 et
783 2552 978 2593 significari.
999 2552 1097 2590 Quod

209 2607 329 2630 omnes
350 2599 477 2630 Levitae
489 2599 637 2631 decimas
647 2599 772 2630 dabant
785 2608 918 2630 Summo
932 2599 1098 2640 pontifici,

209 2648 242 2678 et
258 2655 378 2678 omnes
393 2646 504 2678 Judaei
521 2646 659 2678 Levitis.
687 2647 737 2678 De
759 2646 938 2685 electione,
962 2647 1097 2688 subjec-

208 2693 301 2725 tione
330 2695 364 2725 et
390 2693 644 2734 praeelectione.
661 2694 735 2731 Quo
752 2693 828 2734 jure
845 2703 866 2725 a
888 2695 960 2725 Deo
975 2697 1097 2734 peten-

209 2740 290 2772 dum
308 2742 346 2772 ut
363 2749 427 2772 nos
447 2741 607 2772 exaudiat
634 2741 690 2781 (a).
717 2740 929 2781 Repletionis
955 2741 1098 2773 diversae

207 2787 359 2820 rationes
379 2788 439 2828 (a).
460 2788 527 2820 Cur
549 2796 699 2828 praesens
714 2787 879 2820 saeculum
898 2789 984 2820 mari
1001 2797 1099 2820 com-

208 2837 346 2876 paretur
360 2835 419 2875 (a).
439 2835 550 2874 Quare
563 2835 670 2866 sancti
683 2835 837 2867 dicantur
856 2838 1002 2867 montes.
1020 2835 1099 2873 Qui-

207 2883 272 2915 bus
301 2882 412 2915 modis
441 2885 532 2915 terra
559 2882 787 2914 foecundetur.
816 2883 1098 2915 Benedictionum

209 2930 353 2963 diversae
373 2930 517 2971 species.
540 2931 577 2962 in
596 2929 719 2971 quibus
747 2929 891 2962 verbum
912 2930 973 2962 Dei
999 2929 1098 2963 semi-

209 2980 329 3010 natum
348 2977 404 3010 sit.

168 3024 314 3058 Jubz'late
333 3025 414 3067 Deo,
429 3026 536 3058 omnis
558 3027 660 3067 terra,
682 3025 806 3059 Psalm.
825 3027 876 3058 65.
904 3025 1003 3064 Quod
1023 3025 1098 3067 qui-

211 3073 289 3105 dam
305 3075 487 3114 expectant
501 3077 534 3106 et
549 3075 783 3115 expectantur,
799 3073 937 3115 quidam
949 3082 1032 3105 non.
1050 3074 1099 3105 De

212 3121 318 3163 arida,
346 3124 380 3154 et
407 3122 448 3154 de
473 3122 611 3155 homine
633 3123 693 3164 (a).
727 3122 874 3161 Quinam
893 3122 982 3154 sicco
1012 3121 1099 3163 pede

212 3170 385 3201 transeant
404 3170 520 3201 mundi
544 3171 687 3210 flumen,
707 3170 845 3212 quinam
864 3179 947 3202 vero
966 3170 1102 3201 immer-

214 3219 347 3258 gantur.
369 3217 467 3255 Quod
483 3217 590 3258 judex
615 3220 835 3258 exasperatur
854 3218 890 3258 (i)
911 3216 1099 3258 tripliciter.

214 3265 263 3296 De
280 3263 404 3304 triplici
414 3267 510 3296 motu
524 3265 583 3306 (α).
601 3266 650 3297 De
668 3264 823 3297 examine
836 3265 1022 3306 perignem
1040 3263 1099 3304 (a).

214 3311 264 3344 De
282 3311 458 3352 refrigerio
476 3312 665 3354 multiplici.

1151 241 1324 284 INDEX.

1139 615 1157 645 to

1161 613 1198 645 Ξ

1138 944 1197 976 228

1137 1183 1197 1213 229

1137 1373 1196 1404 230

1137 1609 1196 1641 230

1137 1987 1194 2019 231

1141 2505 1200 2537 232

1142 2978 1201 3010 233

1146 3312 1204 3343 234

211 3426 249 3461 (a)
263 3427 326 3454 Hoc
338 3434 398 3455 uon
414 3427 524 3456 habent
542 3429 605 3455 caet.
619 3427 688 3456 edit.
702 3441 737 3448 —
751 3441 784 3447 —
804 3427 839 3463 (b)
852 3427 926 3455 Item
941 3426 1019 3455 finis.
1034 3441 1067 3448 -
1082 3427 1116 3463 (c)
1132 3426 1205 3456 Caet.

176 3467 246 3496 edit.
261 3468 334 3496 add.
351 3470 515 3497 secundum
532 3469 725 3497 divinitatem.
739 3483 774 3490 —
791 3469 838 3504 (d)
861 3469 933 3497 Caet.
953 3469 1024 3497 edic.
1038 3469 1158 3505 duplici.
1173 3483 1206 3489 —

177 3509 212 3544 (e)
233 3509 306 3536 Item
328 3511 446 3546 triplici.
466 3526 501 3532 -
525 3511 564 3546 (s)
585 3511 658 3540 Caet.
680 3511 751 3539 edit.
770 3511 896 3539 aruima.
912 3510 1000 3547 —(y)
1023 3510 1129 3548 Suppl.
1145 3511 1208 3548 pin-

176 3550 283 3585 guedo.
298 3565 331 3572 —
345 3551 386 3587 (Ιι)
404 3551 475 3580 Coet.
488 3553 559 3581 edit.
573 3553 714 3588 quinque.
727 3567 761 3574 —-
779 3553 810 3588 (i)
825 3553 895 3581 Caet.
909 3550 979 3581 edit.
993 3553 1208 3589 aspergitur.—

361 3611 461 3640 Tou.
489 3611 545 3642 IX·

1276 330 1374 369 Quod
1393 330 1565 363 tribulatio
1589 330 1690 363 debet
1711 330 1906 372 praecedere
1929 332 2203 373 prosperitatem.

1319 377 1464 416 Quinam
1486 378 1556 409 sive
1577 378 1619 409 ad
1638 380 1795 416 mortem,
1817 378 1887 410 sive
1912 378 1948 410 in
1969 381 2114 411 mortem
2141 389 2204 422 po-

1317 428 1443 457 nantur
1471 426 1527 466 (a).
1562 426 1661 463 Quod
1689 426 1723 457 in
1755 426 1883 466 templo
1916 426 2107 459 Salomonis
2134 431 2206 460 erat

1316 473 1450 511 atrium,
1464 473 1706 513 sanctuarium,
1725 475 1880 505 sanctum
1892 477 2101 507 sanctorum.
2118 475 2206 513 Quid

1316 520 1449 552 intersit
1475 520 1563 552 inter
1588 520 1826 552 holocaustum
1853 524 1886 552 et
1913 521 2055 561 simplex
2079 522 2204 554 sacrifi—

1316 567 1404 598 cium
1431 568 1491 608 (j).
1518 567 1615 605 Quod
1640 567 1846 609 poenitentes
1876 566 1916 608 (lc)
1940 567 2045 600 hircis
2066 578 2203 610 compa-

1316 616 1447 645 rantur.

1276 659 1362 691 Deus
1380 662 1579 693 misereatur
1609 661 1727 702 nostri,
1749 661 1872 694 Psalm.
1892 663 1944 694 66.
1966 662 2064 700 Quod
2084 663 2206 695 animae

1315 708 1490 748 profectus
1525 709 1560 740 fit
1588 709 1702 741 multis
1733 710 1856 741 modis.
1888 710 1937 741 De
1967 710 2206 744 benedictione

1316 755 1505 795 multiplici.
1540 756 1637 793 Quod
1668 756 1821 789 Christus
1849 765 2012 798 germen,
2042 766 2207 799 granum,

1314 802 1423 841 radix,
1445 802 1520 842 ssos,
1542 802 1671 835 fructus
1697 803 1831 837 dicitur.

1275 849 1322 880 De
1340 848 1451 881 fructu
1477 849 1674 890 trigesimo,
1703 851 1915 891 sexagesimo
1949 853 1983 884 et
2008 851 2206 884 centesimo.

1319 896 1418 933 Quod
1431 897 1468 928 Β.
1486 896 1591 937 Virgo
1607 896 1728 928 dicitur
1742 900 1832 930 terra
1843 898 1967 939 triplici
1981 899 2022 931 de
2039 908 2141 931 causa
2153 899 2207 940 (l).

1273 943 1428 984 Eaeuryat
1448 944 1536 974 Deus
1549 968 1560 983 ‚
1581 944 1704 975 Psalm.
1726 946 1777 975 67.
1796 946 2022 982 Quandonam
2052 947 2137 978 Deus
2160 947 2209 978 di-

1315 992 1407 1022 catur
1429 999 1594 1031 exurgere
1615 990 1649 1021 in
1669 994 1784 1022 mente
1805 991 1966 1024 hominis.
1987 994 2139 1030 Quatuor
2162 994 2208 1026 le-

1316 1039 1447 1077 guntur
1477 1037 1600 1069 Christi
1631 1037 1856 1070 exaltationes
1881 1039 1953 1080 (m).
1976 1039 2066 1076 Quot
2096 1039 2207 1072 modis

1314 1084 1466 1116 Christus
1485 1085 1662 1117 exaltetur.
1688 1086 1736 1117 De
1757 1086 1884 1126 duplici
1903 1095 1994 1119 arca.

1272 1131 1452 1169 Quomodo
1469 1132 1581 1164 anima
1596 1132 1811 1164 tricamerata
1827 1133 1888 1174 (a).
1904 1133 1992 1171 Quid
2006 1133 2138 1166 intersit
2156 1134 2209 1166 in-

1314 1182 1364 1210 ter
1383 1189 1522 1221 surgere
1552 1183 1585 1212 et
1605 1189 1826 1221 consurgere.
1861 1182 2010 1213 Occasus
2031 1181 2140 1222 lapsui
2164 1182 2208 1214 si-

1313 1226 1401 1258 milis
1422 1227 1480 1267 (a).
1496 1228 1543 1258 De
1564 1227 1741 1267 multiplici
1756 1227 1883 1260 Christi
1896 1237 2046 1269 egressu.
2061 1230 2111 1260 De
2124 1229 2209 1261 mul-

1311 1273 1417 1314 tiplici
1438 1273 1565 1314 pluvia.
1596 1275 1645 1306 De
1675 1274 1853 1315 multiplici
1879 1275 2088 1316 perfectione
2108 1275 2206 1317 legis.

1313 1321 1412 1358 Quod
1432 1322 1531 1354 Pater
1551 1321 1675 1354 dicitur
1693 1322 1857 1363 agricola,
1879 1325 1912 1354 et
1931 1331 2051 1354 semen
2063 1323 2207 1355 verbum

1316 1368 1390 1401 Dei.

1271 1414 1338 1447 Uni
1356 1417 1488 1448 tantum
1519 1425 1560 1448 ex
1585 1416 1771 1448 virtutibus
1799 1416 1944 1448 debetur
1961 1417 2120 1449 bravium
2147 1417 2204 1460 (a).

1313 1462 1584 1495 Commendatur
1604 1463 1757 1495 Christus
1772 1472 1792 1495 a
1810 1466 1967 1504 quatuor.
1985 1465 2084 1502 Quod
2099 1465 2207 1497 virtus

1312 1509 1543 1550 multipliciter
1560 1509 1695 1542 dicitur.
1717 1510 1816 1548 Quod
1831 1511 1982 1542 Ecclesia
1998 1511 2208 1553 significatur

1313 1566 1374 1597 per
1393 1557 1590 1589 columbam
1608 1560 1750 1598 propter
1768 1557 1843 1588 tria.
1873 1559 1922 1589 De
1949 1558 2129 1600 polyptoto
2149 1559 2204 1600 (a).

1313 1605 1395 1636 Tres
1413 1604 1563 1636 hominis
1581 1605 1744 1645 potentiae
1768 1604 1873 1636 cultui
1893 1605 1956 1636 Dei
1972 1615 2034 1637 suo
2062 1615 2207 1647 quaeque

1314 1652 1417 1683 modo
1436 1651 1629 1683 inserviunt
1645 1652 1704 1693 (a).
1727 1652 1824 1689 Quod
1846 1661 1966 1684 currus
1985 1653 2030 1694 (n)
2050 1653 2209 1694 multipli-

1314 1698 1398 1730 citer
1428 1699 1562 1731 dicitur.
1596 1699 1695 1738 Quod
1728 1699 1816 1731 filius
1847 1699 1977 1732 dextrae
2010 1700 2052 1741 (o)
2085 1700 2210 1733 dicitur

1315 1746 1452 1778 Paulus.

1273 1793 1322 1824 De
1338 1793 1447 1825 tribus
1466 1793 1648 1835 generibus
1667 1793 1849 1826 visionum.
1875 1795 1914 1826 In
1947 1796 2075 1827 aeterna
2098 1795 2210 1828 Trini-

1314 1841 1381 1871 tate
1401 1843 1470 1872 tres
1489 1849 1660 1881 pe1sonae,
1681 1843 1715 1873 et
1743 1850 1811 1873 una
1831 1841 2020 1874 substantia
2028 1852 2039 1883 3
2067 1842 2104 1874 'm
2120 1851 2212 1874 nova

1314 1896 1398 1919 vero
1416 1889 1486 1919 tres
1506 1888 1704 1919 substantiae
1716 1890 1749 1919 et
1763 1897 1831 1919 una
1843 1897 2004 1928 persona.
2017 1891 2067 1921 De
2081 1889 2212 1922 dimen-

1315 1934 1469 1967 sionibus
1488 1935 1612 1966 animae
1638 1935 1828 1967 secundum
1847 1936 1991 1967 modum
2013 1945 2126 1968 suum.

1275 1981 1413 2014 Salvum
1436 1991 1487 2013 nze
1506 1983 1572 2022 fac,
1592 1982 1702 2021 Deus,
1722 1982 1846 2014 Psalm.
1868 1984 1920 2015 68.
1951 1983 2088 2024 Triplici
2106 1985 2210 2016 modo

1313 2029 1536 2061 transformat
1556 2038 1591 2061 se
1611 2029 1647 2061 in
1671 2030 1829 2061 membra
1848 2030 2002 2062 Christus
2022 2031 2081 2072 (α).
2103 2031 2213 2065 Silen-

1314 2076 1400 2108 tium
1430 2076 1608 2117 eloquens.
1646 2076 1781 2117 Triplex
1818 2076 1978 2109 clamoris
2008 2086 2117 2118 genus
2147 2079 2207 2120 (p).

1316 2123 1415 2161 Quod
1439 2123 1592 2156 Christus
1620 2132 1765 2165 granum
1783 2123 1911 2165 sinapis
1927 2124 2052 2157 dicitur
2069 2129 2210 2167 propter

1314 2171 1380 2203 tria
1401 2172 1458 2213 (q).

1274 2219 1322 2250 De
1342 2213 1467 2259 duplici
1484 2219 1589 2252 modo
1603 2219 1780 2261 loquendi,
1802 2221 1836 2252 et
1851 2220 2065 2262 singulariter
2085 2220 2126 2252 de
2148 2220 2211 2262 hy-

1314 2267 1455 2307 perbola
1476 2268 1532 2308 (r).
1554 2268 1706 2306 Quatuor
1724 2267 1884 2309 leguntur
1901 2268 2136 2309 depositiones
2164 2270 2206 2311 (s)

1315 2314 1462 2346 vestium
1478 2314 1614 2347 Christi.
1636 2315 1881 2353 Quaternarius
1900 2316 1943 2347 ad
1962 2316 2187 2357 Evangelium
2199 2341 2209 2357 ‚

1317 2361 1476 2393 denarius
1497 2362 1540 2394 ad
1554 2362 1667 2403 legem
1686 2361 1844 2394 refertur.
1864 2363 1908 2394 De
1922 2362 2101 2404 multiplici
2124 2363 2209 2396 luto.

1317 2409 1416 2446 Quod
1447 2409 1598 2441 Christus
1627 2418 1712 2450 puer
1742 2410 1777 2450 (t)
1811 2409 1935 2441 dicitur
1960 2412 2103 2451 propter
2131 2420 2210 2452 qua-

1316 2458 1405 2487 tuor.

1275 2503 1324 2535 De
1336 2502 1514 2544 multiplici
1529 2503 1743 2536 confusione.
1759 2504 1809 2535 De
1823 2503 2002 2545 multiplici
2014 2513 2134 2538 mensa
2149 2507 2208 2547 (a).

1317 2550 1476 2592 Episcopi
1495 2550 1615 2582 vicarii
1638 2550 1873 2592 apostolorum
1897 2553 1956 2592 (α).
1981 2552 2068 2590 Quid
2091 2555 2210 2594 patera

1317 2600 1351 2630 et
1364 2598 1443 2629 thus
1458 2597 1662 2639 significent.
1680 2599 1729 2630 De
1746 2598 1899 2639 ingenio,
1921 2600 2089 2632 memoria
2101 2603 2136 2632 et
2155 2609 2209 2632 ra-

1316 2645 1421 2677 tione.
1444 2645 1544 2683 Quod
1567 2644 1687 2686 aliquis
1713 2645 1816 2677 scribi
1840 2647 1955 2686 potest
1967 2646 2003 2678 in
2022 2646 2110 2679 libro
2129 2647 2210 2679 vitae

1316 2691 1424 2724 tribus
1443 2691 1484 2723 de
1505 2692 1626 2724 causis.
1650 2693 1698 2724 De
1719 2694 1865 2734 quatuor
1878 2692 1984 2726 libris.

1276 2738 1375 2777 Quod
1388 2737 1541 2770 Christus
1563 2738 1683 2779 doluit,
1700 2747 1763 2780 pro
1787 2739 1947 2771 omnibus
1973 2739 2092 2772 doluit.
2122 2741 2210 2774 Laus

1318 2785 1433 2817 divina
1446 2784 1510 2817 tria
1522 2785 1758 2826 complectitur
1775 2786 1838 2827 (a).
1855 2787 1904 2818 De
1918 2787 2042 2828 triplici
2057 2787 2210 2821 vinculo.

1278 2833 1377 2870 Deus,
1398 2834 1432 2864 in
1452 2832 1664 2874 adjutorium
1684 2842 1792 2864 meum
1821 2833 1974 2875 intende,
2003 2834 2127 2867 psalm.
2157 2837 2210 2868 69.

1319 2880 1433 2913 Multis
1447 2880 1560 2912 modis
1575 2880 1721 2912 intendit
1738 2882 1841 2914 Deus.
1863 2882 1913 2914 De
1929 2881 2062 2914 duabus
2079 2882 2211 2925 figuris,

1320 2936 1395 2968 quae
1415 2927 1574 2959 dicuntur
1586 2927 1775 2969 Epignome
1796 2930 1830 2960 et
1842 2928 2091 2970 Epigrammos.
2111 2930 2211 2969 Quod

1320 2975 1420 3016 egeni
1438 2984 1556 3008 sumus
1577 2980 1721 3017 propter
1734 2979 1893 3018 quatuor.
1915 2978 1965 3010 De
1986 2980 2133 3019 quatuor
2151 2987 2211 3021 ge-

1320 3023 1459 3055 neribus
1483 3023 1773 3063 persecutionum.

1279 3070 1315 3102 In
1330 3073 1373 3111 te,
1392 3071 1545 3110 Domine,
1562 3071 1706 3112 speravi,
1724 3079 1789 3103 non
1807 3071 2006 3112 confundar,
2021 3071 2144 3104 Psalm.
2157 3073 2210 3107 70.

1323 3117 1493 3159 Quidquid
1511 3117 1594 3149 boni
1610 3126 1740 3157 sumus,
1758 3127 1778 3150 a
1794 3119 1866 3150 Deo
1887 3127 2004 3150 sumus
2024 3118 2085 3160 (a).
2111 3119 2210 3158 Quod

1321 3165 1432 3197 fomes
1461 3164 1591 3206 peccati
1621 3165 1742 3197 dicitur
1772 3165 1828 3196 lex
1857 3165 1981 3197 carnis.
2010 3167 2059 3198 De
2089 3166 2211 3207 triplici

1323 3211 1529 3254 captivitate.
1555 3212 1720 3244 Juventus
1745 3211 1780 3243 in
1798 3211 1906 3244 tribus
1922 3212 2087 3246 consistit.
2116 3214 2211 3246 AEtas

1323 3259 1480 3293 Ecclesiae
1501 3259 1688 3292 secundum
1714 3258 1849 3292 diversa
1863 3259 2097 3302 distinguitur.
2118 3261 2208 3299 Qua—

2232 248 2309 287 689

2249 805 2310 837 235

2247 1089 2309 1120 236

2250 1372 2311 1404 237

2252 1750 2312 1781 238

2254 2175 2314 2206 239

2253 2459 2314 2491 240

2250 2695 2308 2727 241

2254 3027 2314 3059 242

1282 3344 1321 3380 (j)
1347 3343 1420 3372 Coet.
1442 3342 1512 3370 edit.
1530 3343 1574 3370 De
1594 3342 1723 3378 quinque
1741 3343 1900 3378 generibus
1914 3343 2171 3373 sacrificiorum.—
2186 3345 2229 3381 (k)
2242 3344 2314 3375 Item

1280 3387 1503 3421 peccatores.—
1523 3383 1562 3419 (l)
1582 3383 1655 3411 Item
1674 3384 1884 3420 multipliciter.
1896 3400 1930 3407 --
1947 3386 1997 3421 (m)
2014 3382 2088 3413 Item
2110 3387 2315 3416 exultationes.

1282 3442 1315 3448 -
1330 3426 1367 3462 (n)
1390 3425 1462 3453 Coet.
1479 3425 1549 3452 edit.
1564 3425 1662 3452 turris.
1679 3439 1714 3445 -—
1728 3425 1768 3461 (ο)
1787 3425 1862 3453 Item
1882 3426 2048 3462 Beniamin.
2061 3441 2097 3447 —-
2111 3427 2151 3463 (p)
2165 3427 2239 3456 Item
2253 3429 2315 3456 cla-

1281 3476 1345 3497 mor
1359 3467 1467 3495 Christi
1487 3466 1592 3502 triplex
1617 3469 1671 3494 est.
1687 3481 1720 3487 -—
1740 3467 1782 3502 (q)
1795 3467 1870 3495 Item
1895 3470 2030 3503 quatuor.
2042 3483 2077 3490 --
2091 3469 2130 3504 (r)
2153 3468 2226 3497 Caet.
2242 3470 2314 3498 edit.

1280 3518 1336 3538 non
1348 3509 1453 3537 habent
1468 3509 1497 3536 et
1513 3507 1701 3543 singulariter
1713 3508 1750 3537 de
1763 3509 1934 3544 hyperbole..
1950 3524 1986 3530 —
2000 3509 2035 3545 (s)
2049 3509 2122 3538 Coet.
2137 3510 2206 3539 edit.
2220 3511 2316 3547 dispo-

1282 3552 1412 3580 sitiones.
1425 3563 1462 3571 -
1475 3549 1508 3584 (t)
1522 3548 1596 3577 Item
1613 3550 1705 3584 pater.

2078 3604 2131 3642 44
