2633 3878
873 213 1150 255 PRAEFATIO
1183 213 1234 254 IN
1268 214 1621 258 PSALTERIUM.

2242 223 2319 262 155

183 306 381 352 doctrina
404 341 414 361 ,
455 310 518 350 est
555 319 656 348 cum
692 303 854 348 caeteris
891 303 1014 347 illius
1049 303 1272 363 opusculis
1312 309 1354 348 et
1394 306 1740 364 expositionibus
1791 310 1982 353 maxime
2019 309 2309 353 consentiens.

184 384 357 428 Etenim
379 399 479 443 quae
509 386 820 440 consequentes
851 380 945 439 ejus
969 386 1072 424 sunt
1091 381 1402 440 explicationes
1433 382 1650 427 librorum
1672 399 1895 429 sacrorum
1911 421 1921 441 ,
1947 386 2111 446 illaque
2143 385 2314 446 potissi-

184 478 308 505 mum
342 462 387 504 iu
426 459 749 513 Ecclesiastem,
786 473 919 517 quam
956 458 1011 501 ab
1049 473 1098 502 eo
1129 459 1418 518 conscriptam
1456 475 1545 504 esse
1586 462 1948 522 perantiquorum
1992 464 2311 523 exemplarium

183 545 307 583 certae
333 537 636 596 inscriptiones
668 535 886 590 indicant,
914 535 999 580 illae
1028 535 1207 595 quidem
1237 537 1458 595 praeclaris
1490 543 1701 582 contextae
1722 539 1971 595 sententiis,
1994 555 2082 599 pree
2103 557 2146 585 se
2165 542 2313 585 ferunt

185 617 422 661 maximam
452 615 703 659 divinarum
737 613 985 658 litterarum
1013 614 1197 674 copiam.
1233 614 1336 659 Haec
1368 615 1460 674 ipsa
1493 615 1619 660 valde
1656 616 1798 661 elucet
1829 618 1875 660 in
1913 617 1994 661 hoc
2034 618 2311 664 Psalmorum

181 692 520 748 commentario,
543 692 589 735 in
616 706 727 751 quo,
750 697 799 735 ut
833 691 879 734 in
911 691 1101 747 caeteris,
1135 706 1225 735 una
1256 691 1360 736 item
1397 697 1530 753 atque
1559 693 1696 738 altera
1715 729 1726 750 ,
1755 710 1889 754 quam
1921 695 1992 739 hic
2024 701 2171 739 noster
2199 702 2312 740 recte

179 772 331 826 novit,
354 770 526 816 Veteris
551 769 816 813 Testamenti
842 769 974 813 editio
1001 769 1212 814 cernitur.
1246 769 1330 814 Sed
1359 775 1422 814 est
1449 776 1656 830 praeterea
1684 772 1828 828 aliud,
1850 773 1969 833 quod
1998 789 2087 818 non
2112 774 2256 818 solum
2276 775 2312 818 is

179 849 415 907 explicavit
445 847 582 893 animi
610 847 679 891 sui
698 862 822 890 sensa
854 846 1035 902 litteris,
1058 863 1167 906 quas
1196 847 1250 891 ab
1277 848 1506 907 utriusque
1526 849 1792 893 Testamenti
1823 850 1942 894 fonte
1962 851 2134 906 hausit,
2154 865 2310 895 verum

176 926 308 970 etiam
328 926 512 970 Patrum
532 924 856 969 traditionibus.
879 923 929 967 Id
959 924 1081 969 illius
1101 925 1372 985 praecipuum
1395 940 1502 981 esse,
1525 941 1626 970 cum
1647 927 1760 971 liber
1778 927 2011 985 significet,
2033 944 2166 989 quem
2192 929 2310 972 Plea-

175 1011 343 1047 retram
375 1003 620 1063 inscripsit,
657 1007 753 1046 tum
785 1001 884 1057 alii,
916 1002 987 1045 vel
1020 1002 1165 1061 potius
1200 1002 1293 1047 haec
1327 1002 1419 1063 ipsa
1447 1004 1589 1047 solum
1627 1005 1875 1064 explanatio
1907 1005 2098 1050 declarat
2121 1023 2129 1050 :
2152 1007 2198 1050 in
2221 1023 2310 1067 qua

174 1096 372 1142 quoque,
395 1087 444 1125 ut
474 1082 520 1126 in
554 1080 736 1140 reliquis
766 1080 989 1140 opusculis
1009 1095 1109 1139 quae
1139 1081 1192 1124 ab
1223 1096 1272 1125 eo
1306 1081 1577 1140 accepimus,
1600 1082 1807 1142 praeclare
1838 1083 2066 1128 disseritur
2095 1084 2147 1128 de
2175 1099 2305 1130 sacrae

174 1158 410 1219 Scriptura}
430 1159 707 1219 praestantia,
741 1159 794 1203 de
827 1159 990 1203 caeteris
1027 1158 1286 1203 liberalibus
1317 1159 1560 1219 disciplinis
1583 1195 1594 1215 ,
1639 1165 1851 1220 tanquam
1870 1161 1992 1206 illius
2012 1161 2302 1222 pedissequis,

173 1236 258 1281 Sed
296 1251 364 1281 res
401 1237 543 1282 omnis
564 1237 610 1281 in
631 1242 838 1296 promptu
859 1242 946 1293 est,
968 1236 1173 1296 nihilque
1194 1236 1352 1281 attinet
1371 1252 1451 1281 cur
1468 1237 1673 1297 pluribus
1691 1238 2031 1284 demonstretur.

1018 1637 1447 1695 PRAEFATIO¹

215 1812 414 1867 Quisquis
456 1813 509 1855 ad
555 1813 714 1854 divinae
761 1812 934 1866 paginae
973 1812 1198 1854 lectionem

159 1884 418 1925 erudiendus
439 1884 616 1934 accedit,
640 1884 685 1924 in
705 1883 914 1936 principio
932 1884 1198 1926 considerare

160 1955 314 2006 debet,
350 1968 447 2009 quae
480 1956 533 1996 sit
566 1955 680 1995 illius
718 1953 949 2008 Scripturae
989 1956 1194 2006 materia,

160 2028 270 2070 circa
288 2041 417 2082 quam
438 2031 633 2070 versatur
652 2029 745 2081 eJus
775 2030 994 2068 tractatus,
1017 2027 1090 2068 Est
1118 2041 1195 2069 au-

157 2102 244 2141 tem
276 2100 391 2141 illius
410 2099 655 2153 principalis
676 2099 874 2148 materia,
897 2111 1004 2152 opus
1030 2102 1193 2140 restau-

155 2173 346 2214 rationis.
371 2172 477 2214 Sunt
498 2172 613 2213 enim
639 2173 724 2213 duo
746 2183 874 2224 opera
898 2187 906 2212 :
927 2183 1035 2224 opus
1057 2172 1196 2212 condi-

24 2262 105 2297 0„us
153 2245 305 2296 tionis,
328 2247 369 2286 et
398 2256 506 2298 opus
538 2242 877 2284 restaurationis.
903 2242 1019 2295 Opus
1044 2243 1192 2284 condi-

0 2304 278 2356 ²³²¹dffi⁰⁶tionis
310 2319 396 2367 est,
428 2327 514 2369 quo
543 2315 702 2356 factum
725 2317 787 2355 est
816 2316 864 2355 ut
895 2316 1059 2365 essent,
1094 2327 1192 2368 quae

21 2345 66 2372 uis
81 2348 109 2373 et

0 2389 134 2433 vsteuffl-
147 2399 236 2428 nou
257 2390 396 2438 erant;
421 2400 530 2440 opus
546 2386 866 2428 restaurationis
886 2389 964 2437 est,
981 2399 1056 2439 per
1075 2388 1190 2440 quod

5 2436 89 2455 ¹⁰⁰¹&
151 2434 373 2499 meliorata
389 2465 507 2509 sunt,
538 2470 636 2511 quae
670 2458 901 2510 perierant.
926 2457 1059 2510 Opere
1087 2470 1187 2499 con-

149 2527 320 2569 ditionis
340 2529 474 2570 factus
495 2532 556 2569 est
577 2529 766 2570 mundus
786 2541 884 2569 cum
901 2529 989 2569 suis
1009 2529 1189 2576 elemen-

149 2598 226 2649 tis3
257 2612 384 2653 opere
415 2600 768 2651 restaurationis,
792 2599 918 2641 Verbi
952 2600 1188 2641 incarnatio

35 2688 129 2714 smae
149 2683 248 2712 cum
270 2671 358 2712 suis
378 2672 669 2713 sacramentis.
692 2671 767 2724 gEx
797 2684 883 2724 quo
910 2672 1187 2713 manifestum

0 2727 130 2804 ζῃξξζ
149 2745 230 2793 est,
252 2743 367 2796 qnod
397 2743 622 2797 Scriptura
652 2743 816 2784 cunctis
837 2743 929 2784 aliis
955 2744 1184 2796 praecellit,

3 2812 103 2840 ‘⁸¹²‘i‘1-
147 2816 238 2856 tum
269 2816 459 2858 materiae
488 2816 720 2868 dignitate,
749 2818 843 2856 tum
872 2815 1182 2868 profunditate,

147 2889 188 2928 et
208 2887 454 2928 subtilitate.
476 2887 528 2928 Et
549 2888 584 2928 si
608 2888 704 2941 quis
730 2887 958 2939 diligenter
978 2888 1179 2938 attendit,

147 2961 284 3010 potest
315 2959 529 3012 percipere
560 2959 673 3012 quod
696 2970 846 2999 omnes
866 2960 997 3009 artes,
1022 2961 1108 2999 tam
1131 2959 1184 2999 li-

146 3028 329 3085 beraleS,
350 3042 481 3082 quam
503 3030 742 3081 naturales,
769 3029 807 3070 ei
827 3031 1033 3081 tanquam
1053 3029 1184 3070 domi-

24 3115 90 3141 ouo
147 3112 214 3141 nae
244 3100 521 3142 famulantur.
555 3101 646 3143 Duo
679 3100 984 3142 consideranda
1005 3104 1104 3142 sunt
1136 3101 1178 3142 in

0 3155 126 3226 ξζῖζῖἶη
146 3183 265 3212 sacra
290 3170 509 3225 Scriptura
528 3172 596 3214 vel
624 3172 782 3226 pagina
807 3171 1040 3225 praecipue;
1065 3173 1181 3226 quod

0 3247 115 3316 ςὲἷζῑ
145 3240 320 3281 scientia
341 3242 458 3294 ejus,
481 3241 548 3282 vel
576 3254 630 3283 ex
660 3241 790 3282 rebus
810 3240 1017 3291 habetur,
1037 3240 1106 3282 vel
1126 3253 1179 3282 ex

0 3331 40 3350 ra.
145 3312 337 3354 vocibus
371 3312 436 3354 Ex
473 3326 577 3356 voce
615 3316 759 3355 autem
795 3313 998 3364 habetur,
1021 3312 1091 3353 vel
1125 3324 1179 3354 ex

146 3384 514 3437 pronuntiatione:
533 3386 729 3440 peritiam
745 3383 1050 3439 pronuntiandi
1065 3396 1178 3426 com-

189 3490 198 3508 ¹
217 3490 367 3524 lndicem
384 3492 606 3536 analyticum,
622 3493 680 3536 qui
700 3502 742 3526 ex
758 3492 891 3525 vetusta
910 3490 1096 3532 exemplari
1111 3493 1176 3525 Ms.

145 3537 181 3570 in
211 3539 342 3573 caeteris
371 3540 576 3575 editionibus
601 3541 670 3575 hoc
696 3541 773 3575 loco
803 3538 944 3583 legitur,
975 3538 1019 3572 ad
1047 3539 1176 3573 calcem

1273 1826 1477 1867 paramus
1491 1815 1615 1856 nobis
1631 1826 1706 1868 per
1725 1816 2074 1867 grammaticam;
2097 1817 2308 1869 significa-

1272 1886 1434 1927 tionem
1461 1887 1710 1928 earumdem
1736 1899 1811 1940 per
1834 1887 2111 1938 dialecticam3
2137 1894 2307 1931 utrum-

1272 1970 1354 2010 que
1388 1971 1461 2011 per
1504 1958 1776 1999 rhetoricam.
1811 1958 1994 2000 Scientia
2025 1972 2128 2001 vero
2161 1974 2305 2003 rerum
2341 1977 2468 2006 scientia

1270 2029 1452 2070 habetur
1480 2042 1555 2083 per
1586 2031 1770 2081 formas,
1802 2030 1871 2071 vel
1902 2043 1976 2083 per
2007 2035 2182 2073 naturas
2217 2048 2226 2074 ε
2260 2037 2306 2075 ut
2336 2027 2459 2088 hfgc'ffi

1270 2105 1408 2144 forma
1427 2102 1478 2143 ad
1499 2103 1733 2154 exteriora,
1758 2106 1913 2144 natura
1935 2103 1987 2144 ad
2015 2104 2215 2146 interiora
2245 2119 2307 2147 re-
2326 2110 2378 2136 Per
2412 2102 2467 2129 [ΟΤ-

2325 2151 2397 2174 mas,
2420 2145 2466 2172 vel

1268 2173 1444 2215 feratur.
1466 2173 1710 2214 Attenditnr
1730 2176 1872 2215 autem
1898 2174 2056 2226 forma,
2081 2175 2148 2216 vel
2166 2176 2210 2216 in
2230 2190 2307 2218 nu·
2326 2189 2468 2218 pernata-

1268 2257 1410 2295 mero,
1432 2246 1545 2299 quod
1564 2246 1683 2287 docet
1702 2258 1779 2287 nos
1804 2247 2097 2298 arithmetica;
2119 2248 2185 2289 vel
2207 2261 2305 2302 pro·
2324 2236 2383 2254 ω’

1266 2318 1480 2371 portione,
1504 2319 1618 2372 quod
1648 2319 1912 2360 demonstrat
1938 2320 2127 2371 musica;
2152 2321 2221 2362 vel
2240 2322 2302 2363 di·

1266 2389 1508 2441 mensione,
1537 2391 1651 2443 quod
1681 2391 1936 2443 geometria3
1969 2392 2035 2433 vel
2065 2395 2182 2433 motu
2200 2426 2214 2444 ,
2253 2394 2305 2434 de

1265 2473 1350 2514 quo
1385 2461 1567 2502 consulit
1599 2463 1895 2513 astronomia3
1939 2463 1991 2504 de
2028 2464 2222 2515 naturis,
2257 2468 2305 2506 nt

1264 2531 1441 2584 physica
1461 2534 1702 2584 pertractat.
1727 2532 1831 2574 Cum
1851 2545 1958 2586 ergo
1989 2534 2033 2574 iu
2053 2534 2197 2576 divina
2225 2549 2302 2589 pa-

1265 2601 1369 2653 gina
1398 2603 1635 2643 necessaria
1665 2603 1719 2644 sit
1751 2604 1945 2645 omnium
1977 2605 2157 2646 istorum
2187 2619 2300 2659 prce-

1262 2671 1474 2714 dictorum
1509 2674 1714 2725 scientia,
1749 2677 1790 2715 et
1822 2675 1995 2728 singula
2030 2676 2081 2717 de
2118 2677 2299 2730 singulis

1261 2744 1497 2785 doctrinam
1534 2746 1788 2799 perficiant3
1824 2750 1970 2799 patet,
2004 2748 2117 2801 quod
2148 2761 2298 2790 omnes

1261 2814 1356 2856 aliae
1377 2816 1563 2857 scientiae
1584 2817 1706 2870 quasi
1726 2817 1990 2871 pedissequae
2008 2823 2109 2860 sunt
2128 2820 2290 2862 theolo-

1261 2887 1361 2939 giae.
1404 2887 1579 2930 Ostenso
1622 2889 1831 2942 siquidem
1864 2902 1962 2943 quae
2002 2891 2054 2932 sit
2089 2893 2292 2945 materia,

1258 2961 1411 3010 restat,
1428 2960 1471 3000 in
1489 2960 1647 3013 quibus
1667 2963 1848 3012 constet,
1864 2962 2100 3015 assignare.
2125 2963 2295 3005 Constat
2331 2983 2454 3011 Materia

1258 3033 1403 3071 autem
1435 3031 1478 3071 in
1507 3032 1704 3084 duobus,
1736 3032 1891 3074 scilicet
1921 3033 1965 3074 in
1998 3033 2140 3085 Novo,
2175 3037 2217 3076 et
2249 3035 2291 3075 in
2319 3025 2428 3101 5³33?

1256 3099 1397 3142 Veteri
1420 3101 1703 3144 Testamento.
1731 3103 1777 3144 ln
1797 3103 1864 3145 his
1880 3107 2023 3145 autem
2041 3105 2211 3146 duobus
2230 3108 2291 3146 to·
2311 3108 2394 3134 ‘¹¹¹⁶-

1256 3175 1347 3213 tum
1368 3184 1523 3226 corpus
1540 3175 1755 3216 canonicae
1775 3174 2006 3229 Scripturas
2034 3177 2287 3217 continetur.

1257 3243 1550 3286 Praetermisso
1571 3249 1711 3286 autem
1732 3245 1865 3298 Novo,
1887 3247 1938 3287 de
1951 3245 2088 3288 Veteri
2107 3247 2159 3287 ad
2178 3258 2288 3300 prae-

1255 3327 1351 3356 sens
1362 3328 1560 3368 agamus
1582 3315 1809 3358 Sciendum
1828 3329 1932 3369 ergo
1945 3318 1959 3339 ²
1975 3317 2086 3369 quod
2102 3316 2288 3369 Hebraei‚

1253 3384 1387 3428 Esdra
1419 3389 1592 3429 auctore
1611 3419 1622 3439 ,
1651 3387 1782 3429 libros
1805 3387 1969 3430 Veteris
2002 3386 2285 3441 Testamenti,
2337 3403 2447 3432 Divisio

1252 3494 1437 3528 voluminis
1462 3495 1545 3528 tomi
1578 3495 1772 3537 rejecimus.
1801 3512 1841 3520 —
1866 3496 1878 3516 ²
1905 3495 2060 3538 Hieron„
2086 3496 2121 3530 in
2150 3497 2284 3540 Proloq.

1252 3546 1344 3585 Req.;
1362 3543 1498 3585 isidor„
1521 3543 1725 3586 Etymoloq„
1746 3543 1805 3577 lib.
1824 3545 1889 3586 Vl,
1910 3553 1941 3577 c.
1962 3552 1989 3578 1.
