2633 3878
880 271 932 315 ΙΝ
960 269 1338 314 HEXAEMERON.
1370 270 1546 316 SERMO
1577 275 1626 317 ΙΙ.

182 367 334 422 plenus
356 367 520 422 Spiritu
537 366 680 408 sancto
695 394 706 414 ,
731 362 832 416 quia
855 373 931 416 per
950 361 1216 403 dilectionem

183 438 256 480 Dei
285 439 545 480 abstrahitur
569 437 699 478 homo
727 435 780 475 ab
802 433 921 475 omni
951 444 1120 483 amore,
1144 431 1216 485 qui

184 508 295 551 Deus
314 523 399 551 non
417 512 503 551 est:
523 511 564 550 et
578 508 636 548 sic
651 506 936 548 sanctificatur
955 505 1100 555 homo,
1116 503 1218 557 quia

185 585 382 626 sanctitas
400 586 462 625 est
480 583 533 624 ab
547 582 665 624 omni
684 582 775 622 labe
790 580 936 629 libera,
957 582 998 620 et
1018 579 1212 632 perfecta,

184 659 225 697 et
262 655 433 696 omnino
468 653 741 695 immaculata
779 651 1014 702 munditia,
1067 653 1115 691 ut
1159 650 1218 690 ait

183 727 405 781 Dionysius
443 731 454 753 ¹
497 739 507 768 :
555 742 574 765 (ι
622 725 828 767 Sanctitas
866 724 964 765 facit
998 723 1216 764 hominem

181 798 443 839 deiformem.
483 813 502 836 ›)
533 799 547 820 ²
582 813 602 836 c<
640 796 781 838 Sancti
817 798 976 846 estote,
1013 795 1216 848 quoniam

182 880 263 921 ego
297 872 465 910 sanctus
484 881 595 909 sum.
625 882 644 906 n
671 867 790 909 Unde
821 869 862 908 et
898 866 1072 920 spiritus
1103 878 1216 906 sera-

182 939 294 993 phici
321 939 562 981 clamanw:
592 955 611 979 «
641 938 836 990 Sanctus,
875 940 1066 989 sanctus,
1102 949 1218 978 sanc-

182 1013 263 1052 tus.
294 1025 314 1049 »
354 1010 491 1052 Homo
522 1013 694 1051 sanctus
725 1010 770 1051 in
800 1009 1008 1063 sapientia
1045 1012 1213 1060 manet,

181 1081 288 1123 sicut
317 1082 392 1123 sol.
430 1081 480 1123 Et
511 1082 572 1122 sic
599 1084 727 1135 patet,
750 1081 964 1135 quomodo
993 1081 1214 1133 sextuplex

180 1156 244 1195 est
275 1155 411 1207 ,ianua
441 1154 691 1207 sapientiae,
726 1153 883 1194 scilicet
919 1153 1216 1206 concupiscen-

180 1226 259 1276 tia,
291 1225 532 1280 disciplina,
572 1226 751 1277 bonitas,
791 1226 989 1277 scientia,
1028 1225 1214 1276 dilectio,

180 1297 330 1339 oratio.
371 1297 429 1338 De
459 1299 597 1350 janua
635 1297 944 1348 invocationis,
987 1297 1078 1339 sive
1118 1309 1214 1338 ora-

179 1369 320 1420 tionis,
357 1369 565 1422 scriptum
600 1370 726 1410 esti-z
768 1385 787 1409 (ι
822 1369 995 1422 Optavi,
1018 1371 1059 1410 et
1095 1369 1218 1410 datus

181 1444 242 1482 est
271 1441 377 1482 mihi
405 1453 579 1482 sensus:
612 1441 830 1493 invocavi,
858 1444 898 1482 et
926 1441 1043 1482 venit
1075 1440 1119 1481 in
1149 1453 1218 1482 me

181 1511 353 1565 spiritus
385 1512 621 1565 sapientiae.
655 1527 674 1550 »
713 1511 915 1553 Salomon
947 1516 959 1537 ⁵
987 1511 1219 1565 postulavit

181 1584 453 1636 sapientiam,
483 1587 524 1625 et
550 1584 668 1625 venit
693 1584 737 1624 in
765 1597 889 1634 eum3
924 1584 996 1625 sed
1027 1582 1218 1625 nonnisi

179 1655 280 1708 quia
309 1655 495 1706 amavit,
535 1657 576 1696 et
609 1655 770 1708 optavit
803 1668 930 1696 eam:
970 1655 1070 1709 quia
1102 1655 1218 1696 enim

178 1737 347 1767 summe
373 1726 425 1780 (α)
449 1727 611 1768 bonum
630 1730 706 1779 est,
729 1740 897 1768 summe
916 1727 1099 1768 amanda
1119 1730 1180 1767 est
1205 1741 1213 1767 :

179 1799 221 1838 et
251 1798 352 1851 quia
371 1811 600 1840 commune
620 1799 785 1840 bonum
805 1801 868 1840 est
885 1831 896 1849 ,
920 1799 1219 1841 universaliter

179 1870 414 1922 appetenda
443 1874 537 1911 est:
566 1871 680 1924 quod
706 1872 822 1924 patet
859 1870 1054 1923 exemplo
1098 1870 1219 1911 Salo-

180 1941 334 1991 monis,
358 1942 432 1995 qui
452 1954 540 1983 non
558 1943 706 1996 petivit
727 1955 883 1984 aurum
902 1946 943 1984 et
963 1945 1215 1995 argentum,

180 2013 254 2054 sed
279 2025 350 2054 cor
368 2013 522 2065 docile,
543 2017 584 2055 et
603 2014 722 2056 venit
745 2015 790 2055 in
810 2026 924 2055 eum.
948 2013 1066 2055 Unde
1092 2013 1214 2055 Jaco-

179 2083 260 2125 bus
289 2084 347 2125 ait
371 2085 385 2106 ⁴³
415 2100 423 2126 :
459 2100 480 2124 (ι
512 2085 557 2126 Si
587 2086 682 2139 quis
712 2089 904 2127 vestrum
943 2085 1111 2138 indiget
1150 2099 1219 2127 sa-

179 2157 358 2209 pientia,
392 2158 576 2211 postulet
607 2171 632 2199 a
662 2158 773 2210 Deo,
808 2160 882 2212 qui
914 2159 986 2200 dat
1017 2158 1218 2199 omnibus

180 2228 417 2280 affluenter,
438 2234 480 2272 et
499 2243 584 2272 non
610 2231 887 2285 improperat,
910 2234 949 2272 et
971 2231 1140 2272 dabitur
1161 2232 1214 2272 ei.

180 2299 370 2342 Postulet
403 2305 547 2343 autem
579 2303 625 2344 in
659 2302 739 2344 fide
772 2303 878 2344 nihil
915 2302 1135 2344 haesitans.
1157 2308 1176 2341 n‘
1202 2303 1215 2324 ⁷

186 2372 334 2414 «Hanc
348 2374 506 2425 amavi,
527 2377 569 2415 et
587 2374 801 2427 exquisivi
815 2387 839 2415 a
855 2376 1083 2428 Juventute
1104 2387 1213 2427 mea,

177 2446 223 2484 ‘et
241 2445 423 2497 quaesivi
446 2458 540 2486 eam
560 2445 666 2486 mihi
687 2458 887 2499 sponsam
907 2458 1150 2498 assumere,
1177 2450 1217 2488 et

182 2519 345 2556 amator
369 2517 503 2558 factus
527 2530 623 2558 sum
648 2518 797 2558 formae
826 2517 955 2558 illius.
984 2531 1003 2555 ι)
1037 2516 1136 2558 Haec
1155 2520 1218 2558 est

182 2597 287 2638 ergo
307 2590 426 2639 porta
453 2588 669 2628 orationis.
698 2587 852 2628 Forma
871 2599 978 2640 ergo
998 2576 1215 2640 sapientiae

183 2661 245 2699 est
259 2659 475 2711 mirabilis,
489 2662 530 2700 et
540 2658 685 2701 nullus
699 2671 794 2700 eam
809 2659 957 2713 aspicit
978 2659 1069 2699 sine
1085 2658 1216 2700 admi-

182 2730 344 2771 ratione
360 2734 400 2772 et
413 2731 561 2782 extasi,
582 2734 629 2772 ut
639 2731 819 2772 ostendit
835 2731 1010 2772 Esther⁸
1033 2745 1041 2771 2
1061 2733 1101 2771 et
1121 2730 1215 2771 ideo

179 2801 407 2853 mirabilis,
431 2803 532 2855 quia
555 2805 618 2844 est
637 2803 687 2844 de
708 2815 757 2844 eo
777 2804 902 2856 quus
927 2803 1060 2854 facies
1082 2802 1212 2855 plena

178 2876 237 2915 est
248 2874 495 2927 oratiarum
515 2878 545 2916 ⁹.
577 2874 812 2916 «Universa
825 2878 938 2915 terra
950 2873 1214 2916 desiderabat

176 2944 322 2986 videre
349 2946 518 2988 vultum
540 2946 794 2988 Salomonis.
815 2961 834 2985 ›>
852 2946 902 2988 Et
921 2947 948 2968 ¹⁰
969 2961 978 2987 ε
1007 2962 1026 2986 «
1048 2945 1214 2998 Regina

176 3015 287 3058 Saba
301 3018 419 3058 venit
437 3030 462 3059 a
476 3019 634 3060 finibus
649 3022 774 3060 terrae
794 3019 942 3060 audire
961 3017 1213 3071 sapientiam

177 3086 434 3141 Salomonis;
453 3093 494 3131 et
507 3102 601 3132 ecce
617 3091 712 3144 plus
727 3104 857 3145 quam
872 3090 1074 3132 Salomon
1088 3089 1170 3130 hic.
1190 3104 1210 3128 »

178 3158 392 3201 Christum
417 3160 626 3203 habemus
658 3163 770 3203 intra
800 3174 902 3213 nOS,
936 3166 977 3203 et
1009 3162 1212 3203 nolumus

176 3243 278 3273 eum
299 3232 459 3273 andire.
483 3232 595 3274 Proh
611 3234 756 3275 dolori
778 3234 868 3275 filia
885 3233 1002 3286 regis
1015 3233 1212 3288 pulcher-

175 3303 286 3344 rima
313 3304 489 3346 offertur
516 3305 638 3346 nobis
664 3306 708 3347 in
739 3318 963 3360 sponsam,
998 3308 1039 3347 et
1069 3306 1211 3359 magis

176 3374 376 3427 eligimus
402 3377 591 3430 copulari
611 3378 891 3420 meretriculis
911 3377 1100 3429 sceniciS,
1123 3378 1209 3419 sci-

224 3509 234 3532 ¹
255 3509 370 3551 Dion.,
386 3509 428 3542 de
445 3511 521 3543 Diu.
542 3511 655 3551 Nom„
672 3520 702 3544 c,
724 3518 789 3543 xii.
806 3529 847 3534 —
867 3512 880 3532 ²
897 3511 1014 3551 Lea-it„
1036 3518 1086 3551 xi,
1104 3511 1156 3543 44.
1169 3527 1210 3533 —-

177 3555 191 3579 ³
213 3557 292 3594 Isa„
311 3565 358 3599 vi,
375 3560 406 3591 3.
425 3558 489 3582 —‘
506 3558 599 3600 Sap„
621 3566 682 3599 vn,
706 3561 737 3590 7.
757 3577 798 3583 —
822 3560 832 3577 ·'=
853 3559 893 3590 111
919 3559 1010 3600 Κεφ,
1031 3566 1085 3596 ιιι,
1106 3561 1156 3590 11.
1171 3575 1206 3581 -

177 3603 191 3625 ⁶
207 3604 290 3644 Jac„
304 3613 331 3646 1,
351 3607 416 3638 5-6.
435 3623 476 3630 -—
495 3606 509 3629 '¹
530 3606 625 3648 Sap„
645 3614 720 3648 vm,
754 3609 784 3639 2.
803 3625 839 3631 —
863 3607 874 3625 ⁸
893 3606 1003 3645 Eam„
1028 3613 1085 3646 xv,
1101 3607 1151 3637 Π.
1168 3622 1207 3628 -

2270 288 2319 327 35

1290 360 1387 402 licet
1405 363 1608 405 humanas
1635 368 1676 406 et
1701 368 1930 410 mundanae
1955 370 2259 426 philosophiae,
2281 378 2322 416 et

1289 432 1490 474 volumus
1526 437 1681 477 leverti
1710 437 1753 478 in
1780 438 1889 492 AEgy
1893 444 2012 493 ptum
2042 443 2066 465 ¹¹
2090 443 2143 485 ad
2179 445 2321 486 cibum

1289 504 1548 546 vilissimum
1567 539 1579 558 ,
1620 508 1868 551 dimittendo
1907 513 2049 554 eibum
2091 516 2317 558 coelestem.

1289 574 1445 616 Forma
1470 589 1576 629 ergo
1603 579 1819 632 sapientiai
1858 583 2066 624 mirabilis
2095 591 2156 627 est
2179 603 2187 629 ε
2222 601 2322 630 nam

1289 644 1434 688 divina
1463 650 1668 701 sapientia
1694 655 1754 692 est
1784 654 1908 695 modo
1936 656 2160 698 uniformis
2192 660 2234 700 in
2255 673 2323 702 re-

1289 717 1403 768 gulis
1429 719 1674 761 divinarum
1694 722 1864 776 legum,
1893 727 2019 768 modo
2054 729 2323 772 multiformis

1289 786 1334 828 in
1353 791 1568 842 mysteriis
1587 792 1834 835 divinarum
1861 795 2204 852 Scripturarum;
2231 815 2321 845 mo-

1289 860 1342 902 do
1365 863 1630 905 omniformis
1659 865 1703 906 in
1725 868 1916 921 vestigiis
1946 870 2189 914 divinorum
2220 887 2323 929 ope-

1289 942 1410 984 rum;
1448 934 1572 976 modo
1602 935 1857 980 nulliformis
1884 939 1928 982 in
1958 944 2193 996 suspendiis
2212 947 2322 990 divi-

1289 1015 1446 1046 norum
1466 1018 1736 1052 excessuum.

1342 1075 1416 1117 Est
1437 1090 1544 1131 ergo
1573 1081 1778 1133 sapientia
1803 1085 1929 1127 modo
1949 1088 2172 1131 uniformis
2192 1091 2237 1133 in
2257 1105 2324 1135 re-

1290 1148 1405 1200 gulis
1416 1148 1660 1192 divinarum
1674 1153 1876 1206 legum.¹²
1887 1172 1905 1195 «
1916 1157 2039 1211 Apud
2057 1161 2319 1214 (sapientiam

1290 1219 1533 1276 increatam)
1557 1236 1642 1265 non
1667 1229 1729 1266 est
1750 1228 2063 1283 transmutatio,
2094 1245 2171 1274 nec
2197 1235 2323 1276 vicis-

1289 1291 1488 1333 situdinis
1504 1294 1789 1339 obumbratio.
1811 1313 1830 1336 »
1856 1300 1885 1325 ¹³
1902 1316 1920 1339 «
1939 1300 2057 1343 Clara
2077 1307 2153 1356 est,
2177 1309 2218 1346 et
2231 1320 2327 1360 quae

1289 1374 1513 1417 nunquam
1534 1369 1753 1409 marcessit
1771 1371 1995 1425 sapientia,
2017 1378 2058 1415 ct
2077 1376 2195 1418 facile
2214 1379 2326 1420 vide-

1290 1436 1361 1475 tur
1380 1436 1432 1476 ab
1453 1437 1503 1477 iis
1523 1439 1596 1491 qui
1619 1440 1808 1493 diligunt
1828 1455 1943 1495 eam,
1967 1449 2007 1487 et
2020 1446 2245 1490 invenitur
2272 1452 2323 1491 ab

1290 1507 1343 1548 iis
1374 1509 1448 1561 qui
1474 1515 1676 1563 quaerunt
1703 1513 1835 1554 illam.
1872 1515 2145 1572 Praeoccupat
2177 1522 2249 1573 qui
2284 1536 2328 1563 se

1291 1580 1624 1633 concupiscunt,
1654 1585 1700 1624 ut
1735 1597 1779 1625 se
1807 1585 1890 1626 illis
1923 1588 2038 1640 prior
2069 1592 2317 1635 ostendat.»

1290 1651 1394 1694 Vide
1414 1653 1802 1699 immutabilitatem
1831 1659 1876 1700 in
1895 1661 2058 1713 regulis
2084 1663 2327 1708 divinarum

1290 1723 1438 1777 legum
1454 1758 1464 1777 ,
1493 1740 1591 1780 quae
1612 1740 1690 1769 nos
1712 1730 1854 1782 ligant
1870 1763 1881 1782 ,
1912 1735 1953 1773 et
1980 1736 2235 1778 necessitant
2257 1739 2326 1780 in·-

1291 1795 1521 1838 tellectum.
1545 1798 1721 1852 Regulae
1752 1802 1844 1842 istae
1879 1806 2091 1847 mentibus
2109 1809 2328 1852 rationali-

1291 1867 1372 1909 bus
1402 1869 1716 1923 insplendentes
1736 1904 1746 1923 ,
1785 1877 1886 1915 sunt
1923 1888 2070 1918 omnes
2100 1879 2159 1920 illi
2186 1883 2325 1934 modi,

1291 1952 1367 1993 per
1385 1953 1491 1995 quos
1520 1943 1630 1984 ratio
1653 1945 1866 1996 dignoscit
1892 1951 1933 1988 et
1948 1949 2111 2001 judicat
2141 1953 2182 1993 id
2208 1956 2321 2007 quod

1292 2014 1355 2053 est
1372 2016 1660 2056 necessarium
1681 2020 1722 2058 et
1737 2017 1860 2059 aliter
1880 2031 1970 2062 esse
1989 2033 2076 2064 non
2092 2027 2241 2077 potest,
2263 2030 2328 2068 ut-

1290 2086 1388 2136 pote
1402 2116 1416 2136 ,
1438 2086 1552 2138 quod
1575 2099 1743 2129 summe
1763 2090 1955 2143 primum
1969 2126 1979 2144 ,
2006 2107 2173 2137 summe
2194 2110 2325 2140 vene-

1291 2157 1474 2197 randum
1494 2170 1504 2209 ;
1526 2159 1639 2211 quod
1659 2172 1826 2203 summe
1846 2175 2000 2206 verum
2014 2197 2026 2217 ,
2051 2179 2218 2210 summe
2240 2183 2327 2212 cre-

1291 2227 1479 2269 dendum
1498 2232 1539 2270 et
1558 2232 1901 2286 assentiendum;
1926 2238 2038 2290 quod
2059 2253 2228 2283 summe
2247 2244 2324 2286 bo-

1290 2310 1399 2339 num
1412 2331 1424 2350 ,
1446 2313 1615 2343 summe
1634 2303 1957 2349 desiderandum
1978 2312 2019 2352 et
2038 2311 2322 2365 diligendum.

1292 2370 1360 2411 Hae
1382 2372 1625 2415 divinarum
1645 2375 1795 2429 legum
1815 2378 2114 2433 impressiones
2140 2385 2323 2441 descrip-

1290 2444 1345 2484 tae
1366 2443 1539 2486 fuerunt
1558 2445 1604 2487 in
1635 2449 1773 2500 prima
1794 2450 1958 2504 tabula,
1982 2456 2216 2497 secundum
2238 2462 2323 2500 ter-

1290 2516 1461 2557 narium
1479 2523 1806 2572 praeceptorum.
1838 2523 1964 2566 Docet
1991 2530 2129 2569 autem
2154 2529 2325 2583 Augus-

1289 2587 1404 2627 tinus
1421 2588 1473 2638 ¹'*,
1499 2590 1612 2641 quod
1644 2591 1713 2633 hae
1735 2593 1898 2646 regulae
1926 2601 2026 2639 sunt
2052 2599 2320 2656 infallibiles‚

1290 2658 1606 2711 indubitabiles,
1623 2661 1680 2715 inj
1688 2664 1929 2708 udicabiles.
1945 2667 2190 2714 ¹iudicamus
2208 2676 2322 2717 enim

1289 2741 1364 2782 per
1383 2730 1475 2772 illas
1490 2763 1503 2782 ,
1526 2744 1612 2774 non
1632 2733 1684 2775 de
1704 2735 1786 2775 illis
1809 2751 1818 2777 :
1842 2740 1883 2778 et
1903 2739 1995 2781 ideo
2017 2741 2096 2783 ista
2115 2745 2323 2798 sapientia

1290 2801 1402 2843 clara
1425 2806 1500 2845 est.
1523 2804 1634 2846 Sunt
1649 2806 1777 2848 etiam
1795 2808 2178 2868 incommutabiles,
2203 2818 2323 2862 inco—

1289 2874 1522 2927 arctabileS,
1546 2876 1955 2924 indeterminabiles:
1979 2888 2019 2926 et
2036 2885 2128 2928 ideo
2148 2888 2241 2931 haec
2259 2903 2323 2933 sa-

1287 2945 1447 2998 pientia
1467 2959 1690 3002 nunquam
1712 2957 1954 2996 marcescet.
1980 2955 2056 2998 11ae
2082 2959 2246 3012 regulae
2277 2963 2322 3004 in

1287 3019 1455 3058 tanturn
1480 3022 1607 3062 certae
1638 3025 1764 3075 sunt,
1797 3027 1845 3064 ut
1874 3026 1993 3069 nullo
2024 3030 2149 3071 modo
2174 3032 2228 3073 sit
2260 3034 2321 3075 eis

1287 3090 1574 3132 contradicere
1593 3092 1647 3134 ad
1667 3093 1848 3137 interius
1867 3098 2091 3142 rationem.
2112 3101 2318 3146 Radican-

1286 3162 1357 3202 tur
1375 3165 1518 3203 autem
1539 3163 1585 3203 in
1600 3163 1693 3205 luce
1710 3169 1887 3220 aeterna,
1909 3173 1949 3211 et
1963 3171 2126 3214 ducunt
2141 3175 2185 3215 in
2206 3188 2316 3218 eam.

1286 3230 1382 3273 Non
1400 3236 1463 3274 est
1488 3236 1637 3286 ⁴autem
1667 3249 1840 3291 verum,
1872 3242 1987 3294 quod
2013 3244 2244 3287 fundentur
2270 3249 2317 3290 in

1285 3303 1448 3346 lumine
1473 3309 1624 3349 creatae
1643 3307 1958 3363 intelligentiae,
1982 3326 2079 3367 quae
2105 3315 2318 3362 illuminet

1285 3379 1468 3429 mentes;
1491 3379 1606 3432 quia,
1626 3392 1724 3421 cum
1739 3381 1822 3423 illae
1838 3384 2004 3435 regulae
2023 3385 2108 3429 sint
2126 3388 2316 3433 incoarc-

1283 3508 2044 3555 ⁹11111e9„x,2t.-¹⁰ut'.attl1,x11‚42.—-¹
2055 3519 2312 3564 ¹Num.,x1‚20.

1286 3557 1762 3601 —12Jac,1‚17.-¹³Sa12.,
1786 3565 2300 3610 v1,¹3,14-¹'·Aug.„dve

1285 3603 1404 3645 ΙίεΙιᾎςΙ,
1425 3615 1453 3636 c.
1480 3609 1680 3648 xxxa—(0)
1703 3609 1778 3649 Ley.
1799 3619 1983 3646 summum.

2364 1116 2470 1141 Forma

2376 1157 2468 1191 prima

2355 1204 2472 1237 sapien·

2394 1249 2449 1274 iiam
