2633 3878
60 2728 131 2755 Tria
149 2713 205 2755 nii-¹

62 2769 175 2797 rabilia.

1057 245 1300 289 PSALMUS
1330 245 1502 287 valtl.

209 341 356 388 visive,
378 344 414 379 et
440 344 548 379 tuam
574 340 868 379 multitudinem
899 338 1097 387 provisive
1120 349 1129 374 :
1152 346 1240 374 ecce

211 397 412 444 instructio
432 406 758 444 consummativa.

543 512 732 548 Articulus
767 510 909 546 tertius.

260 596 458 640 Quantum
477 593 529 631 ad
548 594 729 640 tertium,
750 591 945 630 subnectit
965 603 974 628 :
993 591 1039 626 Et
1058 588 1220 626 emercebo
1231 613 1245 633 ‚

213 657 358 694 scilicet
377 656 658 694 exhortationis
687 667 757 693 seu
783 652 1073 704 praedicationis
1099 650 1248 689 exerci-

214 719 289 765 tio,
309 719 350 756 in
378 729 458 766 quo
484 719 704 756 necessaria
733 720 791 755 est
815 715 1018 755 fortitudo.
1052 715 1096 750 Et
1125 715 1246 758 nota,

215 781 325 829 quod
354 781 395 817 in
412 781 642 828 hujusmodi
674 781 866 818 debemus
896 777 1088 822 exerceri,
1109 786 1187 812 non
1206 777 1248 811 ut

215 843 418 889 maledici,
451 854 533 880 non
570 846 612 880 ut
648 842 844 887 malefici,
873 841 943 878 sed
974 843 1016 876 ut
1047 837 1246 875 benefici:

214 905 332 952 primi
362 905 601 952 intonizant3
635 904 798 942 secundi
830 902 1126 947 scandalizant;
1150 899 1249 937 tertii

216 966 495 1013 dogmatizant.
529 969 577 1003 De
597 967 764 1014 primis¹
789 978 797 1002 :
822 979 841 1000 «
868 967 953 1002 Non
980 963 1129 1000 levabit
1155 972 1251 1009 gens

217 1030 354 1066 contra
372 1031 529 1076 gentem
546 1028 739 1075 gladium,
752 1039 825 1065 nec
845 1026 1130 1064 exercebuntur
1150 1023 1252 1060 ultra

217 1091 270 1128 ad
300 1090 481 1139 praelium
504 1104 515 1137 3
548 1104 564 1125 n
599 1091 697 1127 sicut
723 1090 871 1128 faciunt
898 1087 1082 1126 nonnulli
1113 1085 1253 1134 praedi-

218 1156 348 1192 cantes
366 1153 564 1198 maledici,
581 1153 696 1201 quia,
712 1152 810 1190 sicut
823 1151 1093 1200 experimento
1115 1148 1251 1194 didici,

218 1216 470 1254 audientibus
488 1215 718 1263 patientiam
744 1214 981 1263 prfedicant,
1001 1215 1043 1250 ut
1070 1211 1252 1260 patienti-

218 1280 293 1316 bus
312 1278 487 1316 securius
501 1277 752 1315 maledicant.
777 1277 879 1322 Quid
899 1276 1011 1314 aliud
1032 1278 1155 1323 agunt
1174 1274 1252 1320 isti,

219 1341 295 1378 nisi
325 1340 438 1389 quod
469 1342 605 1377 contra
638 1339 737 1376 alios
766 1339 900 1376 levant
937 1337 1117 1385 gladium
1142 1336 1254 1374 verbi

221 1403 310 1448 Dei,
328 1405 372 1439 ut
390 1402 581 1439 audacius
599 1402 750 1450 possint
770 1401 822 1438 ad
841 1399 1022 1448 praelium
1053 1398 1255 1436 exerceri?

220 1467 271 1502 De
291 1464 433 1502 mediis
451 1465 464 1486 ‘²
489 1476 495 1500 :
524 1477 542 1498 «
562 1464 730 1502 Obsecro
759 1467 800 1500 ut
829 1461 1075 1500 obliviscaris
1099 1461 1256 1498 sceleris

219 1526 384 1564 fratrum
424 1529 582 1563 tuorum
602 1554 614 1571 ,
655 1529 691 1563 et
731 1525 880 1573 peccati
915 1528 1032 1572 atque
1070 1523 1228 1561 malitiae
1243 1551 1256 1569 ,

220 1599 342 1638 quam
372 1590 631 1625 exercuerunt
662 1587 703 1624 in
733 1591 783 1624 te.
807 1602 823 1622 »
849 1586 992 1624 Malitia
1021 1586 1196 1623 maxima
1214 1585 1255 1622 in

218 1650 448 1699 proximum
468 1652 689 1696 exercetur,
719 1661 810 1686 cum
837 1660 910 1697 pro
939 1648 1119 1685 doctrina
1141 1657 1254 1685 scan-

221 1712 358 1750 dalum
379 1713 597 1750 exhibetur.
618 1715 670 1750 De
689 1711 837 1749 ultimis
853 1713 866 1734 ³
883 1724 890 1748 :
915 1726 933 1747 «
950 1710 1147 1759 Principes
1162 1720 1256 1757 gen-

219 1776 318 1813 tium
337 1775 592 1812 dominantur
612 1785 748 1812 eorum
762 1803 773 1821 ,
795 1777 831 1811 et
858 1774 927 1822 qui
947 1773 1118 1821 majores
1138 1774 1253 1819 sunt,

218 1840 451 1885 potestatem
471 1840 654 1874 exercent
672 1837 713 1874 in
730 1848 812 1874 eos.
830 1850 846 1872 n
870 1837 1016 1873 Felices
1041 1835 1253 1883 principes,

221 1899 290 1948 qui
309 1899 563 1937 dominantur
581 1899 757 1946 gentium
773 1909 856 1935 non
873 1902 1066 1946 tanquam
1086 1897 1255 1942 domini,

221 1961 291 2000 sed
322 1965 514 2010 tanquam
536 1961 802 2006 vicedomini,
837 1964 874 1997 et
897 1960 1030 1997 felices
1061 1960 1253 2007 majores,

221 2024 290 2073 qui
314 2027 546 2072 potestatem
575 2026 758 2061 exercent
775 2024 817 2060 in
844 2034 934 2070 eos,
955 2033 1038 2060 non
1065 2025 1256 2070 tanquam

219 2086 412 2132 malefici,
431 2087 500 2123 sed
531 2090 724 2134 tanquam
741 2085 922 2123 benefici.
951 2087 1039 2122 Non
1066 2084 1156 2121 dico
1185 2084 1254 2121 be-

219 2149 411 2195 neficum,
434 2149 502 2198 qui
518 2152 751 2196 potestatem
770 2159 841 2196 per
862 2147 1083 2196 temporale
1101 2147 1253 2185 benefi-

220 2212 324 2249 cium
345 2212 586 2260 assequitur;
615 2211 684 2248 sed
704 2212 772 2260 qui
797 2212 1031 2260 potestatem
1050 2221 1121 2259 per
1141 2209 1254 2258 spiri-

219 2274 323 2312 tuale
344 2274 585 2312 beneficium
602 2273 822 2322 exequitur.

550 2381 734 2417 Articulus
759 2382 922 2426 quartus.

269 2466 464 2510 Quantum
484 2464 536 2501 ad
556 2468 761 2511 quartum,
782 2463 992 2500 subscribit
1013 2475 1020 2498 :
1042 2464 1085 2499 In
1103 2463 1255 2499 mirabi-

223 2527 314 2562 libus
347 2528 433 2563 ταῖς.
456 2528 540 2562 Non
562 2525 656 2562 dicit
683 2525 802 2569 meis,
833 2525 903 2562 sed.
935 2527 1037 2567 tuis;
1057 2533 1152 2561 nam
1185 2523 1254 2561 etsi

223 2588 422 2625 mirabilia
441 2588 541 2634 sint,
560 2599 648 2636 quae
668 2588 784 2633 dicit,
804 2597 884 2625 non
904 2586 979 2624 sibi
995 2585 1044 2634 (a)
1065 2589 1255 2634 tanquam

221 2653 359 2690 tistulae
386 2653 556 2698 sonanti,
577 2653 647 2690 sed
678 2655 754 2690 Deo
781 2652 1007 2700 inspiranti,
1027 2655 1064 2689 et
1083 2651 1255 2689 fistulam

222 2715 471 2762 moderanti,
507 2715 762 2752 moderanter
787 2714 959 2752 ascribit.
993 2716 1036 2751 Et
1061 2716 1157 2751 nota
1181 2714 1255 2751 tria

221 2778 418 2815 mirabilia
437 2807 448 2824 ‚
487 2789 574 2826 quae
610 2788 823 2826 personare
857 2777 975 2814 debet
1005 2777 1088 2814 haec
1124 2776 1255 2814 fistula

222 2840 409 2877 dixinitus
428 2839 617 2887 inspirata
638 2852 645 2876 :
668 2839 851 2877 videlicet
870 2839 1068 2876 mirabilia
1096 2839 1163 2876 [bei
1181 2838 1253 2877 be-

220 2902 382 2948 neficia,
409 2903 560 2949 judicia
574 2932 586 2950 ,
615 2907 651 2941 et
670 2902 869 2952 supplicia
890 2915 898 2939 :
920 2913 1094 2951 quorum
1126 2902 1256 2949 prima

222 2964 420 3010 canenda;
436 2965 610 3002 secunda
627 2965 833 3013 pavenda;
852 2964 962 3002 tertia
979 2962 1251 3012 praecavenda.

223 3027 274 3062 De
304 3026 434 3075 primo
451 3028 464 3048 ⁸
489 3039 498 3064 ε
524 3041 542 3061 «
572 3029 729 3065 Cantate
760 3027 927 3064 Domino
962 3026 1159 3064 canticum
1178 3035 1252 3063 no-

222 3098 337 3134 vum,
359 3089 455 3136 quia
477 3089 677 3127 mirabilia
701 3089 802 3127 feeit.
822 3103 840 3124 »
859 3099 948 3137 quae
967 3091 1057 3125 sunt
1081 3088 1164 3125 haec
1183 3087 1255 3125 mi-

222 3149 384 3196 rabilia,
405 3150 479 3187 nisi
509 3151 645 3189 divina
671 3151 865 3189 beneficia
897 3162 988 3188 cum
1008 3161 1154 3198 magna
1185 3150 1256 3188 de-

224 3213 382 3250 votione
397 3214 601 3251 canenda?
614 3216 663 3251 De
681 3213 856 3251 secundo
873 3213 1066 3261 Propheta
1078 3212 1253 3262 psallit⁵:

228 3289 245 3307 «
273 3275 458 3313 Mirabilis
488 3276 528 3312 in
561 3276 647 3313 altis
674 3276 861 3314 Dominus
885 3287 894 3311 ε
927 3289 945 3310 »
977 3277 1138 3323 propter
1166 3286 1255 3324 quae

223 3337 445 3384 mirabilia,
465 3338 539 3376 nisi
568 3342 729 3388 propter
755 3339 837 3386 ejus
859 3337 1029 3386 Judicia,
1049 3348 1139 3385 quae
1167 3341 1257 3375 sunt

267 3437 372 3478 ¹1³0„
393 3445 432 3479 11,
450 3439 480 3471 4.
495 3456 537 3464 -·
556 3439 567 3458 ²
588 3439 683 3480 Gen.,
705 3447 737 3480 L,
758 3440 862 3472 27.—
883 3438 897 3460 ⁸
911 3436 1049 3479 Mami„
1067 3446 1127 3479 xx,
1146 3439 1198 3470 25.
1213 3456 1255 3463 —

226 3485 235 3502 ⁴
257 3484 348 3516 Psal.
368 3493 480 3526 xcvii,
500 3489 528 3519 1.
552 3504 588 3510 -
611 3487 625 3508 ⁵
641 3487 733 3519 Psal.
751 3494 840 3525 xcn,
860 3488 890 3518 9.
911 3504 952 3509 -
971 3487 982 3504 ⁰
1000 3485 1090 3517 Psal.
1111 3493 1179 3526 cvi,
1203 3488 1254 3518 24.

225 3548 265 3559 —
282 3531 296 3554 ⁷
314 3531 404 3564 Psal.
429 3540 530 3574 mxxv,
553 3535 583 3566 7.
605 3551 646 3559 —
667 3538 677 3553 ⁵
697 3533 847 3575 Nahum,
868 3540 922 3574 111,
945 3535 994 3566 18.

2272 255 2349 294 355

1320 337 1426 372 casto
1445 344 1594 382 pavore
1625 335 1808 382 pavenda
1824 338 1841 371 ⁵?
1862 338 1913 374 De
1944 338 2056 375 tertio
2082 339 2223 377 eadem
2247 341 2351 388 psal-

1319 396 1456 435 modia
1472 396 1661 445 proponit
1679 397 1692 419 ⁸
1715 409 1724 433 :
1750 410 1767 431 «
1787 398 1976 436 Mirabilia
2004 400 2087 447 ejus
2114 400 2156 438 in
2184 402 2350 450 profun-

1321 460 1387 498 do.
1409 473 1427 496 »
1451 461 1638 505 Quaenam
1657 461 1747 496 sunt
1770 459 1840 497 illa
1861 461 2079 508 mirabilia,
2099 463 2173 500 nisi
2192 464 2261 502 illa
2281 476 2350 512 ge-

1320 523 1459 560 hennae
1478 522 1696 571 supplicia,
1721 533 1809 570 quae
1831 522 1963 559 nullus
1988 523 2152 572 ambigit
2183 527 2353 564 cautissi-

1321 597 1385 623 me
1405 586 1664 635 praecavenda
1683 588 1701 623 ⁶?

1752 685 1924 727 Epilogus.

1371 773 1508 821 Liquet
1535 772 1668 820 itaque
1696 771 1914 810 intellectus
1938 774 2138 822 Prophetae
2161 775 2358 824 loquentis

1325 836 1366 872 in
1381 845 1552 883 persona
1571 834 1816 882 poenitentis,
1843 836 2048 882 proximos
2074 837 2270 875 aedificare
2290 850 2359 876 vo·

1326 899 1470 936 lentis:
1501 900 1608 935 Viam
1636 898 1937 943 iustificationum
1967 902 2139 946 tuarum,
2167 903 2359 948 quantum

1327 961 1379 998 ad
1397 960 1669 1009 provisionem
1685 959 1842 1006 J'ustitiae
1862 960 2162 998 convenientem
2187 974 2194 998 :
2216 964 2361 998 Instrue

1327 1034 1401 1070 me,
1431 1025 1624 1071 quantum
1645 1021 1697 1059 ad
1721 1021 2000 1070 praevisionem
2031 1022 2251 1070 prudentiae
2271 1034 2362 1060 con-

1328 1088 1557 1132 gruentem3
1589 1086 1636 1120 Et
1663 1085 1848 1121 exercebor
1868 1113 1879 1130 ,
1911 1087 2104 1132 quantum
2138 1085 2191 1122 ad
2221 1086 2362 1133 praela-

1328 1148 1477 1186 tionem
1496 1147 1716 1184 fortitudini
1738 1150 2026 1195 competentem
2041 1160 2053 1194 ς
2072 1150 2116 1184 In
2136 1149 2363 1186 mirabilibus

1331 1213 1402 1248 tuis
1413 1238 1425 1257 ,
1445 1213 1638 1258 quantum
1660 1209 1713 1247 ad
1731 1209 2021 1257 praelationem,
2054 1209 2135 1247 sive
2154 1210 2362 1258 praehono-

1329 1274 1522 1311 rationem
1553 1272 1726 1310 doctoris
1756 1272 1861 1309 illius
1882 1300 1894 1318 ,
1928 1272 1998 1320 qui
2027 1272 2142 1310 docet
2173 1273 2333 1311 interius
2353 1303 2364 1320 ,

1330 1335 1514 1373 humanae
1531 1335 1800 1383 temperantiae
1819 1336 2116 1372 consonantem.

1690 1483 1914 1511 VERSICULUS
1939 1485 2002 1511 xli.

1378 1588 1437 1623 28.
1453 1588 1676 1624 Dormitavz't
1691 1590 1814 1624 anima
1824 1599 1914 1634 mea,
1928 1590 1998 1624 etc.
2009 1587 2150 1626 Audito
2163 1589 2266 1626 circa
2281 1600 2368 1638 pce-

1331 1648 1535 1694 nitentem‚
1557 1649 1726 1697 qualiter
1743 1649 1974 1687 humiliatur
1993 1650 2045 1687 ad
2065 1651 2368 1698 confessionem,

1331 1711 1514 1748 anxiatur
1545 1710 1599 1748 ad
1630 1711 1959 1758 satisfactionem,
1989 1712 2195 1760 instigatur
2225 1713 2277 1750 ad
2303 1724 2370 1750 ex-

1331 1773 1624 1818 hortationem,·
1659 1774 1906 1812 audiendum
1935 1778 1992 1812 est
2022 1775 2124 1812 circa
2155 1776 2367 1822 eumdem,

1331 1846 1412 1883 quo
1432 1836 1556 1874 modo
1577 1832 1766 1884 fatigatur
1785 1837 1837 1875 ad
1857 1838 2209 1886 supportationem.
2231 1839 2369 1876 Modus

1331 1900 1462 1935 autem
1482 1898 1768 1936 exhortationis
1782 1927 1794 1945 ,
1823 1901 2132 1948 supportationis
2151 1930 2163 1947 ,
2190 1905 2367 1949 reporta-

1330 1961 1469 2007 tionis,
1489 1961 1788 1999 confortationis
1808 1962 1982 2000 innuitur
2001 1963 2041 2000 in
2066 1964 2128 2001 his
2147 1964 2280 2001 verbis
2293 1993 2304 2007 ,
2327 1964 2367 2001 in

1330 2023 1476 2071 quibus
1513 2026 1608 2061 nota
1623 2051 1635 2070 ,
1669 2024 1838 2073 qualiter
1876 2025 2097 2063 exhortatio
2134 2026 2363 2074 pigritatur,

1329 2086 1574 2134 supportatio
1601 2086 1854 2134 molestatur,
1875 2088 2089 2135 reportatio
2117 2087 2338 2127 infirmatur
2353 2116 2366 2135 ,

1331 2149 1562 2188 confortatio
1582 2150 1791 2198 flagitatur.

1656 2256 1846 2292 Articulus
1881 2259 2037 2303 primus.

1378 2340 1578 2388 Pigritatio
1600 2340 1762 2388 quidem
1790 2341 2073 2380 exhortationis
2096 2344 2363 2390 praenotatur,

1330 2414 1422 2441 cum
1450 2402 1722 2450 praemittitur3
1753 2406 1974 2441 Dormitavit
2000 2407 2125 2442 anima
2149 2417 2238 2442 mea.
2262 2405 2364 2451 Quid

1329 2467 1386 2502 est
1416 2464 1652 2511 dormitare,
1674 2464 1751 2501 nisi
1771 2475 1795 2503 a
1823 2465 2023 2513 vigilantia
2055 2467 2107 2504 ad
2139 2467 2364 2506 somnolen-

1328 2527 1423 2564 tiam
1455 2526 1685 2564 declinare?
1711 2527 1770 2563 Sic
1803 2528 1987 2564 nonnulli
2017 2529 2286 2567 exhortatores
2308 2529 2364 2568 fa-

1329 2588 1451 2635 ciunt,
1469 2588 1539 2636 qui
1557 2588 1654 2626 dum
1668 2600 1781 2626 suam
1802 2589 2049 2637 diligentiam
2067 2592 2260 2639 proficere
2280 2602 2362 2630 non

1328 2650 1568 2697 advertunt,
1607 2651 1876 2689 incunctanter
1914 2652 1967 2690 ad
2003 2654 2284 2701 negligentiam
2321 2666 2362 2693 se

1329 2716 1575 2751 convertunt.
1597 2713 1673 2751 Sed
1693 2717 1808 2761 nota,
1830 2715 1941 2763 quod
1966 2715 2024 2752 illi
2053 2716 2237 2755 dicuntur
2261 2729 2362 2766 prae-
2382 2730 2438 2764 Qui
2452 2730 2521 2759 dor-

1329 2776 1442 2825 cipue
1468 2775 1572 2813 circa
1601 2776 1781 2814 subditos
1815 2777 2050 2824 dormitare,
2081 2780 2149 2828 qui
2180 2791 2263 2818 non
2297 2792 2362 2819 cu·
2400 2771 2504 2817 m5¹⁰¹¹²

1328 2841 1415 2875 rant
1435 2849 1502 2876 eos
1516 2838 1691 2884 visitare,
1708 2842 1908 2887 vegetare,
1925 2843 1961 2877 et
1974 2841 2174 2880 suscitare.
2190 2843 2362 2883 visitatio
2381 2820 2525 2881 ειιῗῖῑῗῗοε.

1327 2901 1493 2948 pertinet
1531 2901 1583 2938 ad
1618 2901 1803 2949 exempla
1815 2914 1826 2948 3
1854 2903 2047 2950 vegetatio
2087 2905 2139 2942 ad
2175 2905 2336 2954 eloquia
2348 2921 2359 2954 ;
2381 2894 2522 2963 Jaefffim

1328 2962 1524 3000 suscitatio
1558 2962 1608 3000 ad
1641 2963 1844 3012 suffragia.
1877 2966 1929 3002 De
1957 2976 2129 3013 quorum
2153 2968 2282 3015 primo
2304 2969 2362 3006 di-
2410 2945 2437 2971 ¹p
2450 2944 2498 2963 eh

1329 3025 1427 3063 citur
1457 3026 1469 3047 Ἰ
1502 3037 1509 3061 :
1546 3039 1564 3060 ι(
1600 3025 1916 3064 Dormitaverunt
1941 3054 1952 3072 ‚
1993 3029 2061 3076 qui
2103 3031 2362 3069 ascenderunt

1329 3099 1485 3136 cquos;
1519 3088 1656 3136 »quia
1693 3092 1796 3126 recte
1832 3089 2016 3128 videntur
2055 3102 2148 3138 erga
2181 3093 2361 3131 subditos

1330 3150 1570 3197 dormitare,
1608 3151 1678 3199 qui
1713 3151 1866 3189 malunt
1899 3152 1951 3190 ad
1986 3153 2085 3191 alios
2121 3154 2360 3193 infructuose

1331 3213 1505 3262 equitare
1528 3241 1540 3258 ,
1576 3224 1698 3262 quam
1738 3214 1932 3253 fructuose
1967 3227 2060 3253 suos
2101 3216 2285 3265 visitare,
2325 3221 2363 3256 et

1329 3275 1520 3324 exemplis
1552 3275 1823 3314 laudabilibus
1855 3277 1906 3314 ad
1937 3277 2080 3316 similia
2112 3279 2290 3317 invitare.
2312 3282 2362 3318 De

1329 3337 1504 3375 secundo
1538 3337 1721 3375 scribitur
1738 3339 1751 3360 ⁸
1774 3351 1782 3376 :
1815 3352 1833 3373 «
1853 3340 2166 3378 Dormitaverunt
2190 3344 2363 3390 pastores

1330 3400 1386 3438 tui
1407 3410 1519 3453 ,xrex
1561 3403 1691 3437 Assur.
1727 3415 1743 3433 »
1775 3400 1893 3438 Plane
1929 3404 2107 3450 pastores
2142 3402 2363 3452 spirituales

1374 3531 1418 3573 (a)
1441 3531 1522 3565 caet.
1539 3530 1618 3563 edit.
1640 3540 1701 3563 urm
1721 3530 1839 3563 liabent
1859 3531 1936 3574 sibi,
1956 3533 2016 3565 secl
2033 3534 2145 3577 igitur.
