2633 3878
277 293 356 331 440

276 378 414 424 injuste
440 374 601 424 perditis
615 385 687 412 nos
709 387 717 411 :
738 388 754 408 »
777 383 863 412 ecce
876 374 1044 422 perditio
1066 370 1301 420 corporalis,

277 448 398 485 quam
416 437 506 474 facit
525 437 715 474 ferocitas.
735 438 785 474 De
802 437 913 473 tertio
933 439 941 459 ¹
964 448 970 472 :
994 435 1107 471 «Noli
1128 433 1217 470 cibo
1237 436 1302 470 tuo

274 500 387 537 illum
406 499 587 548 perdere,
607 509 680 547 pro
701 509 781 547 quo
802 499 971 536 Christus
993 500 1168 533 mortuus
1188 498 1244 532 est
1262 507 1300 532 ι»

277 573 363 600 ecce
391 561 559 611 perditio
581 561 815 609 spiritualis,
845 571 965 608 quam
987 559 1076 596 facit
1096 559 1301 596 voracitas.

606 667 787 702 Arte'culus
814 668 977 711 quartus.

325 753 513 797 Quartum
534 749 773 796 designavit,
795 747 929 785 dicens
959 760 967 784 :
1001 749 1217 785 Testimonz'a
1247 751 1306 783 tua

276 816 459 857 2·⁷2telleae1·,·
488 812 598 860 quasi
627 811 731 848 dicat
753 823 760 848 :
785 810 886 856 Quid
913 810 1183 858 operandum,
1215 810 1307 847 tole-

276 876 469 921 randum,
505 874 765 923 sperandum,
797 873 1100 920 magnanimiter
1131 872 1304 920 inspexi,

277 941 313 975 et
344 937 521 974 animum
553 936 605 973 ad
636 938 766 973 actum
795 935 972 972 illicitum
1006 934 1307 982 pusillanimiter

277 1010 358 1037 non
383 998 530 1036 inflexi.
561 998 669 1035 Unde
701 998 943 1044 notandum,
979 997 1087 1045 quod
1119 996 1309 1033 intellexit

279 1062 413 1099 divina
439 1061 659 1098 testimonia
690 1063 880 1108 quantum
914 1059 965 1096 ad
997 1059 1276 1107 praeceptiones
1296 1086 1307 1103 ‚

277 1127 555 1176 probationes,
583 1128 620 1162 et
639 1126 934 1172 promissiones.
962 1127 1002 1162 ln
1032 1124 1168 1173 primis
1195 1124 1307 1161 intel-

278 1190 371 1227 lexit
392 1189 489 1237 quid
509 1188 782 1236 operandum3
804 1188 844 1224 in
865 1187 1066 1233 secundis,
1093 1187 1191 1235 quid
1217 1186 1310 1224 tole-

278 1252 472 1297 randum3
497 1251 536 1287 in
561 1250 704 1296 tertiis,
736 1250 833 1297 quid
862 1250 1118 1297 sperandum.
1151 1252 1201 1286 Dc
1230 1249 1310 1297 pri-

278 1325 344 1351 mo
360 1315 373 1335 ²
393 1326 400 1350 :
426 1327 442 1348 «
458 1313 654 1351 Custodite
673 1312 792 1349 verba
812 1312 914 1360 pacti
934 1312 1053 1359 hujus
1067 1340 1079 1357 ,
1099 1314 1134 1349 et
1152 1312 1311 1360 implete

280 1388 347 1423 ea,
366 1379 408 1413 ut
429 1375 649 1422 intelligatis
670 1374 853 1411 universa
873 1385 960 1422 quae
979 1374 1149 1411 facietis:
1173 1387 1190 1407 »
1223 1385 1311 1411 ecce

280 1438 537 1486 intelligentia
565 1441 757 1485 quantum
782 1437 832 1473 ad
853 1437 1069 1485 operanda.
1103 1439 1153 1474 Dc
1175 1448 1311 1474 secun-

281 1501 333 1539 do
355 1503 368 1524 ³
388 1514 395 1538 :
413 1502 538 1537 «Cum
553 1500 727 1536 videritis
748 1499 1085 1537 abominationem
1100 1499 1310 1536 desolatio-

280 1565 339 1601 nis
360 1566 556 1600 stantem»
583 1562 648 1599 ubi
670 1572 750 1599 non
773 1562 908 1608 debet,
934 1575 951 1596 «
969 1562 1035 1610 qui
1061 1562 1155 1609 legit
1175 1562 1313 1599 intelli-

282 1629 347 1673 gat
368 1639 405 1663 :n
428 1636 516 1662 ecce
534 1625 791 1671 intelligentia
811 1627 1003 1673 quantum
1023 1624 1074 1662 ad
1094 1624 1312 1662 toleranda.

283 1691 332 1726 De
356 1689 466 1726 t·.·rtio
496 1690 539 1724 ⁴:
576 1703 593 1723 ιι
628 1691 788 1726 Gemma
830 1687 1049 1735 gratissima
1098 1687 1314 1735 expectatio

283 1750 561 1799 praestolantis3
590 1761 842 1799 quocumque
872 1760 910 1786 sc
939 1750 1071 1795 vertit,
1102 1750 1315 1798 prudenter

285 1813 468 1860 intelligit
488 1825 495 1849 :
515 1828 532 1846 »
559 1824 647 1850 ecce
668 1812 924 1859 intelligentia
944 1814 1137 1860 quantum
1157 1812 1208 1848 ad
1228 1823 1316 1859 spe-

284 1875 422 1912 randa.

716 1922 890 1964 Epilogus.

333 2002 513 2048 Loquens
533 2010 627 2047 ergo
650 1999 848 2036 psalmista
869 1999 908 2035 in
932 2009 1110 2047 personae
1131 1999 1318 2037 charitate

287 2063 500 2109 flagrantis,
519 2073 592 2109 pro
612 2062 772 2098 veritate
793 2061 972 2098 certantis
998 2061 1139 2109 figura,
1159 2061 1212 2098 sic
1235 2061 1288 2098 ait
1309 2075 1316 2099 :

288 2127 501 2170 Peccatores,
522 2123 714 2160 invidiose
745 2123 983 2171 spectand03
1026 2124 1087 2162 Me
1117 2128 1320 2171 ‹impectore-

287 2190 383 2232 rum,
423 2186 608 2223 insidiose
645 2186 914 2234 espectando:
951 2188 993 2222 rt
1029 2187 1213 2233 perderent
1252 2198 1319 2233 me,

289 2248 425 2286 odiose
452 2248 654 2285 tractando
669 2260 678 2293 ;
706 2250 922 2284 Testimom'a
952 2252 1015 2284 tua
1041 2250 1218 2293 inlelleaei,
1249 2251 1322 2285 tes-

290 2310 451 2347 timonia
471 2310 641 2348 veritatis
660 2310 850 2357 gaudiose
882 2309 1082 2347 sectando.

652 2457 871 2485 VERSlCL’LUS
890 2459 966 2484 XVI.

343 2564 399 2599 96.
416 2563 538 2598 Omnis
550 2564 863 2599 consummationis
873 2562 952 2598 vidi
961 2563 1077 2608 finem,
1092 2564 1162 2598 etc.
1176 2561 1247 2606 Qui
1259 2562 1326 2599 dat

294 2625 376 2672 spei
396 2623 594 2671 fiduciam,
630 2624 721 2661 fidei
763 2623 1036 2669 constantiam,
1056 2626 1092 2661 et
1112 2624 1239 2661 amori
1258 2624 1326 2662 fla-

295 2687 503 2733 grantiam,
541 2686 622 2734 ipse
661 2686 784 2723 donat
816 2686 945 2723 labori
984 2686 1325 2734 complacentiam,

296 2751 337 2785 ut
356 2749 419 2785 hic
440 2751 615 2796 patenter
634 2749 819 2797 panditur
852 2760 922 2796 per
954 2749 1199 2796 prophetam.
1235 2749 1326 2794 Quis

297 2811 401 2847 enim
422 2814 499 2847 tam
527 2822 641 2858 aeger,
664 2814 741 2847 tam
769 2811 894 2859 piger,
928 2811 990 2847 cui
1023 2810 1226 2858 displiceat
1262 2811 1326 2848 ille

297 2873 425 2918 labor,
448 2873 558 2919 cujus
579 2873 723 2909 fructus
745 2873 853 2910 omni
882 2872 1009 2908 fructu
1029 2872 1193 2917 felicior,
1217 2874 1327 2920 cujus

297 2936 404 2970 actus
419 2935 559 2981 quovis
579 2937 665 2970 actu
699 2934 877 2971 facilior?
897 2934 996 2971 Talis
1032 2934 1147 2971 labor
1167 2937 1221 2971 est
1241 2946 1327 2982 pro-

298 2995 502 3041 culdubio,
519 2996 630 3042 cujus
650 2995 794 3032 fructus
815 2999 870 3032 est
892 2996 956 3032 Dei
985 2996 1100 3042 visio,
1130 2997 1240 3043 cuju:
1266 3007 1328 3033 ac—

298 3060 358 3095 tus
378 3060 433 3094 est
453 3057 517 3094 Dei
538 3057 707 3093 dilectio.
724 3059 819 3094 Nam
839 3057 904 3093 illa
922 3057 1019 3094 visio
1041 3058 1128 3094 finis
1158 3061 1214 3095 est
1243 3069 1327 3095 om-

297 3120 356 3156 nis
372 3120 475 3165 finis,
497 3121 533 3157 et
552 3119 642 3156 ideo
665 3130 816 3155 summe
849 3119 1144 3165 desiderabilis3
1172 3120 1240 3156 illa
1260 3131 1326 3157 au-

297 3186 375 3220 tem
395 3183 495 3220 actio
516 3193 596 3219 non
616 3185 673 3219 est
692 3185 810 3228 arcta,
829 3182 896 3218 sed
923 3182 1001 3218 lata
1021 3183 1150 3228 nimis,
1172 3186 1207 3219 et
1237 3183 1326 3220 ideo

296 3245 480 3282 facillime
501 3245 727 3294 operabilis.
751 3247 827 3281 Hoc
847 3244 1021 3290 videbat,
1052 3245 1120 3292 qui
1141 3245 1295 3283 dicebat
1317 3259 1325 3282 :

301 3307 425 3345 Omnis
445 3310 772 3354 communicationis,
794 3310 865 3345 etc.
877 3321 888 3355 3
912 3318 956 3344 ac
971 3307 1001 3343 si
1017 3307 1135 3356 plane
1157 3307 1325 3346 diceret:

298 3369 383 3405 Vidi
403 3369 522 3406 finem
543 3370 672 3407 omnis
690 3370 794 3415 finis,
820 3373 856 3407 et
876 3372 1007 3406 actum
1041 3370 1163 3406 latum
1195 3370 1325 3418 nimis,

300 3441 345 3467 ex
367 3432 509 3478 quibus
528 3432 595 3470 fiat
615 3433 730 3470 labor
750 3433 1000 3481 acceptabilis
1023 3445 1030 3470 :
1047 3443 1135 3470 ecce
1159 3435 1328 3481 quatuor

343 3563 352 3584 ¹
380 3563 483 3602 Rom„
511 3571 585 3604 xtv,
616 3566 662 3596 15.
693 3583 727 3589 -
758 3566 771 3586 Ξ
797 3565 907 3605 Dent„
935 3574 1035 3606 xxix,
1057 3569 1087 3598 9.
1108 3584 1149 3590 -
1171 3567 1182 3585 ³
1206 3568 1325 3606 Marc..

975 281 1247 326 EXPOSlTlO
1279 280 1330 323 IN
1360 280 1714 324 PSALTERIUM.

1379 381 1513 408 versus
1533 371 1725 418 membra,
1767 369 1944 407 videlieet
1979 369 2123 407 fructus
2161 373 2338 420 essentia,
2370 376 2407 411 et

1378 434 1462 480 ejus
1482 433 1708 471 excellentia
1715 447 1725 480 3
1749 435 1855 470 actus
1875 432 2105 479 substantia,
2137 434 2175 469 et
2204 433 2325 480 ipsius
2344 446 2407 473 su-

1379 496 1674 543 pereminentia.
1698 496 1870 547 Primum
1887 495 2051 543 pertinet
2071 495 2122 531 ad
2140 495 2331 533 visionem
2352 497 2407 534 di-

1380 558 1513 595 vinam
1524 572 1535 605 3
1558 558 1789 604 secundum,
1835 558 1887 594 ad
1925 557 2251 606 appetibilitatem
2272 558 2408 596 altissi-

1381 631 1487 658 mam
1499 634 1509 667 3
1538 620 1706 666 tertium,
1746 619 1798 656 ad
1836 619 2086 656 dilectionem
2119 619 2407 666 charitativam;

1382 685 1564 730 quartum
1583 682 1634 719 ad
1653 682 1877 719 facilitatem
1900 682 2077 719 nimiam.

1718 789 1905 824 Articulus
1927 789 2078 834 primus.

1430 874 1590 909 Fructus
1610 871 1773 909 essentia
1799 872 1987 919 tangitur,
2010 882 2100 908 eum
2135 871 2302 910 dicitur:
2326 873 2414 910 Vidi

1382 937 1505 981 finem
1537 935 1648 982 quasi
1687 934 1819 971 dicat:
1852 936 2008 971 Fructus
2035 934 2184 971 laboris
2222 936 2278 971 est
2314 934 2414 972 visio

1383 997 1610 1043 salvatoris,
1649 997 1715 1045 qui
1755 997 1847 1034 dicit
1881 997 1929 1033 de
1968 996 2095 1045 seipso
2116 997 2128 1018 ⁵
2152 1009 2160 1034 :
2189 999 2306 1044 «Ego
2326 1008 2415 1034 sum

1383 1060 1621 1108 principium
1645 1060 1799 1098 etfinis.
1831 1074 1847 1093 »
1875 1062 1916 1096 Et
1947 1062 2055 1105 nota,
2084 1059 2192 1107 quod
2228 1058 2296 1096 iste
2325 1059 2415 1096 finis

1385 1125 1442 1160 est
1461 1122 1692 1171 perfectivus
1708 1123 1804 1171 spei,
1826 1123 1977 1159 ratione
1993 1133 2071 1158 suae
2084 1121 2286 1169 tentionis;
2307 1121 2414 1166 fidei,

1384 1186 1535 1223 ratione
1552 1196 1631 1222 suae
1652 1185 1831 1232 visionis3
1860 1187 1895 1222 et
1919 1184 2128 1229 charitatis,
2160 1184 2311 1222 ratione
2337 1195 2416 1222 suae

1385 1248 1592 1285 fruitionis,
1629 1250 1677 1284 De
1696 1248 1825 1295 primo
1845 1246 1858 1268 ⁶
1881 1260 1889 1284 ε
1913 1261 1929 1281 α
1949 1246 2120 1284 Gloriam
2156 1247 2253 1294 spei,
2292 1257 2417 1295 usque

1387 1311 1438 1348 ad
1455 1310 1588 1357 finem,
1623 1309 1778 1347 firmam
1802 1309 2092 1355 retineamns;»
2131 1308 2247 1357 quasi
2287 1308 2414 1346 dicat:

1387 1373 1635 1410 Retineamus
1660 1372 1827 1419 gloriam
1848 1371 1946 1419 spei,
1976 1381 2101 1418 usque
2133 1370 2185 1407 ad
2203 1370 2418 1408 tentionem

1387 1437 1455 1473 rei.
1480 1438 1529 1472 De
1546 1435 1721 1472 secundo
1737 1436 1750 1457 ⁷
1776 1447 1784 1471 ε
1808 1447 1825 1469 «
1843 1433 2072 1470 Exultabitis
2097 1432 2227 1470 laetitia
2260 1432 2418 1470 inenar-

1386 1499 1502 1537 rabili
1541 1501 1576 1536 et
1614 1498 1846 1545 glorificata,
1885 1498 2134 1545 reportantes
2167 1496 2288 1533 finem
2326 1495 2420 1534 fidei

1388 1565 1537 1608 vesu-ze,
1558 1576 1575 1596 n
1606 1561 1750 1598 scilicet
1781 1559 1864 1609 spei
1896 1559 2104 1606 visionem,
2138 1558 2234 1607 quia
2271 1569 2421 1597 merces

1389 1624 1481 1661 fidei
1503 1626 1558 1661 est
1576 1624 1672 1660 visio
1704 1623 1802 1671 spei.
1831 1625 1882 1659 Dc
1916 1622 2027 1659 tertio
2043 1623 2056 1644 ⁸
2079 1634 2086 1658 :
2115 1635 2131 1656 «
2152 1624 2194 1659 ln
2212 1623 2334 1658 finem
2365 1621 2423 1658 di-

1390 1687 1483 1723 lexit
1502 1697 1582 1723 eos.
1597 1699 1614 1720 n
1638 1686 1739 1730 Quid
1755 1688 1810 1722 est
1828 1685 1932 1721 enim
1953 1684 1993 1721 in
2011 1684 2132 1721 finem
2147 1683 2326 1731 diligere,
2347 1684 2422 1721 nisi

1392 1749 1446 1786 eis
1464 1748 1584 1785 finem
1604 1748 1838 1793 dilectionis,
1875 1747 1914 1783 id
1948 1749 2015 1793 est,
2047 1745 2300 1784 dulcedinem
2332 1745 2424 1783 frui-

1392 1811 1507 1848 tionis
1529 1812 1688 1856 optare‘?
1735 1859 1738 1861 q

1706 1914 1896 1949 Articulus
1921 1912 2106 1949 secundus.

1441 1998 1600 2035 Fructus
1621 1996 1851 2034 excellentia
1884 1996 2050 2034 traditur
2086 1996 2127 2033 in
2161 1996 2222 2033 his
2260 1996 2422 2035 verbis:

1397 2061 1520 2097 Omnis
1551 2062 1879 2096 consummationis.
1903 2059 2004 2104 Quid
2025 2059 2130 2096 enim
2164 2060 2220 2096 est
2240 2070 2425 2097 consum-

1394 2123 1533 2169 matio,
1558 2122 1633 2159 nisi
1654 2122 1743 2159 finis
1754 2124 1772 2159 ἶ)
1791 2122 1935 2159 Videns
1950 2133 2043 2169 ergo
2057 2122 2179 2159 finem
2193 2122 2323 2159 omnis
2336 2132 2428 2160 con-

1395 2185 1681 2232 summationis,
1720 2185 1819 2221 vidit
1852 2185 1972 2221 finem
2018 2185 2146 2222 omnis
2183 2184 2285 2222 finis.
2319 2185 2426 2222 Unde

1396 2259 1486 2285 eum
1523 2248 1612 2284 finis
1648 2247 1877 2284 naturaliter
1911 2247 1958 2283 sit
1997 2246 2237 2295 appetibilis,
2278 2249 2429 2285 co'nstat

1397 2310 1508 2358 quod
1526 2309 1615 2346 finis
1634 2309 1761 2346 omnis
1781 2309 1870 2345 finis
1888 2311 1944 2346 est
1965 2308 2217 2357 appetibilior
2235 2309 2428 2357 appetibi-

1396 2372 1502 2409 libus
1517 2371 1721 2408 universis.
1743 2373 1785 2408 Et
1805 2373 1912 2417 nota,
1941 2371 2048 2419 quod
2078 2370 2118 2407 in
2151 2370 2331 2418 praesenti
2348 2371 2429 2409 vita

1397 2439 1453 2472 est
1472 2434 1757 2472 consummatio
1788 2433 1992 2482 tripartita,
2026 2433 2172 2470 scilicet
2205 2434 2427 2482 purgativa,

1397 2497 1671 2543 illuminativa,
1689 2499 1725 2533 et
1743 2495 1976 2544 perfectiva5
1999 2496 2218 2533 secundum
2235 2496 2430 2545 triplicem

1398 2560 1576 2597 fidelium
1597 2561 1752 2604 statum,
1781 2557 1964 2595 videlicet
1993 2557 2285 2606 incipientium,
2307 2558 2429 2606 profi-

1399 2623 1599 2667 cientium,
1619 2621 1898 2677 peri'ectorum.
1938 2622 1986 2657 De
2022 2620 2178 2667 prima⁹
2201 2632 2208 2658 :
2229 2622 2429 2659 «Oramus

1399 2688 1568 2722 vestram
1607 2683 2001 2729 consummationem,
2023 2696 2039 2717 »
2083 2682 2227 2719 scilicet
2255 2683 2428 2731 purgati-

1398 2759 1502 2785 vam.
1526 2750 1575 2785 De
1588 2746 1761 2784 secunda
1782 2746 1808 2767 ¹⁰
1830 2758 1869 2782 :«
1890 2744 2182 2782 consummatio
2197 2744 2347 2783 timoris
2364 2746 2428 2783 Dei

1399 2809 1603 2858 sapientia,
1620 2822 1638 2843 »
1673 2808 1817 2845 scilicet
1843 2805 2117 2844 illuminativa.
2155 2808 2204 2843 De
2237 2806 2348 2844 tertia
2367 2806 2393 2831 ¹¹
2417 2819 2425 2844 ε

1404 2886 1420 2906 «
1439 2875 1522 2920 lpse
1543 2871 1651 2908 dedit
1672 2870 1867 2918 quosdam
1901 2868 2114 2916 apostolos,
2135 2868 2332 2916 quosdam
2361 2879 2428 2906 au-

1400 2937 1478 2971 tem
1496 2934 1722 2982 prophetas,
1752 2932 1849 2968 alios
1887 2942 1982 2968 vero
2021 2930 2293 2978 evangelistas,
2329 2931 2429 2969 alios

1400 3000 1529 3034 autem
1548 2999 1724 3044 pastores
1745 2997 1782 3032 et
1801 2994 1994 3040 doctores,
2034 2994 2086 3030 ad
2122 2993 2430 3032 consummatio·
2490 3016 2496 3024 ·

1399 3071 1488 3097 nem
1510 3062 1749 3105 sanctorum,
1773 3073 1789 3092 u
1813 3058 1960 3095 scilicet
1980 3058 2246 3106 perfectivam.

1730 3164 1916 3199 Articulus
1954 3164 2095 3199 tertius.

1448 3250 1561 3285 Actus
1580 3246 1795 3284 substantia
1830 3245 2056 3283 nominatur
2096 3246 2227 3293 aperte
2253 3242 2428 3280 mandati

1399 3311 1558 3348 nomine
1594 3322 1602 3346 :
1638 3309 1873 3354 Mandatum,
1904 3307 2093 3355 quoniam
2128 3305 2357 3343 mandatum
2379 3304 2428 3342 de

1399 3433 1474 3465 xm,
1499 3426 1544 3456 14.
1569 3442 1603 3447 —-
1625 3423 1639 3444 ¹·
1659 3423 1770 3461 P1·ov.,
1796 3429 1882 3460 xvii,
1904 3422 1975 3451 8.—
1996 3421 2007 3438 ⁵
2028 3419 2139 3459 Apoc..
2161 3426 2188 3457 1,
2207 3418 2244 3458 83
2268 3424 2354 3458 xxii,
2377 3419 2425 3450 13.

1400 3489 1439 3496 -
1455 3474 1467 3490 ⁰
1487 3471 1599 3511 Helm,
1627 3479 1687 3512 111,
1711 3471 1739 3502 6.
1761 3486 1801 3493 -
1822 3470 1831 3487 ⁷
1855 3469 1864 3499 1
1888 3469 1992 3506 Petu,
2016 3475 2044 3504 1,
2068 3468 2098 3498 9.
2119 3483 2159 3489 -
2184 3465 2199 3487 ⁸
2218 3466 2324 3506 loun„
2352 3472 2427 3502 xni,

1401 3523 1431 3551 1.
1460 3536 1500 3542 --
1528 3520 1542 3541 ⁹
1568 3520 1593 3550 ΙΙ
1627 3519 1716 3558 Corn,
1752 3524 1832 3554 1111,
1864 3517 1893 3546 9,
1925 3531 1964 3537 -
1998 3515 2020 3532 ¹⁰
2052 3512 2166 3553 Eccli„
2197 3520 2275 3553 xxi,
2309 3513 2358 3544 13.
2387 3529 2428 3534 —

1401 3567 1425 3589 ¹¹
1445 3566 1578 3607 Ephes„
1599 3573 1645 3605 ιν,
1667 3567 1715 3597 12.
