2633 3878
903 239 955 282 IN
986 238 1364 283 HEXAEMERON.
1394 241 1568 284 SERMO
1593 242 1696 285 XIX.

229 328 452 371 duodecim
483 328 644 370 fructus
672 329 960 371 descendendo
989 342 1015 370 a
1040 329 1257 370 charitate.

229 400 317 442 Hoc
349 403 410 442 est
433 401 558 452 illud,
582 401 694 454 quod
723 400 874 442 dicitur
898 401 909 423 ¹
924 432 934 451 ,
963 415 982 439 «
1002 412 1056 441 ex
1081 403 1263 454 utraque

228 476 347 527 parte
377 473 567 515 fluminis
598 484 687 514 esse
719 472 887 524 lignum
917 474 1046 524 vitae,
1083 472 1264 513 afferens

229 546 392 586 fructus
420 544 680 586 duodecim»
714 556 789 596 per
820 544 1041 586 duodecim
1080 555 1259 585 menseS.

234 616 298 657 Ab
319 628 404 656 una
422 618 539 670 parte
555 615 748 656 fluminis
760 616 923 657 fructus
941 615 1259 665 intellectualem

229 688 282 729 ab
302 687 447 736 altera,
478 686 733 728 affectuales.
759 687 823 727 Ab
847 699 935 728 una
956 690 1074 740 parte
1101 687 1264 728 fructus

231 758 516 808 ascendentes;
539 758 591 798 ab
613 757 757 807 altera,
774 758 937 799 fructus
948 759 1260 800 descendentes

231 831 312 872 Iste
333 841 440 882 ergo
463 832 525 871 est
545 830 707 870 fructus
741 829 1074 883 Scripturarum,
1109 830 1264 871 scilicet

229 902 425 943 charitas,
451 900 531 942 Per
547 902 655 942 hanc
673 903 773 942 sunt
793 901 1009 955 mysteria,
1027 901 1155 942 intelli
1162 914 1265 954 gen-

228 973 312 1024 tiae,
339 972 532 1013 theoriae.
554 971 671 1013 Unde
693 972 739 1012 in
757 973 1017 1026 Apocalypsi
1032 975 1046 997 ²
1063 987 1079 1014 .·
1098 972 1260 1025 «Beati,

229 1044 303 1098 qui
334 1044 480 1085 lavant
511 1043 765 1084 vestimenta
792 1055 890 1094 sua,
925 1046 974 1084 ut
1002 1044 1164 1085 intrent
1190 1056 1266 1097 per

228 1121 395 1172 portam
418 1116 615 1157 civitatis.
633 1115 753 1157 Foris
772 1118 916 1157 autem
939 1127 1066 1156 canes
1079 1118 1118 1157 et
1138 1128 1266 1157 vene·

230 1190 319 1241 fici,
355 1203 374 1226 n
413 1188 569 1229 scilicet
599 1200 624 1228 a
649 1187 1006 1241 contemplatione
1035 1187 1264 1241 Scripturae

229 1261 369 1302 alieni.
396 1259 458 1313 (Et
477 1260 640 1301 dicebat
660 1260 696 1312 5)
722 1272 732 1300 z
755 1259 975 1312 Imaginor
994 1259 1087 1299 illas
1104 1259 1262 1300 duode-

230 1333 312 1374 cim
342 1331 643 1372 illustrationes
673 1331 834 1384 primas
856 1331 1140 1372 ascendentes.
1168 1343 1265 1384 quae

230 1404 371 1445 fluunt
398 1416 423 1444 a
454 1403 553 1454 Deo,
581 1406 622 1443 et
646 1403 699 1443 ad
732 1402 864 1444 Deum
895 1402 1193 1452 terminantur,
1225 1405 1267 1443 et

230 1477 412 1516 currunt
428 1486 504 1528 per
521 1476 653 1514 totam
674 1473 954 1526 Scripturam,
979 1473 1085 1514 sicut
1105 1473 1263 1515 duode-

230 1547 311 1587 cim
333 1545 525 1595 circulos,
554 1547 602 1585 ut
628 1545 673 1584 in
693 1556 1009 1597 quamcumque
1037 1545 1179 1585 anima
1198 1544 1263 1584 in-

232 1621 324 1669 tret,
349 1617 539 1659 inveniat
555 1616 721 1670 sylvam
741 1616 959 1666 arborum,
982 1618 1023 1656 et
1040 1615 1263 1657 amoenita-

229 1692 315 1731 tem
335 1689 567 1730 fructuum.

574 1834 767 1892 sERMo
798 1835 918 1879 xlx.

236 1954 283 1989 De
298 1952 399 1990 modo
413 1951 595 1993 studendi,
613 1954 645 1987 et
659 1951 869 1997 proficiendi
883 1952 924 1986 in
939 1960 1046 1987 sacra
1060 1949 1264 1997 Scriptura,

523 2013 554 2047 et
575 2010 616 2047 de
638 2011 784 2046 theoriis
805 2010 972 2056 ejusdem.

285 2129 298 2150 δ
324 2120 509 2164 Protulit
552 2124 666 2163 terra
701 2120 873 2162 herbam
910 2121 1120 2164 virentem
1136 2153 1147 2168 ,
1185 2122 1263 2162 etc.

231 2193 395 2235 Dictum
414 2195 475 2234 est
494 2193 545 2233 de
564 2192 771 2233 fructibus
792 2204 923 2234 sacrae
945 2192 1177 2246 Scripturae
1194 2207 1203 2234 z
1226 2196 1267 2233 et

231 2264 283 2305 ad
302 2264 381 2305 1105
397 2264 561 2305 fructus
582 2263 734 2304 invitat
759 2275 837 2304 1105
869 2264 1075 2317 sapientia
1105 2266 1267 2305 aeterna

231 2338 397 2380 Domini
416 2337 430 2359 ⁵
451 2352 459 2377 :
484 2353 503 2376 «
524 2336 615 2389 Ego
637 2336 759 2389 quasi
778 2336 876 2376 vitis
897 2336 1153 2378 fructificavi
1173 2349 1267 2377 sua-

232 2409 408 2449 vitatem
427 2408 586 2459 odoris,
603 2411 644 2448 et
657 2408 783 2449 flores
802 2408 887 2449 mei
905 2408 1070 2448 fructus
1091 2408 1266 2449 honoris

233 2482 274 2521 et
293 2479 458 2531 gratiae.
485 2478 678 2519 Transite
701 2478 753 2518 ad
781 2490 850 2519 me
875 2490 1042 2529 omnes,
1065 2480 1138 2532 qui
1159 2491 1265 2519 con-

233 2549 444 2602 cupiscitis
463 2561 554 2600 me,
579 2552 619 2589 et
644 2561 669 2589 a
691 2549 1040 2601 generationibus
1062 2551 1167 2591 meis
1195 2551 1267 2591 ad-

233 2619 485 2673 implemini.
505 2634 524 2658 ))
551 2619 594 2661 Si
622 2620 883 2661 voluerimus
903 2621 1086 2662 transire
1101 2654 1113 2672 ,
1136 2635 1263 2676 opor-

231 2696 290 2734 tet
319 2704 396 2733 nos
428 2704 519 2733 esse
551 2692 658 2732 filios
690 2692 815 2733 Israel
837 2725 847 2743 ,
889 2694 963 2746 qui
1004 2695 1267 2736 transierunt

232 2763 489 2818 AEgyptum;
518 2763 590 2804 sed
612 2762 800 2817 AEgyptii
823 2763 950 2804 etiam
968 2765 1261 2816 transierunt,

231 2841 270 2879 et
299 2837 506 2878 submersi
541 2839 655 2877 sunt.
689 2836 752 2877 Illi
778 2839 921 2877 autem
946 2839 1170 2879 transeunt
1198 2837 1266 2878 AE-

231 2910 414 2962 gyptum
433 2920 549 2957 vere,
569 2908 642 2961 qui
664 2910 803 2948 totum
825 2919 954 2948 suum
976 2908 1165 2949 studium
1187 2922 1264 2962 po-

231 2982 375 3030 nunt,
411 2979 591 3032 qualiter
619 2991 645 3019 a
676 2978 936 3019 vanitatibus
972 2980 1189 3021 transeant
1220 2981 1265 3021 in

231 3049 451 3101 regionem
471 3049 673 3090 veritatis.
695 3049 732 3090 A
757 3049 934 3090 veritate
965 3050 1009 3090 in
1032 3051 1264 3092 vanitatem

232 3120 427 3161 transivit
441 3119 575 3161 Adam
590 3135 600 3171 ;
616 3120 730 3162 unde
752 3121 946 3163 Psalmus
965 3120 1065 3162 dicit
1084 3121 1098 3143 ⁶
1119 3136 1128 3162 ε
1156 3137 1175 3161 ι(
1191 3121 1267 3163 Ve-

232 3194 475 3233 rumtamen
499 3192 543 3232 in
569 3192 758 3244 imagine
771 3192 1000 3246 pertransit
1019 3192 1173 3242 homo;
1193 3194 1266 3235 sed

232 3266 274 3305 et
292 3263 450 3305 frustra
469 3264 746 3305 conturbatur
766 3277 775 3303 ε
799 3263 1070 3315 thesaurizat,
1087 3267 1129 3306 et
1143 3265 1266 3317 igno-

231 3338 316 3387 rat,
351 3350 371 3373 »
412 3337 490 3377 etc.
530 3351 549 3375 (ι
583 3335 705 3378 Mane
737 3335 845 3377 sicut
881 3335 1015 3376 herba
1048 3338 1261 3390 transeat,

275 3419 282 3437 ¹
304 3419 415 3460 Apoc„
436 3427 523 3460 xxu,
544 3420 575 3451 2.
593 3436 633 3442 —
654 3418 785 3460 ¹1hid.,
807 3420 858 3457 ¹4,
880 3420 931 3451 15.
946 3436 988 3443 -
1005 3419 1021 3441 ⁸
1039 3419 1120 3452 Haec
1139 3420 1264 3454 locutio

232 3465 371 3498 innuere
391 3476 472 3500 sane
499 3464 639 3500 videtur
658 3468 860 3500 Sermonem
882 3466 974 3499 hunc
999 3475 1104 3507 xv111,
1133 3478 1171 3500 ac
1195 3469 1263 3501 sor-

234 3515 321 3546 tasse
338 3514 485 3557 reliquos
505 3524 638 3556 omnes,
654 3515 852 3547 memoriter
872 3516 1034 3556 exceptos
1052 3525 1140 3557 esse,
1161 3526 1262 3558 quau-

235 3561 307 3592 tum
325 3560 397 3594 fieri
415 3562 544 3604 potuit,
568 3562 612 3595 ab
631 3561 744 3604 aliquo
762 3562 916 3595 auditore
936 3563 971 3596 S.
997 3564 1261 3605 Bonaventurae;

2293 250 2365 288 121

1342 342 1466 372 mane
1487 331 1654 383 floreat,
1682 335 1722 373 et
1750 336 1954 385 transeat,
1976 347 2151 388 vespere
2176 335 2367 387 decidat,

1338 401 1508 444 induret
1529 436 1539 453 ,
1571 406 1611 444 et
1642 406 1816 444 arescat.
1835 419 1854 441 >³
1880 405 2055 454 Quando
2075 419 2182 459 ergo
2202 410 2373 448 amatur

1340 474 1638 516 commutabile
1652 475 1835 526 bonum,
1853 477 2151 519 transitorium
2162 511 2174 530 ,
2192 491 2369 530 vanum,

1339 547 1442 585 tunc
1463 545 1592 586 homo
1615 546 1785 597 transit,
1809 549 1903 597 etc.;
1933 550 1974 588 et
2003 548 2119 589 hunc
2148 550 2371 591 transitum

1339 616 1536 669 reprobat
1555 617 1772 669 sapientia.
1798 617 1873 658 Hic
1900 619 2104 660 transitus
2130 620 2225 660 facit
2247 633 2373 662 omne

1340 687 1518 728 malum.
1554 687 1622 728 Sic
1653 688 1849 730 transivit
1879 688 2072 740 Lucifer,
2108 691 2177 731 cui
2212 692 2371 732 dictum

1339 761 1457 800 est⁷z
1487 774 1505 798 (1
1526 758 1829 801 Verumtamen
1859 761 1911 801 ad
1937 761 2153 802 infernum
2173 762 2372 803 detrahe-

1339 830 1412 871 ris.
1434 845 1453 869 »
1480 830 1544 872 Ad
1563 843 1692 884 quem
1713 832 1850 884 primo
1869 834 2082 885 prOJectus
2102 835 2164 874 est
2185 846 2258 887 per
2283 835 2371 875 cul-

1340 914 1460 956 pam,
1483 902 1666 943 500111]ᾶο
1686 914 1761 955 per
1776 903 2002 956 juridicium.
2032 904 2100 946 Sic
2128 904 2257 945 etiam
2277 905 2373 947 fecit

1340 974 1476 1016 Adam
1500 988 1508 1014 :
1533 976 1759 1027 postquam
1789 974 2031 1016 deseruerat
2050 975 2222 1028 lignum
2251 977 2372 1027 vitae,

1340 1045 1555 1086 abscondit
1576 1056 1633 1085 se.
1657 1043 1771 1086 Vidit
1797 1045 1911 1086 enim
1939 1058 1982 1086 se
2004 1047 2171 1087 nudum
2201 1048 2255 1088 ab
2280 1060 2373 1089 om-

1340 1117 1466 1159 uibus
1489 1117 1707 1158 habitibus
1737 1118 1881 1169 bonis3
1907 1121 2076 1172 propter
2095 1119 2211 1172 quod
2231 1120 2372 1173 abjec-

1340 1192 1408 1230 tus
1428 1191 1490 1230 est
1509 1189 1560 1230 de
1578 1188 1785 1243 paradiso.
1812 1189 2029 1242 Sapientia
2049 1202 2155 1243 ergo
2175 1194 2216 1232 et
2235 1191 2373 1232 cbari-

1345 1264 1408 1301 tas
1428 1264 1527 1301 sunt
1555 1261 1807 1314 principales
1827 1262 2009 1314 fructUS,
2041 1263 2198 1316 quibus
2219 1264 2377 1316 princi-

1340 1332 1490 1386 paliter
1529 1336 1591 1373 est
1623 1333 1835 1374 contraria
1873 1334 2053 1374 vanitas.
2095 1334 2142 1375 In
2184 1335 2376 1378 canticis

1341 1404 1595 1458 exprimitur
1637 1405 1842 1457 sapientia
1883 1417 2091 1447 amorosa.
2131 1406 2223 1448 Non
2261 1408 2376 1448 enim

1341 1479 1478 1529 potest
1498 1477 1593 1529 quis
1613 1476 1826 1518 discedere
1847 1489 1872 1518 a
1890 1477 1996 1518 falso
2010 1510 2022 1528 ,
2045 1481 2086 1519 et
2107 1479 2302 1520 accedere
2322 1480 2374 1520 ad

1341 1559 1491 1588 verum
1511 1559 1565 1588 ex
1585 1559 1751 1598 amore,
1773 1548 1855 1587 nisi
1882 1548 2108 1600 elongetur
2127 1562 2153 1590 a
2173 1550 2374 1592 vanitate.

1343 1618 1393 1659 Et
1420 1618 1516 1659 ideo
1537 1619 1813 1661 Ecclesiasces
1833 1619 2032 1672 praecedit
2053 1620 2171 1661 hune
2192 1620 2375 1673 librum,

1340 1690 1415 1731 ubi
1435 1690 1614 1731 ostendit
1636 1691 1884 1743 vanitatem,
1906 1704 2003 1732 cum
2027 1692 2125 1733 dicit
2144 1696 2158 1718 ⁸
2181 1707 2190 1734 :
2223 1692 2379 1734 «Vani-

1340 1766 1404 1804 tas
1424 1763 1690 1815 vanitatum,
1708 1766 1749 1804 et
1766 1763 1910 1805 omnia
1931 1765 2111 1806 vanitas
2133 1780 2151 1803 n
2172 1765 2272 1807 Haec
2286 1778 2378 1819 pro·

1341 1835 1492 1888 positio
1512 1848 1614 1877 vera
1645 1838 1733 1885 est,
1765 1838 1806 1876 et
1830 1836 2033 1889 probatur
2064 1837 2110 1877 in
2134 1840 2220 1878 toto
2251 1837 2375 1879 libro.

1342 1906 1515 1960 Oportet
1534 1919 1638 1960 ergo
1658 1907 1840 1948 transire
1869 1908 1922 1948 ab
1952 1908 2155 1949 omnibus
2174 1909 2378 1950 vanitati-

1341 1979 1424 2020 bus
1449 1979 1499 2020 ad
1521 1978 1767 2029 veritatem,
1790 1981 1838 2020 ut
1857 1991 1941 2020 non
1964 1979 2018 2020 sit
2037 1979 2274 2031 delectatio,
2293 1980 2377 2021 nisi

1342 2051 1386 2092 in
1407 2051 1495 2092 solo
1518 2051 1616 2092 Deo.
1644 2051 1867 2100 Quomodo
1896 2053 2041 2092 autem
2068 2052 2378 2093 transeundum

1341 2123 1430 2163 est?
1460 2121 1617 2163 Volunt
1659 2134 1809 2163 omnes
1841 2135 1931 2164 esse
1979 2126 2020 2163 et
2059 2123 2269 2176 sapientes
2286 2155 2296 2172 ‚
2338 2126 2380 2164 et

1341 2194 1547 2244 scientes3
1572 2194 1644 2235 sed
1674 2194 1786 2245 scio,
1816 2194 1931 2248 quod
1963 2194 2118 2236 mulier
2150 2195 2300 2248 decipit
2313 2195 2379 2236 vi-

1340 2278 1454 2308 rum.
1478 2266 1692 2320 Sapientia
1722 2269 1868 2307 autem
1899 2269 1960 2307 est
1990 2278 2141 2320 supra,
2173 2270 2377 2320 tanquam

1340 2338 1518 2390 nobilis3
1542 2338 1615 2379 sed
1646 2338 1846 2389 scientia,
1868 2338 1978 2379 infra
1999 2351 2009 2378 :
2035 2341 2075 2380 et
2093 2339 2263 2380 videtur
2293 2340 2376 2380 ho-

1340 2409 1447 2451 mini
1467 2409 1661 2462 pulchra,
1686 2413 1727 2450 et
1751 2410 1844 2451 ideo
1870 2409 2020 2451 volunt
2042 2410 2120 2451 sibi
2156 2423 2250 2451 eam
2276 2423 2378 2453 eon-

1336 2481 1501 2532 jungi,
1531 2483 1572 2520 et
1611 2480 1844 2521 inclinatur
1881 2481 2026 2522 anima
2056 2482 2108 2522 ad
2144 2483 2305 2523 scibilia
2337 2487 2379 2524 et

1341 2551 1573 2600 sensibilia,
1593 2554 1634 2591 et
1653 2551 1746 2592 vult
1763 2563 1859 2592 eam
1879 2564 2135 2604 cognoscere
2152 2585 2162 2603 ,
2184 2556 2226 2594 et
2251 2555 2375 2607 cogi-

1340 2625 1451 2673 tare,
1473 2626 1514 2663 et
1539 2623 1750 2675 experiri,
1775 2626 1816 2664 et
1841 2636 1916 2677 per
1938 2636 2200 2678 consequens
2226 2626 2338 2666 uniri
2363 2640 2372 2666 :

1340 2697 1381 2734 et
1417 2693 1475 2734 ita
1509 2694 1741 2744 evanescit,
1778 2697 1826 2735 ut
1864 2694 2085 2746 Salomon,
2125 2696 2199 2749 qui
2240 2696 2376 2738 voluit

1340 2765 1484 2806 omnia
1515 2765 1643 2816 scire,
1666 2768 1708 2806 et
1726 2765 1740 2787 ⁹
1766 2781 1785 2804 «
1805 2765 2038 2820 disputavit
2057 2780 2083 2808 a
2103 2767 2226 2809 cedro
2241 2800 2253 2819 ,
2277 2780 2374 2821 quae

1341 2839 1404 2878 est
1435 2837 1479 2877 in
1510 2836 1697 2888 Libano,
1733 2849 1870 2891 usque
1908 2838 1960 2879 ad
1990 2838 2227 2892 hyssopum
2254 2853 2263 2889 ;
2288 2853 2307 2877 n
2335 2843 2376 2880 et

1341 2908 1495 2949 oblitus
1515 2910 1578 2949 est
1599 2908 1819 2961 principii,
1848 2914 1889 2949 et
1920 2909 2012 2950 ideo
2040 2912 2103 2950 est
2131 2910 2265 2950 factus
2297 2923 2371 2951 va-

1340 2991 1447 3030 nus,
1469 2982 1509 3020 et
1538 2979 1696 3021 oblitus
1726 2982 1788 3020 est
1822 2979 1904 3020 sui.
1930 2979 2024 3021 Non
2056 2981 2189 3021 simus
2220 2982 2264 3022 in
2296 2982 2375 3023 hac

1340 3053 1461 3104 parte
1481 3051 1581 3092 socii
1601 3050 1862 3100 SalomoniS,
1883 3051 1955 3092 sed
1975 3051 2106 3093 David
2126 3053 2256 3105 patris
2276 3053 2341 3093 sui
2360 3085 2370 3102 ‚

1340 3122 1440 3176 quia
1458 3134 1546 3163 non
1566 3124 1628 3162 est
1648 3134 1823 3163 securus
1850 3123 2054 3165 transitus
2077 3135 2102 3164 a
2121 3123 2291 3164 seientia
2321 3125 2371 3164 ad

1340 3194 1590 3248 sapientiam
1615 3208 1624 3235 z
1647 3196 1812 3247 oportet
1838 3205 1942 3246 ergo
1970 3194 2158 3235 medium
2185 3206 2368 3247 ponere,

1339 3265 1495 3307 scilicet
1543 3265 1821 3306 sanctitatem.
1871 3264 2084 3305 Transitus
2129 3268 2272 3306 autem
2312 3271 2375 3308 est

1339 3336 1589 3378 exercitium
1604 3367 1618 3387 ,
1639 3336 1882 3377 exercitatio
1901 3348 1928 3376 a
1947 3335 2086 3377 studio
2106 3336 2291 3379 scientiae
2319 3339 2373 3380 ad

1339 3419 1480 3453 minime
1494 3428 1578 3452 vero
1595 3419 1638 3451 ab
1655 3419 1729 3461 ipso
1746 3420 1986 3451 Bonaventura
2002 3418 2105 3451 fuisse
2124 3419 2257 3461 scriptis
2276 3430 2373 3454 mau-

1340 3468 1446 3500 datos.
1471 3484 1512 3491 —
1536 3468 1547 3486 ⁴
1572 3468 1664 3505 Gen„
1693 3475 1715 3505 1,
1745 3468 1795 3499 12.
1814 3482 1856 3490 —
1882 3467 1896 3488 ⁵
1917 3465 2035 3506 Eccli.,
2061 3474 2157 3508 xxw,
2182 3470 2234 3509 23,
2253 3471 2306 3502 24.
2329 3486 2371 3492 —

1341 3516 1353 3534 ⁰
1371 3514 1460 3547 Psal.
1483 3523 1634 3555 xxxviii,
1656 3516 1730 3546 7-9.
1750 3531 1790 3538 -
1811 3514 1822 3535 ⁷
1850 3514 1926 3555 lsa,
1948 3521 2019 3555 xm,
2040 3516 2090 3548 15.
2106 3532 2148 3540 -
2166 3515 2180 3538 ⁸
2199 3516 2322 3556 Eccle„
2345 3525 2369 3558 1,

1341 3565 1369 3596 1.
1389 3580 1429 3588 ·-
1445 3564 1458 3583 ⁹
1474 3564 1517 3596 111
1542 3564 1634 3605 Κεφ,
1654 3570 1701 3604 lv,
1721 3563 1773 3595 33.
