2633 3878
262 322 338 360 394

259 407 322 444 Dei
342 407 496 451 faeiem,
518 415 604 453 quae
623 406 666 442 fit
688 416 759 454 per
780 406 1025 454 deprecantis
1045 404 1284 451 contempla-

258 471 425 514 tionem,
446 468 508 504 vel
534 468 832 516 contemplantis
859 467 1188 515 deprecationem.
1219 466 1284 502 Hic

256 534 380 578 potest
399 531 524 567 notari
543 557 551 574 ‚
574 530 681 578 quod
711 530 910 578 tripliciter
937 529 1125 575 contingit
1145 529 1284 566 faciem

257 593 407 629 Domini
438 593 660 640 deprecari:
700 593 883 629 videlicet
919 591 1095 637 fervide,
1129 591 1284 639 tepide,

255 656 425 692 callide:
464 655 602 692 fervidi
640 656 758 691 sacris
790 654 957 701 eloquiis
987 653 1181 701 patefiunt
1214 663 1285 701 per

256 728 322 753 eos
343 717 410 765 qui
431 717 633 765 deprecari
654 717 838 762 veniunt3
858 715 979 763 tepidi
999 726 1108 761 vero,
1128 726 1198 763 per
1218 726 1285 752 eos

256 780 324 828 qui
343 791 423 816 non
442 780 617 823 veniunt,
631 779 698 816 sed
716 781 964 826 proponunt3
985 777 1117 814 callidi
1139 780 1284 823 autem,

256 853 324 889 per
351 853 418 878 eos
448 842 515 889 qui
539 852 610 877 nec
638 841 820 886 veniunt,
847 851 919 877 nec
946 842 1193 888 proponunt,
1215 839 1285 875 sed

256 905 422 939 mittunt.
451 906 501 940 De
526 903 662 951 primis
684 906 693 925 ¹
723 916 730 939 :
767 918 785 937 a
807 904 968 939 Venient
992 902 1131 950 populi
1151 900 1284 946 multi,

256 968 291 1002 et
323 968 455 1012 gentes
491 966 662 1002 robustae
701 965 753 1002 ad
789 964 1046 1013 quaerendum
1077 963 1285 1000 Dominum

256 1027 494 1064 exercituum
531 1028 571 1064 in
610 1027 850 1064 Hierusalem
866 1054 877 1071 ,
918 1029 954 1062 et
991 1024 1285 1072 deprecandam

256 1089 389 1125 faciem
414 1090 567 1126 Domini
598 1102 605 1125 :
630 1103 648 1123 ι)
673 1100 761 1126 ecce
783 1088 1006 1135 deprecatio
1026 1086 1138 1124 faciei
1161 1096 1285 1133 quan-

256 1155 336 1188 tum
357 1152 408 1188 ad
428 1152 650 1196 venientes,
671 1162 739 1187 seu
758 1150 944 1187 fervidos.
974 1152 1023 1186 De
1044 1148 1286 1185 secundariis

256 1214 435 1250 scribitur
465 1212 479 1232 ⁴³
514 1226 521 1249 :
559 1227 577 1247 «
611 1213 759 1249 Yadent
795 1213 1060 1257 habitatores,
1096 1221 1197 1246 unus
1233 1209 1285 1246 ad

256 1275 444 1320 alterum,
472 1275 672 1312 dicentes:
702 1278 862 1321 Eamus,
892 1278 926 1311 et
955 1275 1213 1321 deprecemur
1233 1272 1285 1309 fa-

256 1337 354 1373 ciem
376 1337 527 1374 Domini
545 1349 552 1373 z
570 1351 586 1371 n
613 1347 701 1374 ecce
722 1336 944 1384 deprecatio
959 1335 1072 1372 faciei
1093 1336 1285 1382 quantum

255 1399 304 1435 ad
325 1401 604 1447 proponentes,
625 1410 694 1435 seu
712 1399 880 1446 tepidos.
903 1401 953 1434 De
974 1397 1060 1434 aliis
1076 1396 1218 1443 legitur
1237 1397 1251 1418 ³
1274 1408 1282 1432 :

259 1475 275 1494 ιι
296 1461 476 1497 Miserunt
496 1461 547 1497 ad
567 1461 732 1498 domum
758 1461 822 1497 Dei
850 1462 1033 1505 Sarasar,
1053 1461 1090 1495 et
1116 1460 1286 1504 Rogom-

256 1523 434 1569 melech,
459 1527 495 1560 et
521 1524 594 1560 viri
627 1524 694 1571 qui
724 1535 813 1560 cum
834 1523 888 1560 eis
919 1524 1051 1567 erant,
1072 1520 1123 1557 ad
1144 1520 1285 1567 depre-

256 1586 423 1622 candam
461 1586 600 1622 faciem
640 1585 791 1622 Domini
825 1597 833 1621 :
874 1597 891 1619 n
929 1594 1018 1620 ecce
1062 1582 1284 1630 deprecatio

258 1648 367 1684 faciei
409 1650 602 1695 quantum
640 1647 690 1684 ad
725 1647 919 1684 mittentes
934 1675 945 1692 ,
983 1656 1051 1681 seu
1092 1644 1257 1681 callidos
1272 1672 1284 1690 ,

257 1710 392 1756 quales
421 1709 600 1746 nonnulli
632 1712 741 1755 sunt,
778 1709 845 1756 qui
876 1708 1057 1756 proprias
1089 1706 1286 1743 orationes

258 1774 333 1808 Deo
353 1782 434 1808 non
459 1772 685 1819 porrigunt,
717 1771 787 1807 sed
815 1770 964 1807 alienas
983 1769 1157 1815 exigunt.
1177 1768 1287 1804 Tales

258 1834 361 1870 enim
390 1834 598 1870 Dominum
623 1844 734 1870 orare
756 1833 984 1880 negligunt3
1017 1831 1088 1868 sed
1114 1831 1165 1867 ad
1195 1841 1285 1867 cum

258 1898 411 1932 orantes
432 1896 617 1943 dirigunt.

569 2000 757 2035 Articulus
784 1999 969 2035 secundus.

304 2086 499 2128 Quantum
533 2083 584 2119 ad
612 2082 855 2128 secundum,
883 2082 1065 2129 adjicitur
1098 2094 1105 2117 :
1139 2084 1182 2118 In
1216 2084 1286 2117 toto

257 2147 359 2182 corde
390 2157 474 2182 meo.
503 2148 598 2182 Ecce
627 2144 870 2193 supportatio
902 2143 1169 2188 ascendentis,
1199 2154 1287 2190 quae

258 2208 299 2244 fit
319 2219 387 2254 per
408 2211 592 2244 conatum
612 2207 740 2243 cordis
760 2206 1008 2251 confidentis,
1025 2208 1158 2241 contra
1175 2204 1288 2240 dubi-

260 2270 472 2315 tationem3
495 2269 714 2315 quaerentis,
736 2271 871 2304 contra
889 2267 1185 2312 volitationem3
1208 2266 1288 2302 cla-

258 2331 418 2375 mantis,
451 2333 584 2366 contra
621 2330 928 2377 pigritationem.
969 2331 1018 2365 De
1056 2328 1186 2376 primo
1224 2327 1236 2348 ³
1277 2356 1285 2363 .

262 2406 279 2426 «ι
301 2393 404 2429 Habe
422 2392 608 2428 fiduciam
623 2392 662 2428 in
679 2392 842 2428 Domino
863 2402 911 2428 ex
925 2393 1006 2427 toto
1022 2390 1141 2427 corde
1157 2392 1224 2426 tuo
1242 2401 1249 2425 ε
1266 2403 1283 2423 »

260 2465 347 2490 ecce
367 2465 434 2490 cor
458 2453 661 2490 confidens
689 2454 770 2490 sine
803 2453 1060 2490 dubitatione.
1084 2454 1133 2488 De
1154 2461 1290 2488 secun-

260 2517 312 2552 do
338 2518 350 2537 ⁵
373 2528 381 2552 :
407 2530 424 2549 «
445 2517 541 2552 Cum
562 2515 758 2563 quaesieris
786 2515 995 2552 Dominum
1021 2517 1143 2550 Deum
1163 2516 1288 2558 tuum,

260 2578 432 2614 invenies
472 2588 588 2622 eum,
627 2578 658 2614 si
691 2589 780 2614 cum
813 2579 895 2614 toto
933 2577 1052 2613 corde
1091 2576 1290 2623 quaesieris

261 2651 351 2676 eum
374 2652 381 2675 :
411 2654 428 2674 »
459 2650 548 2676 ecce
569 2650 636 2676 cor
667 2650 845 2686 quaerens
870 2639 952 2675 sine
973 2638 1215 2675 volitatione.
1239 2639 1289 2674 De

261 2702 373 2738 tertio
412 2702 561 2738 canitur
591 2702 604 2723 ⁵
634 2714 642 2737 z
685 2715 702 2735 «
740 2701 914 2738 Clamavi
946 2701 986 2737 in
1022 2702 1100 2737 toto
1139 2700 1288 2736 corde:

263 2763 410 2800 Exaudi
431 2774 515 2808 me,
546 2763 707 2800 Domine
731 2775 739 2799 :
768 2776 786 2797 n
810 2773 898 2800 ecce
927 2773 994 2799 cor
1015 2762 1189 2799 clamans
1209 2761 1291 2797 sine

264 2825 523 2871 pigritatione.

605 2919 793 2954 Articulus
820 2920 960 2954 tertius.

313 3013 507 3056 Quantum
527 3011 577 3048 ad
597 3011 767 3056 tertium,
785 3012 1010 3057 subjicitur:
1028 3012 1192 3048 Miserere
1205 3014 1293 3048 mei:

270 3085 357 3110 ecce
378 3073 580 3110 descensio
607 3073 746 3109 mentis
773 3074 822 3109 ad
849 3084 961 3109 suam
989 3074 1185 3120 speciem,
1209 3084 1296 3120 quae

265 3136 307 3172 fit
326 3147 396 3183 per
412 3136 567 3173 ressexae
587 3135 952 3183 compunctionem,
970 3135 1033 3171 vel
1053 3137 1296 3182 compunctae

268 3198 537 3234 reflexionem.
571 3200 665 3234 Nam
687 3197 784 3234 sicut
804 3197 944 3232 mentis
963 3196 1063 3233 acics
1083 3196 1296 3243 impellitur

269 3269 340 3306 per
362 3259 557 3295 servorem
583 3259 634 3295 ad
655 3259 719 3295 Dei
747 3258 908 3303 faciem,
937 3258 988 3295 ita
1007 3258 1208 3305 repellitur
1227 3268 1297 3304 per

269 3321 452 3357 timorem
472 3321 523 3357 ad
547 3320 607 3357 sui
636 3321 825 3368 speciem:
848 3320 1037 3368 quoniam
1066 3330 1152 3367 quae
1178 3329 1295 3366 supe-

270 3381 351 3418 rius
370 3382 566 3419 ferebatur
596 3393 667 3430 per
696 3382 953 3428 ferventiam,
984 3381 1145 3418 inferius
1171 3391 1298 3418 rever-

272 3443 430 3480 beratur
471 3455 540 3491 per
584 3445 854 3481 reverentiam.
900 3445 957 3481 Ob
1002 3444 1104 3480 hanc
1138 3453 1298 3480 causam

315 3527 324 3547 ¹
347 3525 461 3563 Zaclz„
481 3534 555 3566 vm,
577 3528 627 3559 22.
644 3545 681 3550 —-
702 3528 712 3546 2
734 3527 830 3567 1bid.‚
852 3529 904 3559 22.
924 3545 964 3550 —
983 3528 994 3545 ³
1015 3527 1112 3565 thid„
1133 3534 1194 3567 νιι,
1214 3527 1243 3557 ἱ).
1258 3543 1299 3549 -

272 3573 286 3594 ⁶
312 3572 423 3606 Prov..
443 3581 495 3614 111,
514 3575 544 3605 5.
565 3591 605 3597 —
624 3575 634 3592 ⁵
655 3575 766 3614 Dcut„
787 3582 833 3615 ιν,
852 3577 903 3607 29.
922 3592 955 3598 -
984 3575 996 3594 ὅ
1016 3574 1106 3607 Ρεαῐ,
1127 3574 1208 3614 hoc,
1225 3575 1297 3606 145.

955 313 1229 357 EXPOSITIO
1258 314 1310 357 IN
1338 314 1685 358 PSALTERIUM.

1356 405 1526 454 reposcit
1543 406 1876 453 misericordiam
1899 407 1992 455 quia
2008 411 2252 455 recognoscit
2270 412 2382 450 mise-

1356 467 1476 510 riam,
1501 469 1676 505 resiliens
1704 469 1756 505 ad
1783 479 1895 505 suam
1923 470 2093 517 speciem
2123 472 2320 510 miseram.
2342 477 2385 512 Et

1357 532 1451 566 nota
1471 530 1581 578 quod
1600 531 1681 567 haec
1701 530 1847 578 species
1877 533 1932 567 est
1957 532 2118 579 misera,
2146 536 2182 570 et
2206 534 2385 582 indigens

1357 587 1626 630 misericordia
1645 621 1655 638 ‚
1688 596 1878 640 quantum
1904 595 1956 631 ad
1984 582 2230 633 trcs'animae
2261 597 2382 645 vires3

1356 659 1449 703 puta
1479 655 1824 701 concupiscibilem
1841 684 1852 702 ,
1873 656 2109 694 irascibilem
2123 687 2134 704 ,
2158 662 2193 695 ct
2216 659 2387 696 rationa-

1357 717 1479 753 bilem
1496 729 1504 752 :
1527 719 1719 763 quantum
1735 716 1785 753 ad
1805 718 1989 765 primam,
2010 723 2170 767 propter
2188 721 2386 758 miseriam

1355 778 1559 825 pronitatis
1601 780 1779 825 respectu
1825 779 2023 825 pravitatis
2048 794 2059 826 3
2105 784 2297 829 quantum
2335 782 2387 819 ad

1356 840 1584 887 secundam,
1606 843 1765 888 propter
1785 841 1983 878 miseriam
2001 843 2190 880 tarditatis
2211 846 2389 891 respectu

1357 902 1564 948 bonitatis,
1593 905 1784 950 quantum
1810 903 1861 939 ad
1890 904 2040 940 tertiam
2058 932 2070 950 ,
2097 908 2258 954 propter
2276 906 2389 943 mise-

1357 964 1457 1001 riam
1471 964 1648 1000 caecitatis
1667 966 1844 1012 respectu
1863 965 2050 1002 veritatis.
2068 968 2240 1011 Quorum
2257 968 2387 1016 primo

1359 1025 1537 1072 congruit
1566 1026 1676 1073 quod
1700 1026 1764 1062 ille
1786 1026 1986 1074 psalmista
2005 1028 2140 1065 astruit
2162 1030 2176 1052 ⁷
2198 1041 2206 1065 :
2242 1042 2259 1063 «
2283 1030 2390 1067 Mise-

1357 1098 1441 1124 rere
1466 1087 1566 1133 mei,
1590 1089 1710 1134 Deus,
1743 1089 1933 1135 quoniam
1959 1089 2203 1127 conculcavit
2227 1102 2290 1127 me
2321 1092 2390 1128 ho-

1357 1159 1436 1185 mo.
1452 1163 1469 1184 »
1491 1150 1670 1186 Secundo
1691 1161 1852 1198 quoquc
1873 1152 2042 1188 concinit
2061 1152 2171 1199 quod
2187 1153 2389 1200 psalmista

1359 1211 1497 1248 cecinit
1516 1211 1529 1231 ⁸
1551 1222 1558 1246 :
1591 1226 1609 1244 «
1635 1211 1797 1248 Domine
1812 1240 1823 1258 ,
1845 1213 2026 1249 miserere
2047 1214 2124 1250 mei
2149 1216 2185 1250 et
2203 1215 2391 1252 resuscita

1358 1284 1435 1310 me.
1457 1287 1475 1308 ι)
1497 1273 1622 1310 Tertio
1644 1284 1804 1321 quoquc
1825 1277 2014 1311 consonat
2033 1276 2143 1322 quod
2162 1276 2390 1323 evangelica

1358 1335 1455 1371 tuba
1497 1337 1631 1381 sonat,
1668 1335 1738 1371 ubi
1776 1335 1998 1373 Bartimaeus
2016 1365 2028 1383 ,
2069 1340 2207 1385 typum
2251 1348 2390 1384 gerens

1357 1396 1521 1434 humani
1563 1398 1743 1444 generis,
1782 1398 1878 1446 petit
1921 1399 2142 1436 remedium
2187 1400 2389 1447 caecitatis,

1360 1459 1492 1496 dicens
1508 1461 1522 1482 ⁹
1544 1472 1552 1496 :
1579 1461 1699 1497 «Jesu
1718 1459 1775 1496 fili
1797 1459 1936 1506 David,
1958 1461 2144 1498 miserere
2167 1461 2258 1498 mei.
2273 1474 2291 1496 »

1678 1565 1869 1600 Articulus
1896 1567 2057 1611 quartus.

1406 1648 1602 1690 Quantum
1627 1646 1679 1683 ad
1708 1648 1917 1694 quartum,
1957 1646 2258 1694 superadjicitur
2287 1661 2295 1684 :
2335 1649 2390 1685 Se-

1359 1708 1515 1744 cundum
1547 1711 1725 1755 eloquium
1757 1712 1886 1744 tuum:
1922 1719 2009 1745 ecce
2036 1709 2269 1746 confortatio
2303 1709 2390 1747 des-

1359 1771 1572 1816 cendentis,
1591 1782 1678 1818 quae
1690 1770 1733 1807 fit
1751 1781 1822 1818 per
1842 1770 2046 1817 scripturae
2064 1771 2387 1808 consolationem.

1358 1835 1401 1869 Et
1436 1835 1555 1878 nota,
1595 1833 1705 1880 quod
1738 1833 1898 1880 eloquia
1936 1833 2089 1870 Domini
2127 1837 2217 1871 sunt
2251 1834 2392 1871 animae

1359 1895 1622 1931 consolatoria
1641 1897 1833 1943 quantum
1853 1895 1904 1932 ad
1923 1895 2103 1943 praefatas
2122 1895 2238 1940 vires,
2256 1897 2391 1944 utpote

1360 1956 1727 2004 concupiscibilem,
1749 1956 2007 2003 irascibilem,
2030 1959 2066 1994 et
2083 1956 2359 1994 rationabilem
2381 1969 2389 1994 :

1360 2019 1455 2066 quia
1474 2018 1674 2064 corrigunt
1691 2019 1943 2066 pronitatem,
1964 2019 2138 2066 dirigunt
2156 2019 2392 2066 tarditatem,

1359 2081 1524 2127 abigunt
1538 2081 1759 2117 caecitatem.
1776 2082 1826 2117 De
1839 2081 1969 2128 primo
1985 2081 2116 2129 psallit
2135 2082 2326 2129 Propheta
2343 2083 2389 2117 ¹⁰:

1363 2155 1382 2176 «
1404 2143 1570 2190 Eloquia
1600 2142 1779 2187 Domini,
1807 2142 1965 2190 eloquia
1997 2145 2126 2190 casta,
2148 2157 2166 2178 »
2191 2146 2226 2180 et
2253 2143 2392 2180 castifi-

1361 2204 1502 2249 cantia,
1528 2206 1664 2240 contra
1699 2205 2014 2252 concupiscibilis
2051 2205 2301 2252 pronitatem.
2343 2207 2392 2242 De

1360 2265 1534 2302 secundo
1571 2265 1752 2302 scribitur
1789 2265 1815 2286 ¹¹
1845 2278 1853 2302 ε
1889 2266 2054 2313 «Dirige
2089 2277 2244 2313 gressus
2281 2278 2394 2303 meos

1361 2327 1579 2365 secundum
1593 2327 1799 2375 eloquium
1816 2330 1938 2364 tuum.
1957 2341 1975 2362 n
1996 2330 2039 2364 Et
2057 2339 2190 2364 rursus
2211 2328 2238 2349 ¹²
2259 2342 2267 2363 ε
2283 2341 2301 2362 «
2320 2329 2391 2373 Qui

1362 2390 1498 2427 emittit
1517 2389 1720 2437 eloquium
1741 2399 1856 2425 suum
1877 2392 2000 2435 terrae,
2016 2390 2202 2427 velociter
2222 2390 2353 2436 currit,
2371 2403 2389 2426 n

1361 2452 1402 2488 id
1416 2455 1483 2498 est,
1500 2463 1654 2489 currere
1672 2451 1775 2498 facit,
1792 2462 1949 2488 «sermo
1967 2453 2093 2499 eJus,»
2112 2454 2247 2489 contra
2265 2452 2394 2489 irasci-

1362 2514 1483 2551 bilem
1519 2514 1754 2550 tarditatem.
1796 2516 1861 2550 De⁴
1884 2514 1996 2550 tertio
2037 2514 2077 2550 in
2120 2514 2207 2562 ipsa
2244 2514 2395 2551 canitur

1361 2576 1588 2623 psalmodia
1609 2576 1637 2599 ¹³
1657 2588 1665 2611 ε
1692 2589 1709 2610 «
1729 2575 1954 2612 Secundum
1979 2575 2182 2623 eloquium
2203 2578 2314 2613 tuum
2344 2576 2396 2613 da

1363 2638 1460 2674 mihi
1491 2637 1755 2683 intellectum,
1781 2651 1799 2672 »
1842 2641 1978 2674 contra
2008 2637 2251 2675 rationabilis
2289 2637 2395 2674 caeci-

1364 2702 1496 2737 tatem.

1796 2746 1970 2787 Epilogus.

1413 2824 1472 2860 Ait
1503 2833 1595 2869 ergo
1627 2822 1844 2869 Propheta,
1875 2822 1939 2858 vel
1977 2822 2131 2859 animus
2167 2823 2283 2859 bonae
2312 2823 2395 2870 spei

1366 2896 1462 2922 voce
1483 2884 1712 2932 prophetica
1739 2896 1746 2919 :
1780 2886 1996 2930 Deprecatus
2025 2895 2101 2920 sum
2121 2887 2252 2930 faciem
2277 2888 2395 2930 tuam,

1367 2949 1559 2995 quantum
1581 2946 1632 2982 ad
1660 2945 1800 2982 mentis
1831 2946 2123 2991 ascensionem,
2148 2957 2236 2994 quae
2264 2946 2307 2982 fit
2326 2956 2398 2993 per

1368 3008 1614 3056 deprecantis
1658 3007 2056 3054 contemplationem3
2095 3009 2138 3043 In
2182 3011 2253 3044 toto
2296 3008 2399 3044 corde

1368 3082 1456 3116 meo,
1479 3071 1670 3118 quantum
1691 3068 1743 3105 ad
1772 3068 2017 3105 ascendentis
2045 3069 2397 3117 supportationem,

1369 3144 1456 3180 quae
1474 3133 1518 3168 fit
1541 3142 1612 3179 per
1643 3131 1727 3178 spei
1750 3130 2088 3176 sublevationem3
2110 3133 2280 3167 Miserere
2305 3133 2398 3174 mei,

1369 3197 1561 3242 quantum
1581 3193 1633 3230 ad
1653 3192 1793 3229 mentis
1813 3192 2132 3239 descensionem,
2154 3203 2242 3240 quae
2260 3192 2303 3229 fit
2327 3202 2399 3239 per

1369 3256 1509 3293 mentis
1528 3255 1682 3292 ressexae
1712 3255 2082 3302 compunctionem3
2112 3254 2307 3290 Secundum
2329 3254 2398 3289 elo-

1370 3320 1495 3363 quium
1528 3321 1648 3362 tuum,
1670 3318 1862 3363 quantum
1890 3316 1942 3353 ad
1971 3316 2214 3362 compunotae
2247 3313 2399 3350 confor-

1370 3379 1569 3425 tationem,
1591 3389 1678 3426 quae
1696 3378 1740 3414 fit
1757 3388 1827 3424 per
1845 3376 2050 3424 Scripturae
2069 3375 2392 3412 consolationem.

1370 3495 1410 3500 ——
1432 3478 1442 3496 ⁷
1465 3476 1552 3507 Psal.
1574 3483 1629 3516 ιν,
1651 3478 1683 3507 2.
1702 3492 1744 3498 —
1767 3476 1778 3492 ⁸
1796 3473 1891 3506 Psal.
1916 3481 1977 3513 XL,
1999 3474 2030 3503 5.
2052 3490 2087 3494 —
2112 3474 2124 3490 ⁹
2142 3473 2261 3513 Marc„
2280 3481 2321 3513 x,
2346 3475 2397 3505 47.

1371 3541 1410 3547 —
1437 3524 1464 3545 ¹⁰
1489 3523 1581 3554 Psal.
1606 3530 1663 3562 xi,
1693 3524 1724 3553 7.
1746 3538 1787 3544 —
1816 3522 1840 3541 ¹¹
1862 3519 1956 3551 Psal.
1985 3519 2068 3559 hoc,
2101 3520 2168 3551 133.
2197 3537 2231 3543 -
2262 3519 2287 3541 ¹2
2305 3520 2396 3553 Psal.

1370 3578 1498 3611 cnm,
1518 3572 1569 3602 15.
1586 3586 1627 3593 —
1647 3569 1672 3588 ¹³
1689 3567 1776 3600 Psal.
1797 3567 1880 3607 hoc,
1899 3568 1970 3598 169.

2453 1357 2548 1385 Barti-

2408 1405 2510 1426 maeuS.
