2633 3878
1056 170 1296 214 PSALMUS
1326 172 1497 213 CXVIII.

211 277 299 304 rum
329 266 535 303 extendisti
567 276 730 303 manum
763 267 894 310 tuam,
927 266 965 300 et
994 263 1149 300 salvum
1180 272 1244 298 me

212 328 300 366 fecit
320 329 481 366 dextera
504 331 571 373 tua
588 340 597 364 :
624 341 643 362 »
664 337 752 364 ecce
773 326 878 362 salus
897 326 948 362 ab
968 325 1119 361 insidiis
1139 326 1243 361 exte-

212 391 396 428 rioribus.
418 393 468 427 De
489 389 662 427 secundo
684 389 719 425 ¹:
747 402 764 423 «
783 389 885 425 Sana
901 398 984 432 me,
1004 386 1185 432 Domine,
1208 388 1245 422 et

213 453 384 490 sanabor
392 465 403 499 ;
425 452 579 489 salvum
604 461 667 487 me
686 451 766 496 fac,
788 452 824 487 et
846 449 976 486 salvus
997 459 1090 485 ero:
1111 462 1128 483 »
1154 458 1243 484 ecce

213 515 318 551 salus
343 525 365 551 a
392 514 494 550 vitiis
522 512 786 550 interioribus.
813 514 863 549 De
893 512 1004 549 tertio
1024 511 1063 547 ²:
1097 523 1114 545 α
1134 510 1244 547 Libe-

212 576 314 614 rabit
330 586 393 612 me
416 575 603 612 Dominus
620 575 671 612 ab
692 575 800 617 omni
821 585 940 622 opere
959 574 1066 611 malo
1079 601 1091 618 ,
1111 575 1148 610 et
1170 572 1245 609 sal-

212 648 307 674 vum
338 636 453 674 faciet
479 637 521 673 in
550 648 718 683 regnum
748 647 865 674 suum
898 636 1076 674 coeleste:
1107 649 1124 670 η
1154 646 1243 673 ecce

212 699 318 736 salus
337 709 361 736 a
380 699 583 747 suppliciis
603 698 866 736 inferioribus.

550 803 739 839 Articulus
765 804 905 839 tertius.

259 888 455 931 Quantum
475 886 528 923 ad
548 886 702 922 tertium
726 885 928 932 adjicitur:
953 886 1001 921 Et
1026 886 1244 931 custodiam,

213 949 358 986 scilieet
384 959 456 996 per
481 951 589 985 tuam
613 947 846 984 custodiam.
871 949 954 984 Haec
982 950 1036 984 est
1066 947 1245 984 custodia

212 1021 368 1057 secura,
390 1011 570 1048 custodia
591 1010 813 1048 deductiva.
837 1012 879 1046 Et
897 1012 1006 1056 nota,
1028 1010 1138 1058 quod
1158 1020 1245 1046 cus-

212 1075 338 1112 todire
359 1074 549 1111 debemus
568 1075 740 1112 morales
758 1077 909 1111 meatus
929 1074 969 1110 in
990 1073 1245 1111 consideran-

214 1137 289 1183 dis,
310 1136 599 1182 desiderandis,
621 1136 845 1185 operandis,
865 1139 901 1173 et
920 1135 1148 1173 tolerandis
1171 1136 1246 1172 Pri-

212 1209 279 1236 ma
302 1199 482 1236 custodia
505 1199 545 1236 fit
562 1210 634 1247 per
657 1199 932 1247 prudentiam;
964 1198 1156 1244 secunda,
1177 1208 1248 1245 per

212 1262 533 1309 temperantiam3
571 1262 702 1306 tertia,
737 1271 809 1309 per
839 1261 1050 1307 justitiam3
1086 1263 1246 1308 quarta,

213 1334 284 1371 per
314 1323 557 1371 patientiam.
589 1325 640 1360 De
668 1323 852 1371 primassz
888 1337 904 1357 «
937 1323 1044 1361 Oculi
1076 1323 1131 1360 tui
1164 1322 1248 1359 vias

214 1396 322 1423 meas
343 1385 565 1423 custodiunt
582 1398 589 1422 :
606 1399 624 1421 »
643 1386 754 1433 quod
773 1386 939 1433 pertinet
955 1385 1007 1422 ad
1028 1384 1248 1421 custodIam

214 1449 383 1486 oeulosae
430 1449 661 1496 prudentiae.
709 1451 758 1485 De
809 1448 983 1485 secunda
1031 1448 1172 1484 dicitur
1202 1446 1215 1467 '⁴
1238 1460 1246 1484 :

219 1527 236 1545 «
265 1514 425 1559 Propter
457 1511 580 1547 verba
610 1510 811 1547 labiorum
836 1513 996 1547 tuorum
1021 1521 1096 1556 ego
1119 1511 1249 1546 custo-

215 1573 298 1611 divi
327 1574 413 1610 vias
445 1573 590 1610 duras:
613 1586 631 1606 »
656 1573 766 1620 quod
792 1572 926 1609 attinet
953 1572 1005 1608 ad
1029 1571 1249 1608 custodiam

215 1634 492 1683 temperantiae.
515 1638 566 1672 De
592 1635 751 1672 tertiab:
778 1647 795 1668 «
819 1634 967 1671 Justitia
991 1634 1161 1671 custodit
1189 1635 1244 1670 in-

215 1698 391 1736 nocentis
428 1698 535 1735 viam
557 1710 565 1734 ;
601 1711 618 1732 »
650 1708 738 1734 ecce
776 1697 955 1734 custodia
989 1697 1158 1744 Justitiae.
1199 1699 1250 1734 De

217 1764 358 1809 quarta
375 1761 413 1798 ⁶:
439 1761 583 1797 «Viam
611 1760 695 1807 ejus
719 1760 932 1806 custodivi,
961 1763 998 1797 et
1025 1771 1107 1797 non
1133 1760 1253 1797 decli-

217 1823 308 1860 navi
329 1834 376 1861 ex
401 1834 448 1860 ea
469 1835 477 1860 :
499 1836 516 1857 »
540 1822 652 1870 quod
680 1824 827 1870 spectat
859 1823 910 1859 ad
935 1822 1150 1860 custodiam
1181 1833 1251 1870 pa-

216 1885 382 1929 tientiaee

550 1934 732 1969 Articulus
758 1936 921 1979 quartus.

266 2011 465 2056 Quantum
497 2009 549 2046 ad
581 2012 788 2057 quartum,
827 2009 1039 2048 subditur:
1073 2012 1253 2048 Mandata

220 2078 306 2111 tua.-
326 2082 408 2109 non
427 2072 558 2109 solum
576 2074 656 2118 tua,
678 2074 871 2120 tanquam
887 2083 909 2109 a
929 2076 963 2109 te
983 2073 1252 2120 procedentIa,

220 2135 289 2173 sed
309 2137 346 2172 et
365 2137 446 2181 tua,
461 2136 653 2182 tanquam
674 2134 726 2171 ad
745 2136 782 2171 te
798 2134 1066 2182 perducentia.
1083 2137 1127 2172 Et
1145 2139 1254 2182 nota,

220 2197 332 2245 quod
351 2197 538 2234 mandata
557 2197 758 2234 dominica
777 2207 859 2234 non
879 2197 1052 2234 absurde
1072 2196 1255 2235 dicuntur

220 2260 287 2298 via
317 2260 370 2297 ad
406 2261 617 2297 Dominum
655 2260 886 2308 perdttctiva
895 2273 905 2308 3
942 2261 1134 2308 quoniam
1170 2261 1256 2309 ipsa

221 2325 311 2359 sunt
340 2322 604 2359 introductiva
636 2322 687 2358 ad
714 2323 780 2358 Dei
805 2323 1074 2369 praesentiam,
1106 2323 1159 2359 ad
1190 2324 1256 2360 Dei

222 2384 476 2432 sapientiam,
498 2386 536 2420 et
554 2384 606 2420 ad
627 2383 692 2436 Dei
710 2384 851 2430 vitam,
874 2387 911 2421 et
930 2385 982 2422 ita
999 2387 1089 2421 sunt
1106 2385 1257 2433 perfec-

223 2446 303 2483 tiva
323 2448 461 2482 creatae
480 2445 677 2492 trinitatis,
702 2445 847 2482 scilicet
871 2447 1092 2493 memoriae,
1114 2447 1258 2484 intelli-

225 2507 384 2556 gentiae,
418 2507 641 2545 voluntatis.
681 2510 731 2545 De
756 2508 886 2556 primo
913 2510 950 2545 ⁷:
984 2522 1001 2543 «
1030 2509 1101 2554 Qui
1132 2513 1260 2547 servat

224 2571 412 2608 mandata
437 2571 539 2617 ejus,
570 2571 611 2607 in
638 2570 707 2608 illo
735 2573 892 2617 manet,
918 2574 955 2608 et
979 2571 1123 2619 ipsein
1144 2583 1216 2609 eo:
1239 2587 1255 2607 ιι

226 2644 314 2670 ecce
343 2633 531 2670 mandata
558 2633 822 2670 introductiva
846 2633 897 2670 ad
923 2634 1184 2681 praesentiam.
1207 2637 1259 2672 De

225 2695 400 2733 secundo
420 2696 457 2733 8:
484 2710 501 2729 «
520 2697 622 2732 Fons
642 2695 840 2743 sapientiae
861 2696 1029 2733 verbum
1051 2697 1115 2733 Dei
1134 2698 1172 2734 in
1195 2708 1262 2734 ex-

227 2759 359 2805 celsis,
395 2761 432 2795 et
461 2758 658 2804 ingressus
693 2757 798 2794 illius
829 2758 1018 2795 mandata
1047 2762 1217 2797 aeterna:
1239 2774 1257 2795 »

228 2832 317 2859 ecce
348 2820 536 2857 mandata
566 2819 830 2857 introductiva
866 2820 917 2856 ad
943 2821 1188 2869 sapientiam.
1211 2825 1261 2860 De

228 2883 338 2920 tertio
353 2884 366 2906 ⁹
386 2894 394 2920 ε
420 2895 438 2917 «
461 2882 497 2919 Si
525 2881 584 2918 vis
608 2882 660 2919 ad
679 2882 802 2919 vitam
821 2882 997 2929 ingredi,
1021 2894 1134 2921 serva
1155 2895 1262 2921 man-

229 2945 321 2982 data
341 2957 351 2981 ε
374 2958 391 2977 »
416 2955 504 2982 ecce
519 2944 707 2982 mandata
724 2944 988 2982 introductiva
1006 2945 1059 2983 ad
1078 2946 1212 2983 vitam.

660 3051 834 3093 Epilogus.

280 3135 322 3170 Et
341 3132 416 3169 hoc
436 3135 504 3178 est,
526 3132 637 3179 quod
657 3132 798 3169 dicitur
811 3143 881 3180 per
895 3133 1260 3182 Psalmographum,

231 3197 428 3243 petentem
457 3194 645 3231 ducatum
670 3194 870 3241 divinum,
898 3197 1059 3243 propter
1083 3207 1264 3234 securum

231 3262 418 3295 meatum.
447 3257 507 3295 Ait
539 3257 670 3294 enim:
707 3258 869 3294 Clamavi
893 3259 941 3293 ad
969 3261 1019 3304 te,
1047 3258 1192 3296 scilicet
1225 3261 1266 3297 ut

277 3360 434 3400 'lm-em„
456 3360 620 3400 xvil,14.
643 3376 679 3381 —-
701 3359 712 3377 ²
733 3359 760 3390 11
789 3358 960 3400 Tim.,1v,
983 3361 1032 3392 18.
1054 3377 1093 3383 —
1113 3359 1127 3382 ⁸
1155 3363 1264 3401 Prov„

234 3414 339 3447 xxm,
364 3408 415 3440 26.
436 3424 476 3431 -—-
501 3407 511 3426 ⁴
534 3406 628 3439 Psal.
656 3414 734 3446 xvh
761 3409 791 3439 4.
815 3423 857 3430 —
881 3408 892 3425 ⁵
921 3407 1030 3448 Prov„
1058 3415 1142 3449 x111,
1168 3409 1199 3441 6.
1223 3428 1264 3434 —

236 3453 248 3472 ⁶
270 3453 342 3492 Job,
364 3457 592 3493 11111,tl.—
610 3454 655 3486 ⁷1
676 3454 785 3495 Joan„
809 3461 861 3495 111,
882 3455 932 3486 22.
953 3473 993 3478 -—
1013 3455 1023 3473 ⁸
1048 3454 1162 3496 Ecclz‘„
1185 3463 1207 3497 ι,
1229 3458 1258 3487 5.

2268 172 2344 211 505

1316 260 1534 306 conducam
1558 260 1703 296 Salvum
1720 271 1774 296 me
1791 262 1863 305 fac,
1884 270 1934 296 ne
1955 259 2139 305 seducar3
2166 260 2210 295 Ut
2229 260 2345 295 custo-

1317 323 1430 369 diam,
1447 324 1484 358 et
1499 322 1550 369 (a)
1571 320 1830 358 custodiendo
1852 321 2025 358 deducar
2034 333 2044 367 ;
2068 320 2245 357 Mandata
2266 323 2342 363 tua,

1317 386 1462 433 quibus
1481 385 1533 422 ad
1554 387 1590 422 te
1609 384 1816 432 perducar.

1680 531 1898 559 VERSICULUS
1926 531 1981 558 111.

1365 637 1447 671 147.
1470 635 1634 671 Proevem'
1659 639 1697 671 in
1723 637 1955 682 maturitate,
1978 638 2050 672 ete.
2072 635 2163 672 Vitae
2184 636 2349 683 puritate

1318 708 1364 734 ac
1382 696 1469 733 vitae
1493 697 1697 734 securitate
1718 698 1896 744 superius
1915 697 2155 745 imploratis,
2177 698 2352 746 sequitur

1318 758 1522 796 exterioris
1541 758 1766 806 imploratio
1781 760 2030 796 maturitatis:
2049 762 2241 808 quatenus
2254 759 2353 796 sicut

1317 832 1388 869 per
1405 821 1579 869 primum
1598 821 1827 868 purificatur
1848 822 2022 868 animus,
2043 833 2114 868 per
2133 822 2352 858 secundum

1317 884 1535 921 honoratur
1554 883 1786 930 Altissimus,
1807 884 1861 920 sic
1881 894 1951 931 per
1967 885 2123 920 tertium
2143 883 2353 920 aedificetur

1318 945 1534 993 proximus.
1551 948 1656 982 Hanc
1671 946 1914 993 imploravit,
1932 948 1968 983 et
1979 946 2275 994 implorandam
2289 946 2354 983 de-

1320 1008 1482 1045 claravit
1501 1008 1709 1056 Propheta,
1726 1019 1816 1045 cum
1835 1009 1908 1046 ait:
1931 1011 2106 1055 Proeveni,
2129 1011 2222 1056 etc.;
2243 1009 2354 1057 quod

1320 1074 1401 1108 est:
1433 1071 1684 1118 praecogitavi
1706 1070 1754 1107 de
1773 1071 2016 1118 maturitate,
2038 1074 2076 1109 et
2095 1082 2183 1108 eam
2202 1070 2353 1117 efflagi-

1320 1133 1398 1171 tavi
1425 1144 1515 1169 cum
1540 1132 1756 1169 securitate.
1777 1132 1884 1169 Unde
1912 1135 2082 1180 quatuor
2107 1132 2354 1170 animadver—

1320 1196 1457 1241 timus,
1478 1196 1581 1232 circa
1599 1206 1687 1243 quae
1705 1197 1882 1232 servatur
1901 1195 1971 1232 iste
1991 1205 2127 1232 versus
2143 1207 2151 1231 ;
2172 1195 2356 1233 videlicet

1321 1258 1579 1305 intellectum,
1607 1259 1690 1305 ejus
1723 1259 1943 1305 objectum,
1976 1258 2060 1305 ejus
2088 1258 2290 1304 affectum,
2320 1261 2357 1294 et

1322 1322 1404 1368 eJ'us
1447 1323 1693 1368 provectum.
1733 1324 1828 1358 Nam
1874 1320 2049 1368 profecto
2092 1320 2356 1368 praecogitatio

1322 1386 1467 1433 spectat
1488 1384 1540 1420 ad
1554 1383 1814 1430 intellectum;
1837 1384 2054 1430 maturitas,
2070 1383 2121 1420 ad
2135 1383 2353 1431 obJectum;

1323 1445 1571 1493 efflagitatio,
1611 1446 1662 1482 ad
1701 1446 1882 1483 effectum
1894 1459 1904 1490 ;
1938 1446 2140 1491 securitas,
2173 1445 2226 1483 ad
2262 1456 2356 1494 pro-

1322 1511 1491 1546 vectum.

1662 1557 1844 1592 Artr'culus
1867 1558 2016 1603 primus.

1372 1635 1422 1670 De
1453 1634 1584 1681 primo
1623 1633 1805 1670 scribitur
1827 1645 1835 1669 ε
1875 1635 2048 1671 Praeveni.
2081 1635 2166 1678 Quo
2203 1635 2326 1671 modo
2340 1637 2358 1671 ἵ)

1324 1696 1641 1743 praecogitando,
1678 1706 1747 1732 seu
1778 1696 2104 1744 praemeditando.
2143 1697 2360 1734 Intellectus

1326 1758 1431 1796 enim
1454 1758 1573 1795 debet
1597 1758 1876 1806 praecogitare,
1903 1759 2001 1806 quid
2033 1759 2193 1796 aflectus
2219 1759 2362 1796 debeat

1326 1822 1522 1870 flagitare,
1555 1824 1597 1859 ut
1632 1823 1814 1860 discretio
1849 1823 2115 1860 meditationis
2149 1823 2363 1871 praeveniat

1328 1885 1584 1922 devotionem
1602 1885 1790 1922 orationis
1803 1898 1813 1932 ς
1834 1895 1883 1922 ne
1896 1885 2070 1922 fortassis
2084 1885 2236 1923 dicatur
2250 1896 2364 1923 oran-

1326 1947 1431 1983 tibus
1453 1947 1672 1984 indiscretis
1694 1946 1745 1983 10:
1774 1947 1966 1984 «Nescitis
1986 1946 2085 1994 quid
2103 1947 2256 1995 petatis.
2278 1962 2296 1984 >›
2320 1950 2364 1985 Et

1327 2013 1422 2047 nota
1441 2009 1544 2047 circa
1562 2009 1828 2047 meditationis
1847 2010 2155 2058 praeventionem
2169 2012 2260 2047 ante
2277 2021 2364 2048 ora-

1328 2072 1444 2110 tionis
1464 2072 1806 2118 adventationem,
1835 2073 1946 2120 quod
1973 2071 2167 2120 triplicem
2195 2072 2364 2120 legimus

1328 2135 1657 2183 praeventionem,
1679 2134 1824 2172 scilicet
1843 2135 2090 2183 AEthiopum,
2110 2135 2363 2183 Nuntiorum,

1331 2199 1368 2234 et
1387 2197 1632 2245 Principum:
1655 2207 1726 2244 per
1746 2208 1844 2245 quas
1864 2197 2118 2244 intelligimus
2136 2199 2366 2245 praeventio-

1330 2271 1423 2297 nem
1436 2259 1700 2297 meditationis
1715 2271 1784 2308 per
1797 2260 1903 2297 viam
1918 2261 2246 2308 compunctionis,
2262 2272 2367 2299 com-

1331 2322 1544 2370 passionis,
1581 2325 1618 2359 et
1657 2323 1950 2360 consolationis.
1989 2323 2119 2361 Prima
2151 2325 2365 2372 praeventio

1332 2386 1490 2421 notatur
1519 2384 1560 2421 in
1579 2385 1782 2423 psalmista
1803 2385 1828 2409 ¹¹
1853 2398 1862 2422 :
1882 2399 1900 2420 «
1920 2386 2070 2434 Dissipa
2098 2389 2255 2433 gentes,
2277 2399 2366 2435 quae

1332 2447 1440 2484 bella
1457 2448 1621 2494 volunt3
1643 2448 1800 2485 venient
1816 2448 1934 2496 legati
1954 2459 2002 2486 ex
2020 2451 2185 2497 AEgypto
2195 2461 2206 2495 3
2229 2449 2368 2487 AEthio-

1334 2511 1401 2559 pia
1419 2512 1633 2559 praeveniet
1655 2522 1795 2549 manus
1821 2513 1905 2559 ejus
1934 2514 2025 2549 Deo.
2046 2527 2064 2547 »
2086 2513 2145 2550 Ad
2169 2514 2280 2561 cujus
2304 2514 2365 2551 in-

1335 2572 1533 2609 tellectum
1553 2573 1662 2621 prius
1676 2573 2023 2620 considerandum,
2043 2574 2152 2622 quod
2167 2578 2223 2612 est
2233 2586 2368 2623 pugna

1335 2634 1547 2682 spiritualis
1570 2635 1670 2672 inter
1699 2635 1894 2672 desideria
1913 2635 2192 2682 sensualitatis,
2213 2639 2249 2673 et
2271 2637 2369 2674 desi-

1337 2697 1448 2734 deria
1485 2697 1708 2734 voluntatis.
1749 2699 1845 2734 Nam
1884 2697 2080 2735 desideria
2110 2699 2369 2737 sensualitatis

1336 2760 1495 2797 trahunt
1519 2771 1589 2807 per
1612 2771 1847 2798 consensum
1869 2760 2066 2798 desideria
2084 2761 2296 2800 voluntatis
2315 2763 2370 2800 in-

1337 2822 1493 2859 terdum
1513 2822 1565 2859 ad
1585 2823 1768 2860 tenebras
1787 2822 2016 2870 iniquitatiS,
2037 2823 2136 2861 sicut
2154 2824 2371 2863 fornicariae

1337 2885 1548 2933 voluptatis
1556 2898 1567 2932 3
1589 2885 1788 2923 interdum
1809 2885 2103 2923 occasionaliter
2123 2887 2175 2924 ad
2188 2888 2370 2926 tenebras

1337 2947 1598 2995 infidelitatis,
1621 2950 1662 2986 ut
1681 2959 1771 2986 cum
1793 2948 1978 2996 quaeritur
1997 2949 2195 2987 excusatio
2216 2950 2256 2986 in
2277 2961 2369 2998 pec-

1339 3010 1453 3056 catis,
1474 3012 1512 3048 et
1530 3010 1686 3058 dicitur,
1708 3011 1818 3059 quod
1837 3011 2043 3049 fornicatio
2067 3022 2149 3050 non
2178 3014 2233 3049 est
2254 3012 2371 3060 culpa

1339 3072 1527 3110 mortalis,
1551 3073 1686 3110 Primae
1711 3073 1881 3111 tenebrae
1905 3076 1995 3110 sunt
2018 3085 2089 3122 per
2113 3074 2369 3122 AEthiopiam,

1338 3136 1520 3173 secundae
1554 3147 1626 3184 per
1659 3138 1867 3184 AEgyptum
1906 3136 2129 3184 significatae
2151 3149 2159 3173 :
2200 3146 2370 3184 quarum

1339 3199 1504 3246 utraque
1532 3197 1806 3245 interpretatur
1837 3198 2019 3235 tenebrae.
2058 3198 2116 3235 Ait
2147 3208 2241 3244 ergo
2278 3199 2370 3235 Pro-

1338 3260 1458 3308 pheta
1473 3272 1485 3296 :
1505 3272 1523 3294 «
1542 3259 1692 3307 Dissipa
1713 3261 1862 3306 gentes,
1881 3271 1968 3307 quae
1988 3259 2093 3297 bella
2113 3259 2266 3306 volunt,
2287 3272 2306 3295 »
2328 3259 2370 3297 id

1339 3325 1414 3370 est,
1436 3322 1597 3369 gentilia
1623 3332 1691 3359 seu
1716 3321 1891 3359 carnalia
1915 3321 2109 3359 desideria
2127 3321 2372 3360 voluntatem

1340 3408 1405 3432 —9
1424 3405 1560 3444 Mami„
1584 3413 1662 3446 XIX,
1685 3407 1734 3438 17.
1755 3423 1795 3429 —
1819 3407 1842 3427 ¹⁰
1864 3405 1986 3446 Matth,
2007 3415 2073 3448 xx,
2093 3407 2145 3439 22.
2167 3423 2206 3430 —
2231 3405 2254 3427 ¹¹
2277 3405 2369 3439 Psal.

1341 3463 1447 3494 vau,
1469 3455 1520 3487 32.
1545 3471 1577 3476 -
1598 3453 1643 3496 (a)
1664 3454 1738 3495 Leq.
1764 3456 1811 3485 ut.
