2633 3878
123 1035 217 1060 Decor

75 1074 208 1101 divinita-

77 1116 114 1142 tis
128 1118 156 1143 et
167 1117 218 1142 liu-

83 1158 206 1184 manim-

95 3015 217 3043 Flumen

77 3059 206 3093 multipli
214 3073 220 3078 -

80 3100 161 3127 citer.

1099 289 1341 331 PSsxmlUS
1371 290 1508 331 XCIII.

233 394 307 423 sex
326 382 414 423 dies
434 382 478 422 in
497 382 710 423 creatione
730 381 937 432 leguntur
956 378 1158 419 habuisse
1178 389 1268 418 ves-

233 465 395 506 peram.
412 454 518 495 Nam
539 454 598 494 ihi
620 454 780 493 dictum
821 453 882 491 est
903 454 912 475 ¹
934 463 944 490 ε
973 466 992 489 (ι
1009 449 1184 490 Factum
1207 452 1270 490 est

233 536 407 577 vespere
438 526 480 565 et
497 535 622 564 mane
647 523 736 563 dies
764 524 923 562 sextus.
957 535 975 559 »
1002 519 1090 561 Hoc
1126 522 1268 560 autem

234 606 321 635 non
340 597 402 635 est
421 594 578 635 dictum
598 593 649 633 de
669 593 904 645 septimana
917 623 927 641 ,
951 591 1004 632 ad
1024 590 1269 642 significan-

234 666 336 705 dum
372 666 483 718 quod
512 664 689 716 septima
722 666 825 704 zetas
864 675 951 702 non
977 665 1040 702 est
1072 661 1271 701 habitura

235 748 456 789 vesperam
474 737 515 776 et
535 735 664 776 finem
681 749 689 775 :
708 734 820 775 unde
840 734 885 774 in
903 734 1008 774 festo
1026 733 1270 773 animarum

235 819 322 848 non
355 809 575 847 cantamus
603 818 830 859 vesperas,
858 805 910 846 ad
937 804 1271 857 significandum

236 878 349 931 quod
378 878 466 919 vita
497 890 646 919 eorum
675 890 761 918 non
787 880 850 918 est
881 877 1079 917 habitura
1111 876 1240 915 finem
1258 906 1268 925 ,

236 960 334 1001 quae
361 950 412 999 (a)
434 948 589 989 dicitur
608 959 801 1000 vespera.

292 1025 330 1060 1.
354 1022 544 1062 Decorem
564 1019 744 1062 indutus
772 1023 848 1062 est.
873 1019 944 1059 Est
966 1019 1090 1060 decor
1112 1019 1269 1061 divini-

236 1092 355 1141 tatis;
389 1094 450 1132 est
469 1092 594 1132 decor
620 1090 913 1131 humanitatis.
950 1090 1234 1130 Humanitatis
1260 1102 1270 1130 ε

236 1164 345 1205 alius
364 1163 572 1216 corporis,
598 1163 705 1203 alius
724 1162 880 1203 animae
893 1194 905 1212 ,
930 1162 1037 1202 alius
1057 1173 1270 1202 resurrec-

236 1235 375 1277 tionis.
400 1235 456 1276 De
481 1235 619 1288 primo
640 1235 720 1275 1100
739 1236 753 1256 ‘²
779 1249 786 1274 :
819 1234 1073 1287 «Tanquam
1095 1245 1274 1286 sponsus

237 1307 464 1359 procedens
480 1306 531 1347 de
551 1305 738 1346 thalamo
758 1317 850 1346 suo.
867 1320 885 1342 »
907 1305 964 1346 De
981 1304 1167 1345 secundo
1187 1304 1270 1344 hic.

238 1377 293 1418 De
312 1378 437 1418 tertio
456 1377 515 1417 ibi
535 1377 549 1399 ³
573 1388 583 1416 :
612 1392 632 1415 «
651 1376 1020 1429 Resplenduerunt
1056 1375 1164 1416 sicut
1196 1375 1273 1415 nix

237 1449 491 1489 vestimenta
510 1449 652 1500 ejus.»

291 1523 329 1559 9..
354 1519 516 1561 Parata
535 1522 595 1560 est
612 1517 730 1559 sedes
751 1522 840 1558 ῑιια.
859 1516 986 1558 Sedes
1006 1517 1159 1557 dicitur
1180 1520 1273 1558 tum

236 1590 472 1632 secundum
494 1589 788 1639 divinitatem,
813 1591 909 1628 tum
933 1589 1167 1629 secundum
1190 1589 1271 1629 hu-

238 1661 500 1701 manitatem.
540 1659 667 1700 Sedes
702 1659 774 1699 Dei
804 1659 1039 1699 secundum
1069 1660 1270 1701 diviuita-

238 1735 322 1771 tem
341 1730 577 1783 dupliciter,
600 1729 756 1770 scilicet
776 1729 1045 1782 aequalitatis,
1068 1733 1109 1770 et
1131 1730 1274 1770 anima

238 1801 384 1842 fidelis.
418 1801 547 1842 Juxta
567 1800 779 1853 primum,
816 1800 968 1840 dicitur
984 1801 996 1822 a
1023 1800 1200 1841 «sedere
1220 1801 1273 1842 ad

237 1873 455 1914 dexteram
471 1872 608 1914 Patris
625 1871 690 1925 (b),
705 1886 723 1909 ›)
746 1873 846 1925 quia
863 1872 902 1912 ei
923 1872 1101 1925 aequalis
1118 1887 1126 1921 ;
1146 1874 1274 1925 juxta

238 1944 492 1993 secundum,
513 1943 667 1984 dicitur
686 1943 800 1996 quod
819 1943 936 1984 sedes
954 1943 1026 1983 Dei
1045 1946 1106 1983 est
1128 1944 1274 1985 anima

235 2015 356 2067 justi.
377 2015 503 2055 Sedes
522 2014 800 2054 humanitatis
818 2014 1041 2066 dupliciter
1059 2029 1066 2055 :
1091 2027 1191 2055 nam
1214 2028 1274 2056 se-

237 2085 426 2126 cundum
445 2086 558 2138 quod
579 2086 705 2126 homo
728 2088 821 2136 stat,
845 2085 959 2126 sedet
979 2086 1030 2125 acl
1051 2085 1272 2126 dexteram

237 2156 393 2207 Patris,
418 2157 459 2196 id
480 2160 542 2197 est
557 2189 567 2208 ,
590 2157 824 2197 secundum
846 2157 960 2209 quod
993 2156 1123 2197 homo
1144 2157 1273 2198 hahet

235 2227 398 2279 potiora
425 2226 585 2277 Patris,
617 2230 658 2267 et
683 2226 956 2279 judiciariam
987 2230 1237 2280 potestatem
1260 2241 1269 2268 ε

235 2310 334 2338 nam
355 2299 589 2339 secundum
610 2299 723 2351 quod
751 2298 881 2339 homo
898 2331 907 2349 ,
936 2299 980 2338 in
1003 2299 1139 2340 forma
1159 2300 1272 2341 servi

231 2371 246 2421 j
256 2369 452 2410 udicabit.
475 2369 546 2410 Est
565 2369 785 2423 plenitudo
805 2369 1107 2411 cumulationis
1122 2403 1133 2421 ,
1156 2371 1272 2411 unde

170 2448 176 2452 ·
236 2440 360 2480 hoc⁵z
378 2440 587 2481 «Plenum
604 2441 755 2492 gratiae
776 2442 816 2481 et
844 2440 1087 2480 veritatis.»
1105 2440 1178 2481 Est
1190 2440 1273 2493 ple-

236 2511 384 2551 nitudo
400 2510 682 2563 perfeetionis,
699 2510 813 2550 unde
832 2510 913 2551 1100
931 2525 939 2551 :
957 2512 1097 2560 «Ave,
1124 2511 1268 2562 Maria,

240 2581 381 2632 gratia
400 2581 523 2634 plena
540 2613 549 2630 ,
569 2595 587 2617 »
607 2583 647 2620 et
663 2581 744 2621 hoc
757 2581 791 2622 ⁶:
824 2596 842 2619 «
859 2580 1101 2633 Stephanus
1122 2578 1272 2634 plenus

240 2651 392 2702 gratia.
419 2667 438 2688 »
476 2650 548 2691 Est
582 2651 799 2704 plenitudo
833 2651 1100 2692 sufficientiae
1115 2684 1125 2702 ,
1160 2652 1273 2692 unde

239 2723 319 2764 hoc
335 2724 348 2745 ⁷
370 2737 378 2764 :
408 2722 670 2764 «Plenitudo
699 2722 808 2775 legis
835 2722 1013 2763 dilectio.
1035 2737 1054 2761 »
1081 2723 1152 2764 Est
1178 2723 1273 2776 ple-

238 2793 385 2834 nitudo
403 2794 718 2834 numerositatis
732 2826 742 2845 ,
763 2793 877 2834 unde
898 2793 977 2834 hoc
995 2808 1003 2834 :
1033 2809 1052 2832 c<
1071 2794 1273 2845 Ingratus

237 2865 350 2905 enim
371 2865 532 2916 extitit,
556 2865 631 2918 qui
652 2865 803 2918 plenus
827 2863 1057 2905 virtutibus
1077 2864 1270 2916 Domini,

238 2936 415 2976 omnino
432 2948 518 2977 non
538 2935 697 2977 timuit.
719 2951 738 2973 »

292 3010 331 3048 3.
370 3007 658 3049 Elevaverunc
687 3007 874 3059 flumina
887 3039 899 3058 ,
941 3008 1130 3050 Domine.
1167 3007 1271 3049 Flu-

240 3089 338 3118 men
349 3077 636 3131 multipliciter
649 3078 803 3119 dicitur
820 3078 864 3118 in
879 3077 1117 3130 Scriptura:
1135 3090 1273 3131 quan-

240 3148 377 3201 doque
405 3148 588 3202 Spiritus
611 3152 804 3200 sanctus,
840 3149 955 3189 unde
973 3147 1050 3189 Job
1070 3148 1121 3189 de
1140 3148 1274 3202 hypo-

241 3220 346 3261 crita
365 3224 380 3245 ⁸
404 3235 412 3261 z
441 3219 555 3261 «Non
569 3220 709 3261 videat
725 3220 886 3261 rivulos
905 3219 1098 3260 fluminis
1117 3221 1211 3272 ejus
1225 3234 1234 3260 z
1247 3236 1266 3259 ›)

242 3303 316 3345 per
335 3291 493 3343 flumen
509 3323 520 3340 ‚
555 3290 739 3344 Spiritus
758 3292 928 3332 sanctus
941 3304 951 3340 ;
986 3302 1063 3342 per
1088 3290 1270 3340 rivulo&

287 3399 292 3416 ¹
309 3397 405 3437 Gen„
423 3406 447 3439 1,
469 3399 520 3430 31.
535 3415 576 3421 —
597 3397 608 3416 ²
626 3396 718 3429 Psal.
739 3405 840 3437 xviii,
859 3399 888 3429 6.
910 3415 944 3420 -
967 3397 978 3415 ³
994 3396 1129 3436 Mami„
1150 3405 1272 3438 xxvui,

244 3447 274 3477 3.
295 3463 335 3469 —
354 3445 368 3467 Β
385 3446 489 3484 Rom„
511 3452 589 3485 vlu,
613 3445 664 3477 34.
684 3461 723 3468 -
745 3445 756 3462 ⁵
775 3445 885 3482 Jocm„
908 3452 930 3484 ι,
956 3445 1007 3476 14.
1027 3461 1069 3467 —
1089 3445 1101 3462 '³
1119 3445 1207 3486 Act„
1225 3453 1274 3486 Vi,

243 3493 275 3522 8.
296 3509 331 3515 —
351 3491 363 3513 ⁷
386 3492 494 3529 Rom,
510 3499 587 3528 ι1111.
612 3494 663 3523 10.
682 3509 722 3516 —
743 3492 754 3511 ³
770 3490 845 3530 Job,
867 3499 927 3532 xx,
952 3493 998 3522 17.
1019 3507 1060 3514 —-
1080 3492 1092 3510 ⁹
1107 3491 1229 3532 Βατία,
1251 3500 1275 3530 1,

245 3541 276 3572 ἵ.
294 3557 335 3564 —-
356 3541 378 3560 ¹·
398 3542 478 3580 Isa.,
498 3548 607 3581 van,
628 3542 660 3572 2.
680 3557 720 3564 —
741 3541 767 3562 ¹¹
785 3541 892 3579 loun„
915 3548 974 3580 vii,
996 3541 1048 3573 38,
1066 3557 1106 3564 -
1123 3540 1150 3562 ¹²
1169 3542 1274 3582 Rom,

246 3596 270 3625 1,
292 3589 342 3620 26.
362 3604 403 3611 —
422 3588 448 3610 ¹³
469 3588 563 3630 Sap„
583 3595 615 3627 ν,
636 3589 668 3619 8.

2298 296 2375 335 269

1341 379 1451 419 dona
1492 380 1603 431 eJ'uS.
1646 378 1908 432 Quandoque
1941 381 2257 433 praedicatoreS,
2291 394 2374 422 un-

1305 466 1309 467 *
1340 449 1392 488 de
1413 448 1614 489 Salomon
1631 449 1645 470 ⁹
1665 463 1673 489 ε
1707 464 1726 487 ((
1746 450 1810 489 Α(1
1829 450 1969 490 locum
1992 452 2106 492 unde
2125 455 2282 493 exeunt
2299 453 2379 493 ssu-

1343 519 1476 570 mina,
1503 522 1792 570 revertuntur,
1814 522 1863 560 ut
1882 520 2036 561 iterum
2058 522 2215 573 ssuant;
2232 538 2250 560 n
2277 523 2381 576 quia

1342 591 1395 631 ad
1418 590 1566 639 Deum,
1589 603 1614 630 a
1635 602 1720 643 quo
1738 590 1985 641 missisunt,
2009 593 2200 644 redeunt,
2223 597 2271 634 ut
2287 596 2380 647 ejus

1342 661 1498 701 auxilio
1520 662 1764 714 praedicent.
1789 661 2052 715 Quandoque
2080 664 2263 705 actiones
2295 665 2377 705 hu-

1338 732 1411 783 jus
1431 731 1591 782 saeculi,
1619 732 1732 773 unde
1752 732 1922 773 Isaias¹⁰
1944 746 1953 774 z
1976 733 2178 774 «Denuda
2197 736 2378 788 turpitu-

1343 802 1485 843 dinem
1518 804 1637 843 tuam
1655 834 1665 850 ,
1698 803 1931 856 discooperi
1960 803 2212 856 humerum,
2241 806 2382 847 revela

1344 885 1495 924 crura,
1532 873 1662 914 transi
1691 873 1884 914 flumina.
1916 890 1934 913 »
1978 874 2240 928 Quandoque
2273 876 2382 918 dona

1345 945 1529 998 Spiritus
1549 946 1698 997 sancti,
1724 946 1836 987 unde
1857 946 1936 987 hoc
1952 947 1976 969 ¹¹
2004 960 2013 988 :
2043 948 2155 997 «Qui
2176 949 2308 989 credit
2338 950 2383 990 in

1346 1028 1413 1057 me
1428 1048 1437 1066 ,
1460 1016 1639 1058 [lumina
1658 1017 1710 1058 de
1733 1020 1882 1058 ventre
1902 1019 1996 1070 eJus
2014 1018 2150 1059 ssuent
2168 1031 2291 1072 aquae
2311 1020 2381 1060 vi—

1345 1100 1426 1129 vae.
1445 1103 1464 1124 ))

1405 1159 1665 1202 Testimom'a
1687 1164 1762 1202 cua
1790 1160 2018 1204 credibilia
2047 1163 2165 1214 facta
2185 1168 2288 1206 sunt
2311 1166 2381 1205 m·-

1347 1231 1427 1272 mz‘s
1451 1230 1514 1282 (c).
1540 1230 1654 1271 Dicta
1675 1232 1817 1284 sponsi
1838 1233 2192 1274 commendantur
2211 1247 2236 1274 a
2256 1235 2384 1275 fideli-

1347 1304 1451 1353 tate,
1473 1303 1587 1342 unde
1609 1318 1616 1342 :
1647 1303 1908 1345 Testimonia
1921 1319 1936 1350 ,·
1959 1316 1983 1343 a
2003 1303 2176 1345 dicentis
2199 1307 2381 1346 auctori-

1346 1375 1455 1422 tate,
1478 1373 1592 1414 unde
1616 1388 1624 1413 :
1655 1373 1745 1415 Τιια
1759 1390 1775 1421 ,·
1792 1386 1816 1414 a
1835 1375 2086 1416 certitudine
2103 1407 2113 1426 ,
2133 1375 2270 1417 unde:
2297 1376 2385 1418 Cre-

1347 1443 1508 1486 clz‘bz’lz'a
1528 1445 1647 1495 facta
1667 1448 1769 1487 sunt
1788 1447 1936 1488 nimis.

1412 1514 1458 1554 In
1494 1516 1668 1556 tilulum
1707 1516 1859 1569 psalmi
1893 1518 2110 1570 sequentis
2145 1533 2154 1558 ε
2190 1519 2385 1562 Psalmus

1349 1586 1492 1628 David
1520 1591 1677 1639 quarta
1698 1588 1880 1630 sabbati.
1918 1588 2024 1629 Nota
2049 1604 2057 1630 :
2082 1589 2219 1631 Homo
2253 1593 2387 1632 factus

1347 1660 1410 1697 est
1445 1660 1564 1697 sexta
1600 1658 1741 1709 feria,
1776 1659 1879 1699 luna
1915 1662 2080 1711 quarta.
2127 1660 2178 1700 Et
2215 1661 2345 1702 homo
2373 1694 2384 1713 ,

1347 1728 1519 1779 quando
1552 1727 1726 1780 incoepit
1767 1741 1857 1769 esse
1883 1761 1893 1780 ,
1939 1730 2203 1782 computavit
2239 1731 2386 1772 lunam

1347 1799 1531 1851 primam
1550 1832 1562 1850 ‚
1595 1800 1766 1852 quando
1794 1802 1887 1853 Jam
1920 1805 2010 1842 erat
2039 1803 2163 1843 tertia
2189 1817 2198 1853 ;
2234 1806 2274 1844 et
2294 1804 2388 1846 ideo

1347 1883 1425 1912 nos
1453 1872 1574 1912 illum
1606 1873 1802 1914 ordinem
1831 1874 2127 1926 observantes,
2163 1880 2385 1928 computa-

1347 1954 1444 1982 mus
1474 1942 1623 1983 lunam
1657 1943 1870 1996 primam,
1900 1945 2071 1997 quando
2098 1947 2190 1999 jam
2221 1949 2282 1987 est
2302 1950 2384 1988 ter-

1346 2012 1426 2063 tia,
1450 2013 1562 2065 quod
1590 2026 1677 2054 non
1701 2014 1861 2055 faciunt
1888 2015 2040 2056 Judaei.
2059 2015 2166 2057 Nota
2197 2031 2206 2056 z
2234 2020 2387 2070 quarta
2437 2024 2548 2069 Quarta

1346 2082 1451 2123 feria
1469 2087 1608 2124 creata
1627 2088 1726 2124 sunt
1746 2084 1808 2125 sol
1835 2088 1876 2126 et
1895 2085 2019 2137 luna,
2053 2089 2095 2127 et
2116 2087 2176 2128 ita
2203 2087 2387 2129 Ecclesia
2407 2064 2548 2141 Γῗζιεῗρῗῗῗ

1346 2153 1599 2195 illuminata.
1623 2155 1723 2196 Inde
1744 2160 1932 2209 quatuor
1947 2160 2139 2210 tempora
2159 2161 2312 2211 quarta
2332 2160 2385 2201 fe·
2406 2155 2548 2181 mu³q⁰³‘

2413 2186 2543 2214 draoesi-

1346 2225 1409 2264 ria
1429 2225 1657 2278 incipimus
1678 2238 1860 2280 semper,
1896 2231 1936 2268 et
1959 2232 2110 2281 quarta
2140 2229 2243 2270 feria
2275 2242 2384 2283 qua·
2405 2209 2548 2294 mgffuosst

1346 2295 1634 2347 dragesimam
1666 2297 1894 2351 incipimus
1928 2303 2110 2354 semper.
2143 2300 2226 2342 Nos
2253 2303 2384 2344 debe·
2405 2276 2537 2344 {numm

1348 2378 1444 2406 mus
1465 2365 1548 2407 Deo
1569 2368 1723 2409 offerre
1740 2370 1951 2422 primitias
1967 2375 2225 2425 temporum,
2242 2373 2284 2415 id
2306 2378 2383 2426 est,

1347 2440 1531 2490 quatuor
1550 2441 1744 2492 tempora
1753 2456 1764 2491 3
1791 2444 1833 2482 et
1863 2442 2071 2484 decimam
2105 2444 2160 2496 (d)
2181 2445 2345 2486 dierum
2367 2477 2378 2497 ,
2423 2450 2482 2496 qur
2500 2449 2548 2478 <¹0-

1346 2507 1388 2548 id
1413 2510 1498 2559 est,
1523 2510 1912 2562 quadragesimam.
1937 2513 2075 2562 Quare
2095 2516 2238 2567 potius
2267 2517 2379 2557 deci·
2424 2498 2529 2558 ῗέἷῖἲ

1348 2589 1465 2617 mam
1479 2578 1647 2630 damus,
1665 2593 1797 2632 quam
1811 2594 1985 2634 nonam,
2003 2584 2072 2625 vel
2086 2586 2383 2628 undecimam?
2405 2575 2547 2641 „moff’nfff

1351 2647 1459 2696 Quia
1482 2649 1673 2691 decimus
1704 2653 1808 2693 ordo
1840 2654 1985 2695 cecidit
2004 2657 2282 2709 angelorum,
2310 2660 2384 2712 qui
2404 2655 2546 2688 ”am’v‘ss

2414 2695 2536 2722 undeci-

1353 2719 1475 2760 debet
1497 2719 1743 2763 hominibus
1763 2726 2007 2766 restaurari.

2414 2744 2502 2763 mam.

1537 2880 1805 2927 PSALMUS
1838 2884 2019 2931 DAVID
2051 2887 2148 2933 XCI
2155 2889 2204 2933 ΙΙ.

1404 3006 1442 3043 1.
1466 3003 1575 3046 Deus
1609 3005 1821 3051 ultionum
1853 3011 2076 3055 Dominus.
2107 3012 2251 3056 Multae
2287 3019 2388 3057 sunt

1348 3073 1532 3115 ultiones
1553 3075 1622 3117 Dei
1637 3092 1647 3127 ;
1681 3091 1782 3120 nam
1809 3083 2062 3137 quandoque
2088 3086 2211 3138 punit
2239 3099 2383 3140 pecca·
2407 3083 2546 3152 3²¹P³⁰¹¹²⁹

1348 3149 1460 3188 tores
1493 3148 1537 3189 in
1565 3152 1795 3204 praesenti,
1817 3155 2008 3196 unde¹²z
2037 3156 2261 3199 «Tradidit
2294 3159 2386 3200 illos
2435 3133 2471 3152 01-

1348 3218 1458 3259 Deus
1477 3219 1521 3259 in
1541 3222 1756 3272 passiones
1777 3224 2030 3276 ignominiae
2047 3242 2088 3278 ,n
2111 3231 2152 3269 et
2167 3229 2225 3269 ita
2241 3229 2285 3270 in
2306 3231 2387 3283 spi-

1349 3288 1596 3341 ritualibu53
1621 3293 1876 3347 quandoque
1908 3296 1954 3336 in
1973 3299 2300 3352 temporalibus,
2334 3302 2386 3343 de

1350 3371 1536 3412 quorum
1568 3363 1795 3406 amissione
1819 3365 1983 3419 dolent,
2016 3368 2130 3409 unde
2158 3369 2296 3412 dicent
2322 3373 2348 3395 ¹³
2374 3387 2383 3414 :

1394 3490 1440 3531 (a)
1474 3491 1568 3523 Edit.
1606 3493 1682 3525 Ven.
1707 3494 1776 3533 qui.
1800 3513 1836 3518 -
1863 3495 1908 3535 (b)
1938 3496 2034 3538 Vuly.
2064 3498 2137 3531 Dei.
2165 3517 2204 3526 —
2234 3501 2278 3543 (c)
2304 3503 2386 3535 caet.

1351 3538 1430 3569 edit.
1449 3547 1519 3570 nou
1545 3539 1674 3572 hubent
1701 3541 1896 3574 Testimom'a
1921 3546 1976 3575 lua
1997 3545 2174 3578 credibilia
2197 3549 2287 3588 facta
2312 3552 2388 3581 sunl

1351 3586 1466 3617 nimis.
1481 3603 1519 3610 —-
1544 3587 1593 3627 (d)
1614 3587 1707 3619 Edit.
1734 3589 1808 3620 Ven.
1827 3589 1970 3623 decima.
