<?xml version="1.0" encoding="UTF-8"?>
<!DOCTYPE html PUBLIC "-//W3C//DTD XHTML 1.0 Transitional//EN"
    "http://www.w3.org/TR/xhtml1/DTD/xhtml1-transitional.dtd">
<html xmlns="http://www.w3.org/1999/xhtml" xml:lang="en" lang="en">
 <head>
  <title>
</title>
<meta http-equiv="Content-Type" content="text/html;charset=utf-8" />
  <meta name='ocr-system' content='tesseract 3.04.00' />
  <meta name='ocr-capabilities' content='ocr_page ocr_carea ocr_par ocr_line ocrx_word'/>
</head>
<body>
  <div class='ocr_page' id='page_1' title='image "./operaomniasixtiv09bonauoft/operaomniasixtiv09bonauoft_0438.png"; bbox 0 0 2633 3878; ppageno 0'>
   <div class='ocr_carea' id='block_1_1' title="bbox 345 313 421 350">
    <p class='ocr_par' dir='ltr' id='par_1_1' title="bbox 345 313 421 350">
     <span class='ocr_line' id='line_1_1' title="bbox 345 313 421 350; baseline 0.079 -9"><span class='ocrx_word' id='word_1_1' title='bbox 345 313 421 350; x_wconf 59' lang='lat'>‚106</span> 
     </span>
    </p>
   </div>
   <div class='ocr_carea' id='block_1_2' title="bbox 342 384 1369 504">
    <p class='ocr_par' dir='ltr' id='par_1_2' title="bbox 342 384 1369 504">
     <span class='ocr_line' id='line_1_2' title="bbox 342 384 1369 446; baseline -0.015 -11"><span class='ocrx_word' id='word_1_2' title='bbox 342 397 480 446; x_wconf 89' lang='lat' dir='ltr'>quium</span> <span class='ocrx_word' id='word_1_3' title='bbox 497 394 680 433; x_wconf 83' lang='lat' dir='ltr'>veritatis.</span> <span class='ocrx_word' id='word_1_4' title='bbox 703 395 754 430; x_wconf 88' lang='lat' dir='ltr'>De</span> <span class='ocrx_word' id='word_1_5' title='bbox 779 392 891 429; x_wconf 89' lang='lat' dir='ltr'>tertio</span> <span class='ocrx_word' id='word_1_6' title='bbox 915 387 1244 435; x_wconf 75' lang='lat' dir='ltr'>psalmographus</span> <span class='ocrx_word' id='word_1_7' title='bbox 1275 384 1369 422; x_wconf 87' lang='lat' dir='ltr'>scri-</span> 
     </span>
     <span class='ocr_line' id='line_1_3' title="bbox 342 450 1361 504; baseline -0.015 -7"><span class='ocrx_word' id='word_1_8' title='bbox 342 458 417 497; x_wconf 82' lang='lat' dir='ltr'>bit¹</span> <span class='ocrx_word' id='word_1_9' title='bbox 435 471 454 493; x_wconf 72' lang='grc' dir='ltr'>ιι</span> <span class='ocrx_word' id='word_1_10' title='bbox 475 457 652 504; x_wconf 88' lang='lat' dir='ltr'>:Suscipe</span> <span class='ocrx_word' id='word_1_11' title='bbox 667 465 729 493; x_wconf 90' lang='lat' dir='ltr'>me</span> <span class='ocrx_word' id='word_1_12' title='bbox 744 453 963 492; x_wconf 87' lang='lat' dir='ltr'>secundum</span> <span class='ocrx_word' id='word_1_13' title='bbox 975 450 1180 498; x_wconf 86' lang='lat' dir='ltr'>eloquium</span> <span class='ocrx_word' id='word_1_14' title='bbox 1189 452 1301 484; x_wconf 91' lang='lat' dir='ltr'>tuum</span> <span class='ocrx_word' id='word_1_15' title='bbox 1319 458 1327 483; x_wconf 89' lang='lat'><strong>:</strong></span> <span class='ocrx_word' id='word_1_16' title='bbox 1343 460 1361 482; x_wconf 70' lang='lat' dir='ltr'>»i</span> 
     </span>
    </p>
   </div>
   <div class='ocr_carea' id='block_1_3' title="bbox 343 517 835 570">
    <p class='ocr_par' dir='ltr' id='par_1_3' title="bbox 343 517 835 570">
     <span class='ocr_line' id='line_1_4' title="bbox 343 517 835 570; baseline -0.014 -10"><span class='ocrx_word' id='word_1_17' title='bbox 343 532 430 560; x_wconf 86' lang='lat' dir='ltr'>ecce</span> <span class='ocrx_word' id='word_1_18' title='bbox 450 519 653 570; x_wconf 83' lang='lat' dir='ltr'>eloquium</span> <span class='ocrx_word' id='word_1_19' title='bbox 670 517 835 567; x_wconf 86' lang='lat' dir='ltr'>pietatis.</span> 
     </span>
    </p>
   </div>
   <div class='ocr_carea' id='block_1_4' title="bbox 675 622 1043 666">
    <p class='ocr_par' dir='ltr' id='par_1_4' title="bbox 675 622 1043 666">
     <span class='ocr_line' id='line_1_5' title="bbox 675 622 1043 666; baseline -0.022 -6"><span class='ocrx_word' id='word_1_20' title='bbox 675 622 860 660; x_wconf 76' lang='lat' dir='ltr'>Articulns</span> <span class='ocrx_word' id='word_1_21' title='bbox 880 622 1043 666; x_wconf 82' lang='lat' dir='ltr'>quartus.</span> 
     </span>
    </p>
   </div>
   <div class='ocr_carea' id='block_1_5' title="bbox 343 698 1386 2000">
    <p class='ocr_par' dir='ltr' id='par_1_5' title="bbox 343 698 1386 2000">
     <span class='ocr_line' id='line_1_6' title="bbox 391 698 1372 755; baseline -0.014 -8"><span class='ocrx_word' id='word_1_22' title='bbox 391 711 586 755; x_wconf 84' lang='lat' dir='ltr'>Quantum</span> <span class='ocrx_word' id='word_1_23' title='bbox 625 705 676 744; x_wconf 85' lang='lat' dir='ltr'>ad</span> <span class='ocrx_word' id='word_1_24' title='bbox 725 705 922 752; x_wconf 88' lang='lat' dir='ltr'>quartum,</span> <span class='ocrx_word' id='word_1_25' title='bbox 963 700 1096 737; x_wconf 78' lang='lat' dir='ltr'>subdit</span> <span class='ocrx_word' id='word_1_26' title='bbox 1129 712 1136 736; x_wconf 78' lang='lat' dir='ltr'>z</span> <span class='ocrx_word' id='word_1_27' title='bbox 1172 698 1372 741; x_wconf 63' lang='lat' dir='ltr'>custodivi,</span> 
     </span>
     <span class='ocr_line' id='line_1_7' title="bbox 344 762 1370 821; baseline -0.014 -11"><span class='ocrx_word' id='word_1_28' title='bbox 344 771 456 821; x_wconf 83' lang='lat' dir='ltr'>quasi</span> <span class='ocrx_word' id='word_1_29' title='bbox 475 769 678 817; x_wconf 88' lang='lat' dir='ltr'>cloquium</span> <span class='ocrx_word' id='word_1_30' title='bbox 691 764 1022 815; x_wconf 85' lang='lat' dir='ltr'>propitiatorium,</span> <span class='ocrx_word' id='word_1_31' title='bbox 1037 762 1267 810; x_wconf 88' lang='lat' dir='ltr'>promittens</span> <span class='ocrx_word' id='word_1_32' title='bbox 1281 770 1370 807; x_wconf 85' lang='lat' dir='ltr'>pro-</span> 
     </span>
     <span class='ocr_line' id='line_1_8' title="bbox 343 825 1373 883; baseline -0.015 -11"><span class='ocrx_word' id='word_1_33' title='bbox 343 834 522 883; x_wconf 77' lang='lat' dir='ltr'>pitiatam</span> <span class='ocrx_word' id='word_1_34' title='bbox 547 830 746 868; x_wconf 85' lang='lat' dir='ltr'>confitenti</span> <span class='ocrx_word' id='word_1_35' title='bbox 771 829 1002 876; x_wconf 84' lang='lat' dir='ltr'>peccatum:</span> <span class='ocrx_word' id='word_1_36' title='bbox 1029 825 1236 868; x_wconf 76' lang='lat' dir='ltr'>custodivi,</span> <span class='ocrx_word' id='word_1_37' title='bbox 1270 832 1373 870; x_wconf 87' lang='lat' dir='ltr'>quo-</span> 
     </span>
     <span class='ocr_line' id='line_1_9' title="bbox 344 886 1372 935; baseline -0.015 -1"><span class='ocrx_word' id='word_1_38' title='bbox 344 895 496 934; x_wconf 76' lang='lat' dir='ltr'>modo?</span> <span class='ocrx_word' id='word_1_39' title='bbox 523 894 728 932; x_wconf 85' lang='lat' dir='ltr'>Peccatum</span> <span class='ocrx_word' id='word_1_40' title='bbox 753 889 994 934; x_wconf 80' lang='lat' dir='ltr'>confitendo,</span> <span class='ocrx_word' id='word_1_41' title='bbox 1015 886 1271 935; x_wconf 87' lang='lat' dir='ltr'>propitiatum</span> <span class='ocrx_word' id='word_1_42' title='bbox 1303 894 1372 930; x_wconf 87' lang='lat' dir='ltr'>pe-</span> 
     </span>
     <span class='ocr_line' id='line_1_10' title="bbox 345 945 1377 1002; baseline -0.016 -6"><span class='ocrx_word' id='word_1_43' title='bbox 345 957 478 996; x_wconf 86' lang='lat' dir='ltr'>tendo.</span> <span class='ocrx_word' id='word_1_44' title='bbox 500 959 544 994; x_wconf 87' lang='lat' dir='ltr'>Et</span> <span class='ocrx_word' id='word_1_45' title='bbox 561 958 667 1002; x_wconf 84' lang='lat' dir='ltr'>nota,</span> <span class='ocrx_word' id='word_1_46' title='bbox 706 953 817 1002; x_wconf 91' lang='lat' dir='ltr'>quod</span> <span class='ocrx_word' id='word_1_47' title='bbox 838 952 878 989; x_wconf 91' lang='lat' dir='ltr'>in</span> <span class='ocrx_word' id='word_1_48' title='bbox 906 951 979 987; x_wconf 89' lang='lat' dir='ltr'>hac</span> <span class='ocrx_word' id='word_1_49' title='bbox 1015 947 1192 985; x_wconf 85' lang='lat' dir='ltr'>custodia</span> <span class='ocrx_word' id='word_1_50' title='bbox 1231 945 1377 982; x_wconf 86' lang='lat' dir='ltr'>debent</span> 
     </span>
     <span class='ocr_line' id='line_1_11' title="bbox 348 1007 1371 1067; baseline -0.018 -7"><span class='ocrx_word' id='word_1_51' title='bbox 348 1033 430 1060; x_wconf 87' lang='lat' dir='ltr'>esse</span> <span class='ocrx_word' id='word_1_52' title='bbox 449 1021 536 1067; x_wconf 89' lang='lat' dir='ltr'>tria,</span> <span class='ocrx_word' id='word_1_53' title='bbox 557 1019 700 1057; x_wconf 87' lang='lat' dir='ltr'>scilicet</span> <span class='ocrx_word' id='word_1_54' title='bbox 724 1016 885 1064; x_wconf 72' lang='lat' dir='ltr'>Justitia‚</span> <span class='ocrx_word' id='word_1_55' title='bbox 924 1011 1148 1061; x_wconf 88' lang='lat' dir='ltr'>prudentia,</span> <span class='ocrx_word' id='word_1_56' title='bbox 1168 1007 1340 1056; x_wconf 83' lang='lat' dir='ltr'>potentia</span> <span class='ocrx_word' id='word_1_57' title='bbox 1363 1019 1371 1043; x_wconf 94' lang='lat'>:</span> 
     </span>
     <span class='ocr_line' id='line_1_12' title="bbox 347 1069 1376 1133; baseline -0.018 -10"><span class='ocrx_word' id='word_1_58' title='bbox 347 1084 490 1133; x_wconf 87' lang='lat' dir='ltr'>prima,</span> <span class='ocrx_word' id='word_1_59' title='bbox 510 1084 552 1120; x_wconf 94' lang='lat' dir='ltr'>ut</span> <span class='ocrx_word' id='word_1_60' title='bbox 565 1079 836 1128; x_wconf 81' lang='lat' dir='ltr'>reumjudicet</span> <span class='ocrx_word' id='word_1_61' title='bbox 854 1077 894 1114; x_wconf 88' lang='lat' dir='ltr'>in</span> <span class='ocrx_word' id='word_1_62' title='bbox 915 1073 1164 1119; x_wconf 74' lang='lat' dir='ltr'>contritione,</span> <span class='ocrx_word' id='word_1_63' title='bbox 1186 1069 1376 1114; x_wconf 87' lang='lat' dir='ltr'>secunda,</span> 
     </span>
     <span class='ocr_line' id='line_1_13' title="bbox 349 1134 1377 1192; baseline -0.017 -8"><span class='ocrx_word' id='word_1_64' title='bbox 349 1148 391 1184; x_wconf 93' lang='lat' dir='ltr'>ut</span> <span class='ocrx_word' id='word_1_65' title='bbox 404 1156 494 1183; x_wconf 89' lang='lat' dir='ltr'>eum</span> <span class='ocrx_word' id='word_1_66' title='bbox 511 1144 659 1192; x_wconf 84' lang='lat' dir='ltr'>judicet</span> <span class='ocrx_word' id='word_1_67' title='bbox 678 1143 718 1178; x_wconf 89' lang='lat' dir='ltr'>in</span> <span class='ocrx_word' id='word_1_68' title='bbox 738 1139 981 1178; x_wconf 85' lang='lat' dir='ltr'>confessione</span> <span class='ocrx_word' id='word_1_69' title='bbox 998 1150 1008 1183; x_wconf 80' lang='lat'><em>3</em></span> <span class='ocrx_word' id='word_1_70' title='bbox 1035 1135 1161 1180; x_wconf 85' lang='lat' dir='ltr'>tertia,</span> <span class='ocrx_word' id='word_1_71' title='bbox 1182 1135 1225 1169; x_wconf 85' lang='lat' dir='ltr'>ut</span> <span class='ocrx_word' id='word_1_72' title='bbox 1256 1134 1377 1168; x_wconf 84' lang='lat' dir='ltr'>Deum</span> 
     </span>
     <span class='ocr_line' id='line_1_14' title="bbox 349 1195 1378 1248; baseline -0.014 -3"><span class='ocrx_word' id='word_1_73' title='bbox 349 1207 520 1245; x_wconf 78' lang='lat' dir='ltr'>vindicet</span> <span class='ocrx_word' id='word_1_74' title='bbox 533 1207 573 1243; x_wconf 91' lang='lat' dir='ltr'>in</span> <span class='ocrx_word' id='word_1_75' title='bbox 592 1204 864 1242; x_wconf 75' lang='lat' dir='ltr'><strong>satisfactione.</strong></span> <span class='ocrx_word' id='word_1_76' title='bbox 886 1203 936 1238; x_wconf 88' lang='lat' dir='ltr'>Dc</span> <span class='ocrx_word' id='word_1_77' title='bbox 970 1200 1100 1248; x_wconf 82' lang='lat' dir='ltr'>primo</span> <span class='ocrx_word' id='word_1_78' title='bbox 1119 1198 1131 1218; x_wconf 71' lang='lat'>‘²</span> <span class='ocrx_word' id='word_1_79' title='bbox 1158 1209 1165 1233; x_wconf 91' lang='lat'>:</span> <span class='ocrx_word' id='word_1_80' title='bbox 1194 1208 1211 1231; x_wconf 84' lang='lat'>«</span> <span class='ocrx_word' id='word_1_81' title='bbox 1229 1195 1378 1233; x_wconf 87' lang='lat' dir='ltr'>Justitia</span> 
     </span>
     <span class='ocr_line' id='line_1_15' title="bbox 351 1257 1376 1308; baseline -0.016 0"><span class='ocrx_word' id='word_1_82' title='bbox 351 1269 519 1308; x_wconf 82' lang='lat' dir='ltr'>custodit</span> <span class='ocrx_word' id='word_1_83' title='bbox 555 1257 772 1304; x_wconf 84' lang='lat' dir='ltr'>innoce&#39;ntis</span> <span class='ocrx_word' id='word_1_84' title='bbox 810 1265 930 1302; x_wconf 85' lang='lat' dir='ltr'>viam.</span> <span class='ocrx_word' id='word_1_85' title='bbox 965 1276 983 1298; x_wconf 82' lang='grc'>»</span> <span class='ocrx_word' id='word_1_86' title='bbox 1023 1261 1250 1299; x_wconf 83' lang='lat' dir='ltr'>innocentes</span> <span class='ocrx_word' id='word_1_87' title='bbox 1288 1257 1376 1294; x_wconf 86' lang='lat' dir='ltr'>dico</span> 
     </span>
     <span class='ocr_line' id='line_1_16' title="bbox 351 1322 1378 1378; baseline -0.015 -8"><span class='ocrx_word' id='word_1_88' title='bbox 351 1337 430 1370; x_wconf 87' lang='lat' dir='ltr'>tam</span> <span class='ocrx_word' id='word_1_89' title='bbox 448 1332 565 1377; x_wconf 81' lang='lat' dir='ltr'>facto,</span> <span class='ocrx_word' id='word_1_90' title='bbox 588 1340 709 1378; x_wconf 89' lang='lat' dir='ltr'>quam</span> <span class='ocrx_word' id='word_1_91' title='bbox 724 1329 818 1365; x_wconf 88' lang='lat' dir='ltr'>voto</span> <span class='ocrx_word' id='word_1_92' title='bbox 852 1340 862 1362; x_wconf 71' lang='grc' dir='ltr'><strong><em>ε</em></strong></span> <span class='ocrx_word' id='word_1_93' title='bbox 897 1335 989 1362; x_wconf 89' lang='lat' dir='ltr'>nam</span> <span class='ocrx_word' id='word_1_94' title='bbox 1027 1325 1190 1370; x_wconf 83' lang='lat' dir='ltr'>uterque</span> <span class='ocrx_word' id='word_1_95' title='bbox 1224 1322 1378 1358; x_wconf 84' lang='lat' dir='ltr'>reatum</span> 
     </span>
     <span class='ocr_line' id='line_1_17' title="bbox 352 1382 1376 1441; baseline -0.015 -9"><span class='ocrx_word' id='word_1_96' title='bbox 352 1393 635 1441; x_wconf 82' lang='lat' dir='ltr'>suumjudieat</span> <span class='ocrx_word' id='word_1_97' title='bbox 655 1390 751 1428; x_wconf 86' lang='lat' dir='ltr'>:sed</span> <span class='ocrx_word' id='word_1_98' title='bbox 778 1389 844 1426; x_wconf 91' lang='lat' dir='ltr'>ille</span> <span class='ocrx_word' id='word_1_99' title='bbox 876 1388 1080 1432; x_wconf 88' lang='lat' dir='ltr'>leviorem,</span> <span class='ocrx_word' id='word_1_100' title='bbox 1116 1385 1185 1421; x_wconf 87' lang='lat' dir='ltr'>iste</span> <span class='ocrx_word' id='word_1_101' title='bbox 1218 1382 1376 1429; x_wconf 79' lang='lat' dir='ltr'>grav10-</span> 
     </span>
     <span class='ocr_line' id='line_1_18' title="bbox 352 1445 1378 1504; baseline -0.015 -9"><span class='ocrx_word' id='word_1_102' title='bbox 352 1468 435 1495; x_wconf 89' lang='lat' dir='ltr'>rem</span> <span class='ocrx_word' id='word_1_103' title='bbox 445 1470 455 1504; x_wconf 85' lang='lat'>3</span> <span class='ocrx_word' id='word_1_104' title='bbox 467 1456 533 1494; x_wconf 89' lang='lat' dir='ltr'>ille</span> <span class='ocrx_word' id='word_1_105' title='bbox 547 1454 759 1498; x_wconf 88' lang='lat' dir='ltr'>venialem,</span> <span class='ocrx_word' id='word_1_106' title='bbox 773 1452 841 1489; x_wconf 90' lang='lat' dir='ltr'>iste</span> <span class='ocrx_word' id='word_1_107' title='bbox 856 1450 1076 1488; x_wconf 77' lang='lat' dir='ltr'>mortalem.</span> <span class='ocrx_word' id='word_1_108' title='bbox 1092 1449 1141 1484; x_wconf 87' lang='lat' dir='ltr'>De</span> <span class='ocrx_word' id='word_1_109' title='bbox 1156 1445 1329 1483; x_wconf 88' lang='lat' dir='ltr'>seeundo</span> <span class='ocrx_word' id='word_1_110' title='bbox 1345 1446 1378 1480; x_wconf 78' lang='lat'>³:</span> 
     </span>
     <span class='ocr_line' id='line_1_19' title="bbox 358 1508 1380 1557; baseline -0.014 1"><span class='ocrx_word' id='word_1_111' title='bbox 358 1536 375 1554; x_wconf 88' lang='lat'>«</span> <span class='ocrx_word' id='word_1_112' title='bbox 395 1519 602 1557; x_wconf 81' lang='lat' dir='ltr'>Prudentia</span> <span class='ocrx_word' id='word_1_113' title='bbox 636 1515 804 1554; x_wconf 83' lang='lat' dir='ltr'>custodit</span> <span class='ocrx_word' id='word_1_114' title='bbox 839 1516 1036 1551; x_wconf 85' lang='lat' dir='ltr'>rectorum</span> <span class='ocrx_word' id='word_1_115' title='bbox 1066 1511 1231 1548; x_wconf 87' lang='lat' dir='ltr'>salutem</span> <span class='ocrx_word' id='word_1_116' title='bbox 1253 1521 1262 1545; x_wconf 87' lang='grc'>;</span> <span class='ocrx_word' id='word_1_117' title='bbox 1287 1522 1304 1542; x_wconf 84' lang='lat'>»</span> <span class='ocrx_word' id='word_1_118' title='bbox 1327 1508 1380 1545; x_wconf 89' lang='lat' dir='ltr'>ita</span> 
     </span>
     <span class='ocr_line' id='line_1_20' title="bbox 354 1571 1382 1631; baseline -0.015 -10"><span class='ocrx_word' id='word_1_119' title='bbox 354 1582 516 1631; x_wconf 88' lang='lat' dir='ltr'>quidem</span> <span class='ocrx_word' id='word_1_120' title='bbox 534 1592 605 1629; x_wconf 91' lang='lat' dir='ltr'>per</span> <span class='ocrx_word' id='word_1_121' title='bbox 624 1578 911 1617; x_wconf 83' lang='lat' dir='ltr'>confessionem</span> <span class='ocrx_word' id='word_1_122' title='bbox 939 1576 1163 1618; x_wconf 86' lang='lat' dir='ltr'>salutarem,</span> <span class='ocrx_word' id='word_1_123' title='bbox 1197 1571 1382 1620; x_wconf 85' lang='lat' dir='ltr'>quando-</span> 
     </span>
     <span class='ocr_line' id='line_1_21' title="bbox 355 1634 1378 1693; baseline -0.013 -11"><span class='ocrx_word' id='word_1_124' title='bbox 355 1644 517 1693; x_wconf 81' lang='lat' dir='ltr'>quidem</span> <span class='ocrx_word' id='word_1_125' title='bbox 535 1645 682 1680; x_wconf 88' lang='lat' dir='ltr'>rectam</span> <span class='ocrx_word' id='word_1_126' title='bbox 713 1641 860 1678; x_wconf 82' lang='lat' dir='ltr'>indicat</span> <span class='ocrx_word' id='word_1_127' title='bbox 884 1638 1100 1676; x_wconf 54' lang='lat' dir='ltr'>veritatem.</span> <span class='ocrx_word' id='word_1_128' title='bbox 1135 1639 1185 1672; x_wconf 89' lang='lat' dir='ltr'>De</span> <span class='ocrx_word' id='word_1_129' title='bbox 1209 1634 1318 1671; x_wconf 88' lang='lat' dir='ltr'>tertio</span> <span class='ocrx_word' id='word_1_130' title='bbox 1340 1635 1348 1655; x_wconf 68' lang='lat'>²¹</span> <span class='ocrx_word' id='word_1_131' title='bbox 1370 1645 1378 1669; x_wconf 91' lang='grc'>;</span> 
     </span>
     <span class='ocr_line' id='line_1_22' title="bbox 359 1698 1381 1749; baseline -0.014 -5"><span class='ocrx_word' id='word_1_132' title='bbox 359 1722 376 1739; x_wconf 88' lang='lat'>«</span> <span class='ocrx_word' id='word_1_133' title='bbox 395 1705 592 1744; x_wconf 89' lang='lat' dir='ltr'>Custodiet</span> <span class='ocrx_word' id='word_1_134' title='bbox 611 1715 673 1741; x_wconf 92' lang='lat' dir='ltr'>me</span> <span class='ocrx_word' id='word_1_135' title='bbox 705 1704 745 1740; x_wconf 89' lang='lat' dir='ltr'>in</span> <span class='ocrx_word' id='word_1_136' title='bbox 776 1712 847 1739; x_wconf 88' lang='lat' dir='ltr'>sua</span> <span class='ocrx_word' id='word_1_137' title='bbox 880 1699 1067 1749; x_wconf 86' lang='lat' dir='ltr'>potentia,</span> <span class='ocrx_word' id='word_1_138' title='bbox 1103 1700 1139 1734; x_wconf 85' lang='lat' dir='ltr'>et</span> <span class='ocrx_word' id='word_1_139' title='bbox 1168 1698 1280 1733; x_wconf 85' lang='lat' dir='ltr'>erunt</span> <span class='ocrx_word' id='word_1_140' title='bbox 1317 1705 1381 1732; x_wconf 90' lang='lat' dir='ltr'>ac-</span> 
     </span>
     <span class='ocr_line' id='line_1_23' title="bbox 358 1757 1383 1816; baseline -0.012 -11"><span class='ocrx_word' id='word_1_141' title='bbox 358 1771 468 1816; x_wconf 90' lang='lat' dir='ltr'>cepta</span> <span class='ocrx_word' id='word_1_142' title='bbox 507 1777 627 1815; x_wconf 91' lang='lat' dir='ltr'>opera</span> <span class='ocrx_word' id='word_1_143' title='bbox 658 1776 746 1802; x_wconf 87' lang='lat' dir='ltr'>mea</span> <span class='ocrx_word' id='word_1_144' title='bbox 775 1776 816 1801; x_wconf 85' lang='lat'>:»</span> <span class='ocrx_word' id='word_1_145' title='bbox 840 1764 894 1800; x_wconf 89' lang='lat' dir='ltr'>ita</span> <span class='ocrx_word' id='word_1_146' title='bbox 910 1763 1028 1810; x_wconf 90' lang='lat' dir='ltr'>plane</span> <span class='ocrx_word' id='word_1_147' title='bbox 1054 1759 1222 1797; x_wconf 79' lang='lat' dir='ltr'>custodit</span> <span class='ocrx_word' id='word_1_148' title='bbox 1248 1757 1383 1794; x_wconf 85' lang='lat' dir='ltr'>divina</span> 
     </span>
     <span class='ocr_line' id='line_1_24' title="bbox 357 1820 1382 1877; baseline -0.013 -10"><span class='ocrx_word' id='word_1_149' title='bbox 357 1829 547 1877; x_wconf 88' lang='lat' dir='ltr'>sapientia</span> <span class='ocrx_word' id='word_1_150' title='bbox 567 1829 606 1864; x_wconf 90' lang='lat' dir='ltr'>in</span> <span class='ocrx_word' id='word_1_151' title='bbox 625 1826 900 1871; x_wconf 80' lang='lat' dir='ltr'>satisfactione,</span> <span class='ocrx_word' id='word_1_152' title='bbox 923 1820 1279 1861; x_wconf 87' lang='lat' dir='ltr'>commensurando</span> <span class='ocrx_word' id='word_1_153' title='bbox 1295 1820 1382 1855; x_wconf 80' lang='lat' dir='ltr'>vin--</span> 
     </span>
     <span class='ocr_line' id='line_1_25' title="bbox 358 1881 1386 1937; baseline -0.012 -8"><span class='ocrx_word' id='word_1_154' title='bbox 358 1893 503 1929; x_wconf 89' lang='lat' dir='ltr'>dictam</span> <span class='ocrx_word' id='word_1_155' title='bbox 522 1890 692 1937; x_wconf 74' lang='lat' dir='ltr'>injuriae,</span> <span class='ocrx_word' id='word_1_156' title='bbox 707 1892 743 1926; x_wconf 87' lang='lat' dir='ltr'>et</span> <span class='ocrx_word' id='word_1_157' title='bbox 761 1888 865 1933; x_wconf 89' lang='lat' dir='ltr'>facit,</span> <span class='ocrx_word' id='word_1_158' title='bbox 877 1887 987 1935; x_wconf 87' lang='lat' dir='ltr'>quod</span> <span class='ocrx_word' id='word_1_159' title='bbox 999 1895 1119 1934; x_wconf 86' lang='lat' dir='ltr'>opera</span> <span class='ocrx_word' id='word_1_160' title='bbox 1131 1881 1386 1921; x_wconf 79' lang='lat' dir='ltr'>satisfactoria</span> 
     </span>
     <span class='ocr_line' id='line_1_26' title="bbox 359 1950 902 2000; baseline -0.011 -9"><span class='ocrx_word' id='word_1_161' title='bbox 359 1955 434 1991; x_wconf 88' lang='lat' dir='ltr'>sint</span> <span class='ocrx_word' id='word_1_162' title='bbox 453 1954 573 2000; x_wconf 86' lang='lat' dir='ltr'>digna</span> <span class='ocrx_word' id='word_1_163' title='bbox 593 1952 818 1999; x_wconf 83' lang='lat' dir='ltr'>acceptione</span> <span class='ocrx_word' id='word_1_164' title='bbox 841 1950 902 1996; x_wconf 81' lang='lat' dir='ltr'>(a).</span> 
     </span>
    </p>
   </div>
   <div class='ocr_carea' id='block_1_6' title="bbox 791 2057 962 2099">
    <p class='ocr_par' dir='ltr' id='par_1_6' title="bbox 791 2057 962 2099">
     <span class='ocr_line' id='line_1_27' title="bbox 791 2057 962 2099; baseline -0.018 -8"><span class='ocrx_word' id='word_1_165' title='bbox 791 2057 962 2099; x_wconf 64' lang='lat' dir='ltr'>Epilogus</span> 
     </span>
    </p>
   </div>
   <div class='ocr_carea' id='block_1_7' title="bbox 363 2134 1392 2436">
    <p class='ocr_par' dir='ltr' id='par_1_7' title="bbox 363 2134 1392 2436">
     <span class='ocr_line' id='line_1_28' title="bbox 409 2134 1388 2190; baseline -0.011 -11"><span class='ocrx_word' id='word_1_166' title='bbox 409 2143 544 2190; x_wconf 90' lang='lat' dir='ltr'>Liquet</span> <span class='ocrx_word' id='word_1_167' title='bbox 562 2141 693 2188; x_wconf 86' lang='lat' dir='ltr'>itaque</span> <span class='ocrx_word' id='word_1_168' title='bbox 712 2149 792 2176; x_wconf 71' lang='lat' dir='ltr'>vox</span> <span class='ocrx_word' id='word_1_169' title='bbox 810 2137 1010 2185; x_wconf 67' lang='lat' dir='ltr'>Prophetae</span> <span class='ocrx_word' id='word_1_170' title='bbox 1040 2134 1283 2172; x_wconf 82' lang='lat' dir='ltr'>curationem</span> <span class='ocrx_word' id='word_1_171' title='bbox 1302 2143 1388 2169; x_wconf 88' lang='lat' dir='ltr'>ma-</span> 
     </span>
     <span class='ocr_line' id='line_1_29' title="bbox 363 2198 1391 2244; baseline -0.013 -2"><span class='ocrx_word' id='word_1_172' title='bbox 363 2205 548 2242; x_wconf 83' lang='lat' dir='ltr'>nifestans</span> <span class='ocrx_word' id='word_1_173' title='bbox 578 2201 792 2239; x_wconf 72' lang='lat' dir='ltr'>memoriae.</span> <span class='ocrx_word' id='word_1_174' title='bbox 828 2201 1044 2244; x_wconf 77' lang='lat' dir='ltr'>Priusquam</span> <span class='ocrx_word' id='word_1_175' title='bbox 1063 2198 1288 2240; x_wconf 65' lang='lat' dir='ltr'>humiliarer,</span> <span class='ocrx_word' id='word_1_176' title='bbox 1320 2205 1391 2241; x_wconf 88' lang='lat' dir='ltr'>per</span> 
     </span>
     <span class='ocr_line' id='line_1_30' title="bbox 363 2257 1392 2306; baseline -0.012 -2"><span class='ocrx_word' id='word_1_177' title='bbox 363 2268 546 2304; x_wconf 88' lang='lat' dir='ltr'>timorem</span> <span class='ocrx_word' id='word_1_178' title='bbox 563 2263 667 2301; x_wconf 89' lang='lat' dir='ltr'>male</span> <span class='ocrx_word' id='word_1_179' title='bbox 678 2261 964 2305; x_wconf 76' lang='lat' dir='ltr'>humiliantem,</span> <span class='ocrx_word' id='word_1_180' title='bbox 981 2261 1169 2306; x_wconf 87' lang='lat' dir='ltr'>quantum</span> <span class='ocrx_word' id='word_1_181' title='bbox 1187 2257 1238 2292; x_wconf 82' lang='lat' dir='ltr'>ad</span> <span class='ocrx_word' id='word_1_182' title='bbox 1257 2266 1392 2304; x_wconf 84' lang='lat' dir='ltr'>pecca-</span> 
     </span>
     <span class='ocr_line' id='line_1_31' title="bbox 364 2318 1392 2366; baseline -0.014 0"><span class='ocrx_word' id='word_1_183' title='bbox 364 2331 445 2366; x_wconf 90' lang='lat' dir='ltr'>tum</span> <span class='ocrx_word' id='word_1_184' title='bbox 466 2326 741 2364; x_wconf 86' lang='lat' dir='ltr'>commissum:</span> <span class='ocrx_word' id='word_1_185' title='bbox 766 2334 852 2360; x_wconf 80' lang='lat' dir='ltr'>ecce</span> <span class='ocrx_word' id='word_1_186' title='bbox 873 2321 1064 2358; x_wconf 89' lang='lat' dir='ltr'>memoria</span> <span class='ocrx_word' id='word_1_187' title='bbox 1083 2318 1392 2363; x_wconf 83' lang='lat' dir='ltr'>commissionis;</span> 
     </span>
     <span class='ocr_line' id='line_1_32' title="bbox 366 2381 1391 2436; baseline -0.012 -10"><span class='ocrx_word' id='word_1_188' title='bbox 366 2392 439 2436; x_wconf 75' lang='lat'><em>1390</em></span> <span class='ocrx_word' id='word_1_189' title='bbox 455 2390 606 2435; x_wconf 76' lang='lat' dir='ltr'>deliqui,</span> <span class='ocrx_word' id='word_1_190' title='bbox 626 2398 695 2435; x_wconf 86' lang='lat' dir='ltr'>per</span> <span class='ocrx_word' id='word_1_191' title='bbox 727 2395 904 2423; x_wconf 90' lang='lat' dir='ltr'>amorem</span> <span class='ocrx_word' id='word_1_192' title='bbox 931 2383 1034 2420; x_wconf 86' lang='lat' dir='ltr'>male</span> <span class='ocrx_word' id='word_1_193' title='bbox 1066 2381 1391 2425; x_wconf 82' lang='lat' dir='ltr'>inflammantem,</span> 
     </span>
    </p>
   </div>
   <div class='ocr_carea' id='block_1_8' title="bbox 365 2445 1396 2501">
    <p class='ocr_par' dir='ltr' id='par_1_8' title="bbox 365 2445 1396 2501">
     <span class='ocr_line' id='line_1_33' title="bbox 365 2445 1396 2501; baseline -0.014 -11"><span class='ocrx_word' id='word_1_194' title='bbox 365 2455 557 2501; x_wconf 88' lang='lat' dir='ltr'>quantum</span> <span class='ocrx_word' id='word_1_195' title='bbox 595 2450 647 2487; x_wconf 93' lang='lat' dir='ltr'>ad</span> <span class='ocrx_word' id='word_1_196' title='bbox 686 2449 918 2486; x_wconf 88' lang='lat' dir='ltr'>mandatum</span> <span class='ocrx_word' id='word_1_197' title='bbox 949 2445 1137 2483; x_wconf 87' lang='lat' dir='ltr'>omissum</span> <span class='ocrx_word' id='word_1_198' title='bbox 1165 2455 1172 2479; x_wconf 94' lang='lat'>:</span> <span class='ocrx_word' id='word_1_199' title='bbox 1197 2452 1286 2479; x_wconf 89' lang='lat' dir='ltr'>eece</span> <span class='ocrx_word' id='word_1_200' title='bbox 1317 2452 1396 2477; x_wconf 87' lang='lat' dir='ltr'>me—</span> 
     </span>
    </p>
   </div>
   <div class='ocr_carea' id='block_1_9' title="bbox 366 2507 1398 2801">
    <p class='ocr_par' dir='ltr' id='par_1_9' title="bbox 366 2507 1398 2801">
     <span class='ocr_line' id='line_1_34' title="bbox 366 2507 1394 2556; baseline -0.015 -4"><span class='ocrx_word' id='word_1_201' title='bbox 366 2514 494 2552; x_wconf 88' lang='lat' dir='ltr'>moria</span> <span class='ocrx_word' id='word_1_202' title='bbox 531 2512 770 2556; x_wconf 79' lang='lat' dir='ltr'>omissionis3</span> <span class='ocrx_word' id='word_1_203' title='bbox 817 2513 1007 2556; x_wconf 67' lang='lat' dir='ltr'>Propterea</span> <span class='ocrx_word' id='word_1_204' title='bbox 1058 2507 1234 2552; x_wconf 72' lang='lat' dir='ltr'>eloquium</span> <span class='ocrx_word' id='word_1_205' title='bbox 1279 2507 1394 2548; x_wconf 78' lang='lat' dir='ltr'>tuum,</span> 
     </span>
     <span class='ocr_line' id='line_1_35' title="bbox 367 2567 1395 2625; baseline -0.015 -11"><span class='ocrx_word' id='word_1_206' title='bbox 367 2578 559 2625; x_wconf 88' lang='lat' dir='ltr'>quantum</span> <span class='ocrx_word' id='word_1_207' title='bbox 598 2574 650 2611; x_wconf 91' lang='lat' dir='ltr'>ad</span> <span class='ocrx_word' id='word_1_208' title='bbox 693 2572 946 2621; x_wconf 87' lang='lat' dir='ltr'>propitiatum</span> <span class='ocrx_word' id='word_1_209' title='bbox 983 2567 1222 2616; x_wconf 84' lang='lat' dir='ltr'>promissum</span> <span class='ocrx_word' id='word_1_210' title='bbox 1257 2577 1265 2601; x_wconf 88' lang='lat'><strong>:</strong></span> <span class='ocrx_word' id='word_1_211' title='bbox 1307 2574 1395 2600; x_wconf 89' lang='lat' dir='ltr'>ecce</span> 
     </span>
     <span class='ocr_line' id='line_1_36' title="bbox 368 2627 1394 2685; baseline -0.015 -7"><span class='ocrx_word' id='word_1_212' title='bbox 368 2638 560 2677; x_wconf 89' lang='lat' dir='ltr'>memoria</span> <span class='ocrx_word' id='word_1_213' title='bbox 578 2635 867 2685; x_wconf 89' lang='lat' dir='ltr'>promissionis;</span> <span class='ocrx_word' id='word_1_214' title='bbox 902 2633 1103 2676; x_wconf 72' lang='lat' dir='ltr'>Custodivz&#39;,</span> <span class='ocrx_word' id='word_1_215' title='bbox 1131 2631 1324 2677; x_wconf 88' lang='lat' dir='ltr'>quantum</span> <span class='ocrx_word' id='word_1_216' title='bbox 1343 2627 1394 2664; x_wconf 88' lang='lat' dir='ltr'>ad</span> 
     </span>
     <span class='ocr_line' id='line_1_37' title="bbox 369 2695 1398 2749; baseline -0.013 -10"><span class='ocrx_word' id='word_1_217' title='bbox 369 2702 557 2749; x_wconf 86' lang='lat' dir='ltr'>gemitum</span> <span class='ocrx_word' id='word_1_218' title='bbox 568 2697 880 2746; x_wconf 88' lang='lat' dir='ltr'>compunctionis</span> <span class='ocrx_word' id='word_1_219' title='bbox 890 2695 1109 2733; x_wconf 88' lang='lat' dir='ltr'>immissum</span> <span class='ocrx_word' id='word_1_220' title='bbox 1122 2705 1130 2729; x_wconf 89' lang='grc'>;</span> <span class='ocrx_word' id='word_1_221' title='bbox 1147 2702 1235 2729; x_wconf 88' lang='lat' dir='ltr'>ecce</span> <span class='ocrx_word' id='word_1_222' title='bbox 1249 2700 1398 2728; x_wconf 88' lang='lat' dir='ltr'>memo-</span> 
     </span>
     <span class='ocr_line' id='line_1_38' title="bbox 371 2761 716 2801; baseline -0.012 0"><span class='ocrx_word' id='word_1_223' title='bbox 371 2764 430 2801; x_wconf 83' lang='lat' dir='ltr'>ria</span> <span class='ocrx_word' id='word_1_224' title='bbox 451 2761 716 2800; x_wconf 81' lang='lat' dir='ltr'>immissionis.</span> 
     </span>
    </p>
   </div>
   <div class='ocr_carea' id='block_1_10' title="bbox 738 2901 1031 2932">
    <p class='ocr_par' dir='ltr' id='par_1_10' title="bbox 738 2901 1031 2932">
     <span class='ocr_line' id='line_1_39' title="bbox 738 2901 1031 2932; baseline -0.017 -1"><span class='ocrx_word' id='word_1_225' title='bbox 738 2902 957 2932; x_wconf 74' lang='lat' dir='ltr'>vssnslctJLus</span> <span class='ocrx_word' id='word_1_226' title='bbox 981 2901 1031 2927; x_wconf 77' lang='lat' dir='ltr'>lv.</span> 
     </span>
    </p>
   </div>
   <div class='ocr_carea' id='block_1_11' title="bbox 373 3000 1400 3432">
    <p class='ocr_par' dir='ltr' id='par_1_11' title="bbox 373 3000 1400 3432">
     <span class='ocr_line' id='line_1_40' title="bbox 420 3000 1399 3052; baseline -0.013 -4"><span class='ocrx_word' id='word_1_227' title='bbox 420 3014 478 3049; x_wconf 82' lang='grc'>68.</span> <span class='ocrx_word' id='word_1_228' title='bbox 495 3013 611 3047; x_wconf 79' lang='lat' dir='ltr'>Bonus</span> <span class='ocrx_word' id='word_1_229' title='bbox 625 3019 658 3046; x_wconf 85' lang='lat' dir='ltr'>es</span> <span class='ocrx_word' id='word_1_230' title='bbox 677 3012 730 3052; x_wconf 75' lang='lat' dir='ltr'>tit,</span> <span class='ocrx_word' id='word_1_231' title='bbox 745 3010 814 3043; x_wconf 87' lang='lat' dir='ltr'>etc.</span> <span class='ocrx_word' id='word_1_232' title='bbox 831 3004 1088 3042; x_wconf 77' lang='lat' dir='ltr'>praenuntiata</span> <span class='ocrx_word' id='word_1_233' title='bbox 1107 3000 1307 3038; x_wconf 84' lang='lat' dir='ltr'>curatione</span> <span class='ocrx_word' id='word_1_234' title='bbox 1328 3010 1399 3046; x_wconf 85' lang='lat' dir='ltr'>ap-</span> 
     </span>
     <span class='ocr_line' id='line_1_41' title="bbox 373 3063 1399 3123; baseline -0.016 -11"><span class='ocrx_word' id='word_1_235' title='bbox 373 3072 628 3123; x_wconf 83' lang='lat' dir='ltr'>prehensivae,</span> <span class='ocrx_word' id='word_1_236' title='bbox 642 3068 873 3117; x_wconf 82' lang='lat' dir='ltr'>appetitivoe,</span> <span class='ocrx_word' id='word_1_237' title='bbox 890 3069 1005 3113; x_wconf 89' lang='lat' dir='ltr'>atque</span> <span class='ocrx_word' id='word_1_238' title='bbox 1023 3063 1309 3107; x_wconf 57' lang='lat' dir='ltr'>memoratu-2125</span> <span class='ocrx_word' id='word_1_239' title='bbox 1329 3072 1399 3097; x_wconf 88' lang='lat' dir='ltr'>no-</span> 
     </span>
     <span class='ocr_line' id='line_1_42' title="bbox 373 3124 1400 3173; baseline -0.016 1"><span class='ocrx_word' id='word_1_240' title='bbox 373 3136 530 3173; x_wconf 87' lang='lat' dir='ltr'>vissime</span> <span class='ocrx_word' id='word_1_241' title='bbox 547 3132 747 3170; x_wconf 88' lang='lat' dir='ltr'>nuntiatur</span> <span class='ocrx_word' id='word_1_242' title='bbox 769 3129 917 3166; x_wconf 84' lang='lat' dir='ltr'>curatio</span> <span class='ocrx_word' id='word_1_243' title='bbox 938 3127 1093 3164; x_wconf 63' lang='lat' dir='ltr'>motivae</span> <span class='ocrx_word' id='word_1_244' title='bbox 1106 3126 1186 3161; x_wconf 87' lang='lat' dir='ltr'>sive</span> <span class='ocrx_word' id='word_1_245' title='bbox 1205 3124 1400 3170; x_wconf 73' lang='lat' dir='ltr'>grossivae,</span> 
     </span>
     <span class='ocr_line' id='line_1_43' title="bbox 375 3186 1399 3246; baseline -0.016 -10"><span class='ocrx_word' id='word_1_246' title='bbox 375 3208 494 3246; x_wconf 88' lang='lat' dir='ltr'>quam</span> <span class='ocrx_word' id='word_1_247' title='bbox 514 3195 666 3233; x_wconf 84' lang='lat' dir='ltr'>nuntiat</span> <span class='ocrx_word' id='word_1_248' title='bbox 693 3193 761 3230; x_wconf 89' lang='lat' dir='ltr'>iste</span> <span class='ocrx_word' id='word_1_249' title='bbox 787 3201 936 3234; x_wconf 80' lang='lat' dir='ltr'>versuS,</span> <span class='ocrx_word' id='word_1_250' title='bbox 961 3187 1164 3224; x_wconf 87' lang='lat' dir='ltr'>innuendo</span> <span class='ocrx_word' id='word_1_251' title='bbox 1183 3186 1399 3222; x_wconf 86' lang='lat' dir='ltr'>bonitatem</span> 
     </span>
     <span class='ocr_line' id='line_1_44' title="bbox 374 3251 1396 3308; baseline -0.015 -11"><span class='ocrx_word' id='word_1_252' title='bbox 374 3269 593 3308; x_wconf 80' lang='lat' dir='ltr'>aggressus,</span> <span class='ocrx_word' id='word_1_253' title='bbox 608 3264 853 3306; x_wconf 78' lang='lat' dir='ltr'>progressuS,</span> <span class='ocrx_word' id='word_1_254' title='bbox 868 3260 1115 3298; x_wconf 79' lang='lat' dir='ltr'>congressuS,</span> <span class='ocrx_word' id='word_1_255' title='bbox 1131 3251 1167 3285; x_wconf 88' lang='lat' dir='ltr'>et</span> <span class='ocrx_word' id='word_1_256' title='bbox 1185 3258 1396 3294; x_wconf 81' lang='lat' dir='ltr'>regressus,</span> 
     </span>
     <span class='ocr_line' id='line_1_45' title="bbox 373 3309 1397 3370; baseline -0.015 -10"><span class='ocrx_word' id='word_1_257' title='bbox 373 3321 564 3370; x_wconf 88' lang='lat' dir='ltr'>quoniam</span> <span class='ocrx_word' id='word_1_258' title='bbox 582 3320 624 3356; x_wconf 89' lang='lat' dir='ltr'>in</span> <span class='ocrx_word' id='word_1_259' title='bbox 645 3318 704 3355; x_wconf 88' lang='lat' dir='ltr'>his</span> <span class='ocrx_word' id='word_1_260' title='bbox 722 3315 852 3354; x_wconf 84' lang='lat' dir='ltr'>verbis</span> <span class='ocrx_word' id='word_1_261' title='bbox 889 3314 1046 3351; x_wconf 86' lang='lat' dir='ltr'>notatur</span> <span class='ocrx_word' id='word_1_262' title='bbox 1078 3313 1208 3348; x_wconf 86' lang='lat' dir='ltr'>motus</span> <span class='ocrx_word' id='word_1_263' title='bbox 1244 3309 1397 3355; x_wconf 88' lang='lat' dir='ltr'>mentis,</span> 
     </span>
     <span class='ocr_line' id='line_1_46' title="bbox 373 3371 1400 3432; baseline -0.016 -10"><span class='ocrx_word' id='word_1_264' title='bbox 373 3387 562 3432; x_wconf 81' lang='lat' dir='ltr'>tanquam</span> <span class='ocrx_word' id='word_1_265' title='bbox 593 3381 746 3418; x_wconf 88' lang='lat' dir='ltr'>bonum</span> <span class='ocrx_word' id='word_1_266' title='bbox 774 3374 1052 3426; x_wconf 77' lang='lat' dir='ltr'>aggredientis,</span> <span class='ocrx_word' id='word_1_267' title='bbox 1090 3373 1131 3410; x_wconf 90' lang='lat' dir='ltr'>in</span> <span class='ocrx_word' id='word_1_268' title='bbox 1162 3371 1270 3409; x_wconf 89' lang='lat' dir='ltr'>bono</span> <span class='ocrx_word' id='word_1_269' title='bbox 1308 3381 1400 3418; x_wconf 83' lang='lat' dir='ltr'>pro·</span> 
     </span>
    </p>
   </div>
   <div class='ocr_carea' id='block_1_12' title="bbox 372 3471 1400 3615">
    <p class='ocr_par' dir='ltr' id='par_1_12' title="bbox 372 3471 1400 3615">
     <span class='ocr_line' id='line_1_47' title="bbox 417 3471 1398 3520; baseline -0.012 -9"><span class='ocrx_word' id='word_1_270' title='bbox 417 3482 426 3503; x_wconf 90' lang='lat'><strong>¹</strong></span> <span class='ocrx_word' id='word_1_271' title='bbox 446 3480 540 3513; x_wconf 79' lang='lat' dir='ltr'>Psal.</span> <span class='ocrx_word' id='word_1_272' title='bbox 560 3480 637 3520; x_wconf 81' lang='lat' dir='ltr'>hoc,</span> <span class='ocrx_word' id='word_1_273' title='bbox 662 3480 729 3511; x_wconf 71' lang='lat'>116.</span> <span class='ocrx_word' id='word_1_274' title='bbox 745 3495 783 3501; x_wconf 94' lang='lat'>—</span> <span class='ocrx_word' id='word_1_275' title='bbox 805 3478 947 3516; x_wconf 80' lang='lat' dir='ltr'>²Prov.,</span> <span class='ocrx_word' id='word_1_276' title='bbox 966 3480 1044 3514; x_wconf 80' lang='lat' dir='ltr'>xm,</span> <span class='ocrx_word' id='word_1_277' title='bbox 1061 3473 1093 3503; x_wconf 88' lang='grc'>6.</span> <span class='ocrx_word' id='word_1_278' title='bbox 1110 3488 1150 3494; x_wconf 93' lang='grc'>-</span> <span class='ocrx_word' id='word_1_279' title='bbox 1167 3471 1182 3493; x_wconf 77' lang='grc'>3</span> <span class='ocrx_word' id='word_1_280' title='bbox 1196 3471 1347 3510; x_wconf 76' lang='lat' dir='ltr'>Prv.,11,</span> <span class='ocrx_word' id='word_1_281' title='bbox 1369 3471 1398 3500; x_wconf 87' lang='lat'>7.</span> 
     </span>
     <span class='ocr_line' id='line_1_48' title="bbox 372 3517 1397 3568; baseline -0.013 -8"><span class='ocrx_word' id='word_1_282' title='bbox 372 3544 413 3552; x_wconf 94' lang='lat'>—</span> <span class='ocrx_word' id='word_1_283' title='bbox 430 3528 444 3549; x_wconf 71' lang='lat'>⁶</span> <span class='ocrx_word' id='word_1_284' title='bbox 459 3529 551 3568; x_wconf 68' lang='lat' dir='ltr'>Sap„</span> <span class='ocrx_word' id='word_1_285' title='bbox 573 3535 621 3565; x_wconf 78' lang='lat'>11,</span> <span class='ocrx_word' id='word_1_286' title='bbox 643 3529 694 3558; x_wconf 71' lang='lat'>11.</span> <span class='ocrx_word' id='word_1_287' title='bbox 713 3542 749 3548; x_wconf 89' lang='lat'>—</span> <span class='ocrx_word' id='word_1_288' title='bbox 767 3525 780 3548; x_wconf 68' lang='grc' dir='ltr'>ὓ</span> <span class='ocrx_word' id='word_1_289' title='bbox 801 3525 824 3555; x_wconf 92' lang='grc' dir='ltr'>ΙΙ</span> <span class='ocrx_word' id='word_1_290' title='bbox 850 3521 1012 3561; x_wconf 80' lang='grc' dir='ltr'>Ραναίίρ.,</span> <span class='ocrx_word' id='word_1_291' title='bbox 1035 3528 1119 3559; x_wconf 85' lang='lat' dir='ltr'>xxx,</span> <span class='ocrx_word' id='word_1_292' title='bbox 1141 3519 1190 3550; x_wconf 88' lang='lat'>18.</span> <span class='ocrx_word' id='word_1_293' title='bbox 1211 3534 1251 3541; x_wconf 93' lang='lat'>—</span> <span class='ocrx_word' id='word_1_294' title='bbox 1267 3519 1279 3533; x_wconf 67' lang='lat'>·‘</span> <span class='ocrx_word' id='word_1_295' title='bbox 1298 3517 1397 3556; x_wconf 64' lang='lat' dir='ltr'>Nalz„</span> 
     </span>
     <span class='ocr_line' id='line_1_49' title="bbox 374 3564 1400 3615; baseline -0.014 -8"><span class='ocrx_word' id='word_1_296' title='bbox 374 3584 399 3615; x_wconf 91' lang='lat'>1,</span> <span class='ocrx_word' id='word_1_297' title='bbox 422 3576 453 3606; x_wconf 79' lang='lat'>7.</span> <span class='ocrx_word' id='word_1_298' title='bbox 471 3592 510 3597; x_wconf 90' lang='lat'>—-</span> <span class='ocrx_word' id='word_1_299' title='bbox 529 3575 538 3592; x_wconf 82' lang='lat'><em>⁷</em></span> <span class='ocrx_word' id='word_1_300' title='bbox 559 3574 687 3612; x_wconf 63' lang='lat' dir='ltr'>Tmen„</span> <span class='ocrx_word' id='word_1_301' title='bbox 709 3579 759 3612; x_wconf 79' lang='lat'>111,</span> <span class='ocrx_word' id='word_1_302' title='bbox 780 3574 830 3602; x_wconf 63' lang='lat'>25.</span> <span class='ocrx_word' id='word_1_303' title='bbox 852 3587 890 3593; x_wconf 91' lang='lat'>—</span> <span class='ocrx_word' id='word_1_304' title='bbox 909 3568 1045 3607; x_wconf 69' lang='grc' dir='ltr'>81ΐοηι.,</span> <span class='ocrx_word' id='word_1_305' title='bbox 1069 3574 1105 3606; x_wconf 85' lang='lat'>11,</span> <span class='ocrx_word' id='word_1_306' title='bbox 1130 3567 1156 3596; x_wconf 68' lang='lat' dir='ltr'>t.</span> <span class='ocrx_word' id='word_1_307' title='bbox 1174 3582 1208 3586; x_wconf 97' lang='lat'><strong>—</strong></span> <span class='ocrx_word' id='word_1_308' title='bbox 1231 3564 1244 3585; x_wconf 71' lang='lat'>³</span> <span class='ocrx_word' id='word_1_309' title='bbox 1265 3564 1400 3605; x_wconf 62' lang='lat' dir='ltr'>Ephes„</span> 
     </span>
    </p>
   </div>
   <div class='ocr_carea' id='block_1_13' title="bbox 1044 290 1777 339">
    <p class='ocr_par' dir='ltr' id='par_1_13' title="bbox 1044 290 1777 339">
     <span class='ocr_line' id='line_1_50' title="bbox 1044 290 1777 339; baseline -0.011 0"><span class='ocrx_word' id='word_1_310' title='bbox 1044 294 1315 339; x_wconf 75' lang='lat' dir='ltr'>EXl&#39;OSlTlO</span> <span class='ocrx_word' id='word_1_311' title='bbox 1347 294 1397 336; x_wconf 89' lang='lat' dir='ltr'>IN</span> <span class='ocrx_word' id='word_1_312' title='bbox 1430 290 1777 335; x_wconf 80' lang='lat' dir='ltr'>PSALTERIUM.</span> 
     </span>
    </p>
   </div>
   <div class='ocr_carea' id='block_1_14' title="bbox 1443 382 2468 492">
    <p class='ocr_par' dir='ltr' id='par_1_14' title="bbox 1443 382 2468 492">
     <span class='ocr_line' id='line_1_51' title="bbox 1444 382 2468 431; baseline 0 -11"><span class='ocrx_word' id='word_1_313' title='bbox 1444 383 1669 431; x_wconf 86' lang='lat' dir='ltr'>gredientis,</span> <span class='ocrx_word' id='word_1_314' title='bbox 1702 392 1793 419; x_wconf 88' lang='lat' dir='ltr'>cum</span> <span class='ocrx_word' id='word_1_315' title='bbox 1830 382 1937 419; x_wconf 89' lang='lat' dir='ltr'>bono</span> <span class='ocrx_word' id='word_1_316' title='bbox 1971 382 2196 429; x_wconf 81' lang='lat' dir='ltr'>gradientis,</span> <span class='ocrx_word' id='word_1_317' title='bbox 2230 383 2282 420; x_wconf 84' lang='lat' dir='ltr'>ad</span> <span class='ocrx_word' id='word_1_318' title='bbox 2316 383 2468 421; x_wconf 89' lang='lat' dir='ltr'>bonum</span> 
     </span>
     <span class='ocr_line' id='line_1_52' title="bbox 1443 443 1712 492; baseline -0.004 -10"><span class='ocrx_word' id='word_1_319' title='bbox 1443 443 1712 492; x_wconf 76' lang='lat' dir='ltr'>regredientis,</span> 
     </span>
    </p>
   </div>
   <div class='ocr_carea' id='block_1_15' title="bbox 1785 540 2140 586">
    <p class='ocr_par' dir='ltr' id='par_1_15' title="bbox 1785 540 2140 586">
     <span class='ocr_line' id='line_1_53' title="bbox 1785 540 2140 586; baseline 0.003 -12"><span class='ocrx_word' id='word_1_320' title='bbox 1785 540 1970 575; x_wconf 75' lang='lat' dir='ltr'>Articulus</span> <span class='ocrx_word' id='word_1_321' title='bbox 1990 541 2140 586; x_wconf 77' lang='lat' dir='ltr'>primus.</span> 
     </span>
    </p>
   </div>
   <div class='ocr_carea' id='block_1_16' title="bbox 1446 630 2481 1425">
    <p class='ocr_par' dir='ltr' id='par_1_16' title="bbox 1446 630 2481 1425">
     <span class='ocr_line' id='line_1_54' title="bbox 1493 630 2474 678; baseline 0.001 -10"><span class='ocrx_word' id='word_1_322' title='bbox 1493 632 1604 677; x_wconf 80' lang='lat' dir='ltr'>Quod</span> <span class='ocrx_word' id='word_1_323' title='bbox 1625 630 1729 667; x_wconf 85' lang='lat' dir='ltr'>enim</span> <span class='ocrx_word' id='word_1_324' title='bbox 1749 631 1802 666; x_wconf 90' lang='lat' dir='ltr'>ait</span> <span class='ocrx_word' id='word_1_325' title='bbox 1822 642 1832 665; x_wconf 73' lang='grc' dir='ltr'><strong><em>ε</em></strong></span> <span class='ocrx_word' id='word_1_326' title='bbox 1854 633 1969 667; x_wconf 80' lang='lat' dir='ltr'>Bonus</span> <span class='ocrx_word' id='word_1_327' title='bbox 2001 642 2034 668; x_wconf 86' lang='lat' dir='ltr'>es</span> <span class='ocrx_word' id='word_1_328' title='bbox 2070 635 2120 678; x_wconf 79' lang='lat' dir='ltr'>tu,</span> <span class='ocrx_word' id='word_1_329' title='bbox 2151 641 2231 669; x_wconf 87' lang='lat' dir='ltr'>vox</span> <span class='ocrx_word' id='word_1_330' title='bbox 2250 634 2306 669; x_wconf 89' lang='lat' dir='ltr'>est</span> <span class='ocrx_word' id='word_1_331' title='bbox 2335 632 2474 669; x_wconf 88' lang='lat' dir='ltr'>mentis</span> 
     </span>
     <span class='ocr_line' id='line_1_55' title="bbox 1446 692 2471 742; baseline 0.002 -12"><span class='ocrx_word' id='word_1_332' title='bbox 1446 697 1636 741; x_wconf 86' lang='lat' dir='ltr'>tanquam</span> <span class='ocrx_word' id='word_1_333' title='bbox 1665 693 1818 729; x_wconf 88' lang='lat' dir='ltr'>bonum</span> <span class='ocrx_word' id='word_1_334' title='bbox 1847 692 2122 740; x_wconf 82' lang='lat' dir='ltr'>aggredientis,</span> <span class='ocrx_word' id='word_1_335' title='bbox 2154 695 2197 730; x_wconf 89' lang='lat' dir='ltr'>Et</span> <span class='ocrx_word' id='word_1_336' title='bbox 2231 695 2337 736; x_wconf 89' lang='lat' dir='ltr'>nota,</span> <span class='ocrx_word' id='word_1_337' title='bbox 2360 694 2471 742; x_wconf 88' lang='lat' dir='ltr'>quod</span> 
     </span>
     <span class='ocr_line' id='line_1_56' title="bbox 1446 753 2473 803; baseline 0 -11"><span class='ocrx_word' id='word_1_338' title='bbox 1446 756 1575 792; x_wconf 88' lang='lat' dir='ltr'>bonus</span> <span class='ocrx_word' id='word_1_339' title='bbox 1596 757 1650 791; x_wconf 88' lang='lat' dir='ltr'>est</span> <span class='ocrx_word' id='word_1_340' title='bbox 1667 753 1853 791; x_wconf 83' lang='lat' dir='ltr'>Dominus</span> <span class='ocrx_word' id='word_1_341' title='bbox 1872 754 2064 791; x_wconf 89' lang='lat' dir='ltr'>universis</span> <span class='ocrx_word' id='word_1_342' title='bbox 2091 755 2223 803; x_wconf 90' lang='lat' dir='ltr'>ipsum</span> <span class='ocrx_word' id='word_1_343' title='bbox 2241 755 2473 802; x_wconf 86' lang='lat' dir='ltr'>aggredien-</span> 
     </span>
     <span class='ocr_line' id='line_1_57' title="bbox 1446 816 2474 865; baseline 0 -11"><span class='ocrx_word' id='word_1_344' title='bbox 1446 818 1564 863; x_wconf 84' lang='lat' dir='ltr'>tibus,</span> <span class='ocrx_word' id='word_1_345' title='bbox 1583 817 1664 854; x_wconf 88' lang='lat' dir='ltr'>sive</span> <span class='ocrx_word' id='word_1_346' title='bbox 1696 816 1772 853; x_wconf 85' lang='lat' dir='ltr'>sint</span> <span class='ocrx_word' id='word_1_347' title='bbox 1808 816 2055 863; x_wconf 87' lang='lat' dir='ltr'>poenitentes,</span> <span class='ocrx_word' id='word_1_348' title='bbox 2093 816 2174 853; x_wconf 89' lang='lat' dir='ltr'>sive</span> <span class='ocrx_word' id='word_1_349' title='bbox 2210 817 2474 865; x_wconf 82' lang='lat' dir='ltr'>proficienteS,</span> 
     </span>
     <span class='ocr_line' id='line_1_58' title="bbox 1447 878 2476 927; baseline 0 -11"><span class='ocrx_word' id='word_1_350' title='bbox 1447 879 1529 916; x_wconf 86' lang='lat' dir='ltr'>sive</span> <span class='ocrx_word' id='word_1_351' title='bbox 1547 878 1818 927; x_wconf 85' lang='lat' dir='ltr'>pervenientes</span> <span class='ocrx_word' id='word_1_352' title='bbox 1840 889 1848 914; x_wconf 80' lang='lat' dir='ltr'><em>z</em></span> <span class='ocrx_word' id='word_1_353' title='bbox 1871 878 1965 925; x_wconf 88' lang='lat' dir='ltr'>quia</span> <span class='ocrx_word' id='word_1_354' title='bbox 1987 878 2247 925; x_wconf 70' lang='lat' dir='ltr'>concionator,</span> <span class='ocrx_word' id='word_1_355' title='bbox 2269 878 2363 926; x_wconf 89' lang='lat' dir='ltr'>quia</span> <span class='ocrx_word' id='word_1_356' title='bbox 2382 888 2476 916; x_wconf 89' lang='lat' dir='ltr'>con-</span> 
     </span>
     <span class='ocr_line' id='line_1_59' title="bbox 1448 940 2478 989; baseline 0 -11"><span class='ocrx_word' id='word_1_357' title='bbox 1448 941 1609 987; x_wconf 84' lang='lat' dir='ltr'>solator,</span> <span class='ocrx_word' id='word_1_358' title='bbox 1631 942 1725 989; x_wconf 87' lang='lat' dir='ltr'>quia</span> <span class='ocrx_word' id='word_1_359' title='bbox 1744 942 1969 977; x_wconf 81' lang='lat' dir='ltr'>coronator.</span> <span class='ocrx_word' id='word_1_360' title='bbox 2012 942 2062 977; x_wconf 90' lang='lat' dir='ltr'>De</span> <span class='ocrx_word' id='word_1_361' title='bbox 2099 940 2228 988; x_wconf 87' lang='lat' dir='ltr'>primo</span> <span class='ocrx_word' id='word_1_362' title='bbox 2243 940 2256 962; x_wconf 76' lang='lat'>¹³</span> <span class='ocrx_word' id='word_1_363' title='bbox 2277 952 2286 978; x_wconf 92' lang='lat'>:</span> <span class='ocrx_word' id='word_1_364' title='bbox 2312 951 2331 976; x_wconf 90' lang='lat'>«</span> <span class='ocrx_word' id='word_1_365' title='bbox 2349 942 2478 978; x_wconf 89' lang='lat' dir='ltr'>Bonus</span> 
     </span>
     <span class='ocr_line' id='line_1_60' title="bbox 1449 1001 2477 1051; baseline 0.001 -12"><span class='ocrx_word' id='word_1_366' title='bbox 1449 1003 1637 1040; x_wconf 89' lang='lat' dir='ltr'>Dominus</span> <span class='ocrx_word' id='word_1_367' title='bbox 1656 1002 1932 1051; x_wconf 81' lang='lat' dir='ltr'>propitiabitur</span> <span class='ocrx_word' id='word_1_368' title='bbox 1948 1002 2110 1049; x_wconf 88' lang='lat' dir='ltr'>cunctis,</span> <span class='ocrx_word' id='word_1_369' title='bbox 2125 1002 2248 1051; x_wconf 90' lang='lat' dir='ltr'>quiin</span> <span class='ocrx_word' id='word_1_370' title='bbox 2262 1004 2341 1040; x_wconf 88' lang='lat' dir='ltr'>toto</span> <span class='ocrx_word' id='word_1_371' title='bbox 2357 1001 2477 1040; x_wconf 88' lang='lat' dir='ltr'>corde</span> 
     </span>
     <span class='ocr_line' id='line_1_61' title="bbox 1448 1065 2479 1117; baseline -0.004 -10"><span class='ocrx_word' id='word_1_372' title='bbox 1448 1068 1653 1117; x_wconf 87' lang='lat' dir='ltr'>requirunt</span> <span class='ocrx_word' id='word_1_373' title='bbox 1673 1065 1882 1102; x_wconf 89' lang='lat' dir='ltr'>Dominum</span> <span class='ocrx_word' id='word_1_374' title='bbox 1897 1078 1904 1102; x_wconf 92' lang='lat'>:</span> <span class='ocrx_word' id='word_1_375' title='bbox 1927 1079 1944 1100; x_wconf 73' lang='lat' dir='ltr'>n</span> <span class='ocrx_word' id='word_1_376' title='bbox 1963 1075 2051 1102; x_wconf 85' lang='lat' dir='ltr'>ecce</span> <span class='ocrx_word' id='word_1_377' title='bbox 2063 1065 2191 1103; x_wconf 87' lang='lat' dir='ltr'>bonus</span> <span class='ocrx_word' id='word_1_378' title='bbox 2205 1065 2479 1113; x_wconf 86' lang='lat' dir='ltr'>poenitentium</span> 
     </span>
     <span class='ocr_line' id='line_1_62' title="bbox 1450 1127 2477 1173; baseline -0.003 -6"><span class='ocrx_word' id='word_1_379' title='bbox 1450 1129 1708 1168; x_wconf 89' lang='lat' dir='ltr'>condonator.</span> <span class='ocrx_word' id='word_1_380' title='bbox 1731 1130 1781 1164; x_wconf 89' lang='lat' dir='ltr'>De</span> <span class='ocrx_word' id='word_1_381' title='bbox 1815 1127 1990 1165; x_wconf 85' lang='lat' dir='ltr'>secundo</span> <span class='ocrx_word' id='word_1_382' title='bbox 2006 1129 2018 1149; x_wconf 74' lang='lat'><em>⁶</em></span> <span class='ocrx_word' id='word_1_383' title='bbox 2044 1140 2052 1164; x_wconf 91' lang='lat'><strong>:</strong></span> <span class='ocrx_word' id='word_1_384' title='bbox 2076 1139 2094 1162; x_wconf 88' lang='lat'>«</span> <span class='ocrx_word' id='word_1_385' title='bbox 2115 1130 2246 1165; x_wconf 87' lang='lat' dir='ltr'>Bonus</span> <span class='ocrx_word' id='word_1_386' title='bbox 2275 1127 2477 1173; x_wconf 89' lang='lat' dir='ltr'>Dominus,</span> 
     </span>
     <span class='ocr_line' id='line_1_63' title="bbox 1451 1189 2480 1231; baseline -0.004 -1"><span class='ocrx_word' id='word_1_387' title='bbox 1451 1195 1488 1231; x_wconf 91' lang='lat' dir='ltr'>et</span> <span class='ocrx_word' id='word_1_388' title='bbox 1507 1191 1729 1229; x_wconf 86' lang='lat' dir='ltr'>confortans</span> <span class='ocrx_word' id='word_1_389' title='bbox 1757 1190 1798 1226; x_wconf 92' lang='lat' dir='ltr'>in</span> <span class='ocrx_word' id='word_1_390' title='bbox 1827 1190 1890 1226; x_wconf 91' lang='lat' dir='ltr'>die</span> <span class='ocrx_word' id='word_1_391' title='bbox 1926 1189 2220 1226; x_wconf 87' lang='lat' dir='ltr'>tribulationis:</span> <span class='ocrx_word' id='word_1_392' title='bbox 2242 1202 2260 1224; x_wconf 86' lang='lat'>»</span> <span class='ocrx_word' id='word_1_393' title='bbox 2284 1199 2374 1227; x_wconf 88' lang='lat' dir='ltr'>ecce</span> <span class='ocrx_word' id='word_1_394' title='bbox 2407 1189 2480 1226; x_wconf 89' lang='lat' dir='ltr'>bo—</span> 
     </span>
     <span class='ocr_line' id='line_1_64' title="bbox 1450 1252 2481 1302; baseline -0.003 -10"><span class='ocrx_word' id='word_1_395' title='bbox 1450 1265 1524 1292; x_wconf 88' lang='lat' dir='ltr'>nus</span> <span class='ocrx_word' id='word_1_396' title='bbox 1542 1252 1831 1302; x_wconf 86' lang='lat' dir='ltr'>proficientium</span> <span class='ocrx_word' id='word_1_397' title='bbox 1850 1252 2087 1289; x_wconf 83' lang='lat' dir='ltr'>consolator.</span> <span class='ocrx_word' id='word_1_398' title='bbox 2106 1254 2156 1288; x_wconf 92' lang='lat' dir='ltr'>De</span> <span class='ocrx_word' id='word_1_399' title='bbox 2175 1252 2286 1289; x_wconf 88' lang='lat' dir='ltr'>tertio</span> <span class='ocrx_word' id='word_1_400' title='bbox 2306 1252 2320 1275; x_wconf 80' lang='lat'>⁷</span> <span class='ocrx_word' id='word_1_401' title='bbox 2341 1264 2350 1288; x_wconf 69' lang='grc' dir='ltr'><strong><em>ι</em></strong></span> <span class='ocrx_word' id='word_1_402' title='bbox 2377 1264 2395 1286; x_wconf 78' lang='grc' dir='ltr'>ι(</span> <span class='ocrx_word' id='word_1_403' title='bbox 2412 1253 2481 1289; x_wconf 89' lang='grc' dir='ltr'>Βο-</span> 
     </span>
     <span class='ocr_line' id='line_1_65' title="bbox 1450 1313 2480 1361; baseline -0.004 -7"><span class='ocrx_word' id='word_1_404' title='bbox 1450 1328 1524 1354; x_wconf 89' lang='lat' dir='ltr'>nus</span> <span class='ocrx_word' id='word_1_405' title='bbox 1545 1319 1600 1353; x_wconf 89' lang='lat' dir='ltr'>est</span> <span class='ocrx_word' id='word_1_406' title='bbox 1619 1314 1806 1353; x_wconf 85' lang='lat' dir='ltr'>Dominus</span> <span class='ocrx_word' id='word_1_407' title='bbox 1842 1313 2090 1361; x_wconf 83' lang='lat' dir='ltr'>sperantibus</span> <span class='ocrx_word' id='word_1_408' title='bbox 2120 1314 2160 1350; x_wconf 88' lang='lat' dir='ltr'>in</span> <span class='ocrx_word' id='word_1_409' title='bbox 2199 1324 2290 1351; x_wconf 93' lang='lat' dir='ltr'>eum</span> <span class='ocrx_word' id='word_1_410' title='bbox 2315 1326 2323 1351; x_wconf 92' lang='lat'>:</span> <span class='ocrx_word' id='word_1_411' title='bbox 2345 1326 2364 1349; x_wconf 72' lang='lat' dir='ltr'>i»</span> <span class='ocrx_word' id='word_1_412' title='bbox 2389 1323 2480 1350; x_wconf 86' lang='lat' dir='ltr'>ecce</span> 
     </span>
     <span class='ocr_line' id='line_1_66' title="bbox 1452 1376 2148 1425; baseline -0.007 -9"><span class='ocrx_word' id='word_1_413' title='bbox 1452 1379 1580 1416; x_wconf 89' lang='lat' dir='ltr'>bonus</span> <span class='ocrx_word' id='word_1_414' title='bbox 1595 1376 1908 1425; x_wconf 87' lang='lat' dir='ltr'>pervenientium</span> <span class='ocrx_word' id='word_1_415' title='bbox 1927 1378 2148 1412; x_wconf 83' lang='lat' dir='ltr'>coronator.</span> 
     </span>
    </p>
   </div>
   <div class='ocr_carea' id='block_1_17' title="bbox 1772 1479 2164 1517">
    <p class='ocr_par' dir='ltr' id='par_1_17' title="bbox 1772 1479 2164 1517">
     <span class='ocr_line' id='line_1_67' title="bbox 1772 1479 2164 1517; baseline -0.003 -1"><span class='ocrx_word' id='word_1_416' title='bbox 1772 1480 1963 1517; x_wconf 75' lang='lat' dir='ltr'>Articulus</span> <span class='ocrx_word' id='word_1_417' title='bbox 1981 1479 2164 1516; x_wconf 80' lang='lat' dir='ltr'>secundus.</span> 
     </span>
    </p>
   </div>
   <div class='ocr_carea' id='block_1_18' title="bbox 1455 1547 2499 2661">
    <p class='ocr_par' dir='ltr' id='par_1_18' title="bbox 1455 1547 2499 2661">
     <span class='ocr_line' id='line_1_68' title="bbox 1501 1547 2485 1611; baseline -0.002 -9"><span class='ocrx_word' id='word_1_418' title='bbox 1501 1565 1614 1610; x_wconf 83' lang='lat' dir='ltr'>Quod</span> <span class='ocrx_word' id='word_1_419' title='bbox 1633 1567 1764 1601; x_wconf 87' lang='lat' dir='ltr'>autem</span> <span class='ocrx_word' id='word_1_420' title='bbox 1782 1563 1908 1611; x_wconf 86' lang='lat' dir='ltr'>inquit</span> <span class='ocrx_word' id='word_1_421' title='bbox 1929 1575 1937 1600; x_wconf 87' lang='lat'>:</span> <span class='ocrx_word' id='word_1_422' title='bbox 1959 1564 2002 1599; x_wconf 80' lang='lat' dir='ltr'>In</span> <span class='ocrx_word' id='word_1_423' title='bbox 2029 1563 2187 1600; x_wconf 71' lang='lat' dir='ltr'>bonitate</span> <span class='ocrx_word' id='word_1_424' title='bbox 2216 1547 2305 1608; x_wconf 54' lang='lat' dir='ltr'>tua,</span> <span class='ocrx_word' id='word_1_425' title='bbox 2328 1572 2408 1601; x_wconf 81' lang='lat' dir='ltr'>vox</span> <span class='ocrx_word' id='word_1_426' title='bbox 2428 1565 2485 1600; x_wconf 88' lang='lat' dir='ltr'>est</span> 
     </span>
     <span class='ocr_line' id='line_1_69' title="bbox 1455 1623 2482 1673; baseline -0.002 -8"><span class='ocrx_word' id='word_1_427' title='bbox 1455 1627 1595 1665; x_wconf 90' lang='lat' dir='ltr'>mentis</span> <span class='ocrx_word' id='word_1_428' title='bbox 1614 1627 1655 1663; x_wconf 90' lang='lat' dir='ltr'>in</span> <span class='ocrx_word' id='word_1_429' title='bbox 1673 1626 1779 1664; x_wconf 90' lang='lat' dir='ltr'>bono</span> <span class='ocrx_word' id='word_1_430' title='bbox 1799 1624 2084 1673; x_wconf 87' lang='lat' dir='ltr'>progredientis</span> <span class='ocrx_word' id='word_1_431' title='bbox 2113 1636 2121 1661; x_wconf 93' lang='lat'>:</span> <span class='ocrx_word' id='word_1_432' title='bbox 2145 1623 2199 1661; x_wconf 90' lang='lat' dir='ltr'>sic</span> <span class='ocrx_word' id='word_1_433' title='bbox 2218 1624 2482 1673; x_wconf 86' lang='lat' dir='ltr'>progreditur,</span> 
     </span>
     <span class='ocr_line' id='line_1_70' title="bbox 1456 1686 2482 1738; baseline -0.001 -13"><span class='ocrx_word' id='word_1_434' title='bbox 1456 1690 1525 1738; x_wconf 87' lang='lat' dir='ltr'>qui</span> <span class='ocrx_word' id='word_1_435' title='bbox 1546 1688 1828 1733; x_wconf 91' lang='lat' dir='ltr'>bonitate,non</span> <span class='ocrx_word' id='word_1_436' title='bbox 1848 1688 2036 1733; x_wconf 85' lang='lat' dir='ltr'>humana,</span> <span class='ocrx_word' id='word_1_437' title='bbox 2057 1686 2128 1723; x_wconf 89' lang='lat' dir='ltr'>sed</span> <span class='ocrx_word' id='word_1_438' title='bbox 2147 1686 2284 1724; x_wconf 86' lang='lat' dir='ltr'>divina</span> <span class='ocrx_word' id='word_1_439' title='bbox 2308 1686 2482 1724; x_wconf 82' lang='lat' dir='ltr'>fulcitur.</span> 
     </span>
     <span class='ocr_line' id='line_1_71' title="bbox 1459 1749 2484 1799; baseline -0.002 -10"><span class='ocrx_word' id='word_1_440' title='bbox 1459 1753 1615 1797; x_wconf 83' lang='lat' dir='ltr'>Etnota,</span> <span class='ocrx_word' id='word_1_441' title='bbox 1629 1751 1739 1799; x_wconf 89' lang='lat' dir='ltr'>quod</span> <span class='ocrx_word' id='word_1_442' title='bbox 1753 1750 1917 1788; x_wconf 83' lang='lat' dir='ltr'>bonitati</span> <span class='ocrx_word' id='word_1_443' title='bbox 1930 1749 2072 1786; x_wconf 83' lang='lat' dir='ltr'>divinae</span> <span class='ocrx_word' id='word_1_444' title='bbox 2087 1749 2271 1786; x_wconf 88' lang='lat' dir='ltr'>convenit</span> <span class='ocrx_word' id='word_1_445' title='bbox 2281 1750 2484 1795; x_wconf 86' lang='lat' dir='ltr'>sustinere,</span> 
     </span>
     <span class='ocr_line' id='line_1_72' title="bbox 1458 1813 2487 1862; baseline -0.001 -10"><span class='ocrx_word' id='word_1_446' title='bbox 1458 1814 1763 1862; x_wconf 84' lang='lat' dir='ltr'>supereminere,</span> <span class='ocrx_word' id='word_1_447' title='bbox 1801 1813 1984 1860; x_wconf 88' lang='lat' dir='ltr'>implere,</span> <span class='ocrx_word' id='word_1_448' title='bbox 2035 1813 2248 1859; x_wconf 87' lang='lat' dir='ltr'>continere,</span> <span class='ocrx_word' id='word_1_449' title='bbox 2298 1814 2487 1861; x_wconf 76' lang='lat' dir='ltr'>tanquam</span> 
     </span>
     <span class='ocr_line' id='line_1_73' title="bbox 1459 1874 2487 1922; baseline -0.001 -9"><span class='ocrx_word' id='word_1_450' title='bbox 1459 1875 1646 1920; x_wconf 85' lang='lat' dir='ltr'>inferiori,</span> <span class='ocrx_word' id='word_1_451' title='bbox 1680 1874 1888 1922; x_wconf 87' lang='lat' dir='ltr'>superiori,</span> <span class='ocrx_word' id='word_1_452' title='bbox 1925 1874 2115 1920; x_wconf 83' lang='lat' dir='ltr'>interiori,</span> <span class='ocrx_word' id='word_1_453' title='bbox 2146 1877 2182 1911; x_wconf 90' lang='lat' dir='ltr'>et</span> <span class='ocrx_word' id='word_1_454' title='bbox 2212 1874 2409 1912; x_wconf 80' lang='lat' dir='ltr'>exteriori.</span> <span class='ocrx_word' id='word_1_455' title='bbox 2436 1877 2487 1912; x_wconf 90' lang='lat' dir='ltr'>De</span> 
     </span>
     <span class='ocr_line' id='line_1_74' title="bbox 1460 1935 2490 1986; baseline -0.002 -12"><span class='ocrx_word' id='word_1_456' title='bbox 1460 1938 1589 1986; x_wconf 82' lang='lat' dir='ltr'>primo</span> <span class='ocrx_word' id='word_1_457' title='bbox 1609 1938 1622 1959; x_wconf 77' lang='lat'><strong>⁸</strong></span> <span class='ocrx_word' id='word_1_458' title='bbox 1645 1949 1652 1973; x_wconf 93' lang='lat'>:</span> <span class='ocrx_word' id='word_1_459' title='bbox 1679 1949 1698 1971; x_wconf 68' lang='grc' dir='ltr'><strong>κ</strong></span> <span class='ocrx_word' id='word_1_460' title='bbox 1716 1939 1774 1973; x_wconf 86' lang='lat' dir='ltr'>An</span> <span class='ocrx_word' id='word_1_461' title='bbox 1794 1935 1948 1972; x_wconf 86' lang='lat' dir='ltr'>divitias</span> <span class='ocrx_word' id='word_1_462' title='bbox 1962 1935 2148 1972; x_wconf 88' lang='lat' dir='ltr'>bonitatis</span> <span class='ocrx_word' id='word_1_463' title='bbox 2166 1936 2264 1983; x_wconf 76' lang='lat' dir='ltr'>eJus,</span> <span class='ocrx_word' id='word_1_464' title='bbox 2284 1937 2321 1973; x_wconf 88' lang='lat' dir='ltr'>et</span> <span class='ocrx_word' id='word_1_465' title='bbox 2338 1935 2490 1984; x_wconf 89' lang='lat' dir='ltr'>patien-</span> 
     </span>
     <span class='ocr_line' id='line_1_75' title="bbox 1462 1997 2492 2046; baseline 0 -10"><span class='ocrx_word' id='word_1_466' title='bbox 1462 1999 1538 2045; x_wconf 70' lang='lat' dir='ltr'>tiae,</span> <span class='ocrx_word' id='word_1_467' title='bbox 1559 2002 1595 2036; x_wconf 88' lang='lat' dir='ltr'>et</span> <span class='ocrx_word' id='word_1_468' title='bbox 1610 1997 1919 2046; x_wconf 86' lang='lat' dir='ltr'>longanimitatis</span> <span class='ocrx_word' id='word_1_469' title='bbox 1941 1998 2171 2044; x_wconf 89' lang='lat' dir='ltr'>contemnis,</span> <span class='ocrx_word' id='word_1_470' title='bbox 2183 2011 2202 2033; x_wconf 87' lang='lat'>»</span> <span class='ocrx_word' id='word_1_471' title='bbox 2227 1997 2341 2046; x_wconf 89' lang='lat' dir='ltr'>quasi</span> <span class='ocrx_word' id='word_1_472' title='bbox 2359 2000 2397 2036; x_wconf 88' lang='lat' dir='ltr'>te</span> <span class='ocrx_word' id='word_1_473' title='bbox 2411 2009 2492 2036; x_wconf 85' lang='lat' dir='ltr'>sus-</span> 
     </span>
     <span class='ocr_line' id='line_1_76' title="bbox 1464 2059 2490 2098; baseline 0 0"><span class='ocrx_word' id='word_1_474' title='bbox 1464 2061 1620 2098; x_wconf 90' lang='lat' dir='ltr'>tinentis</span> <span class='ocrx_word' id='word_1_475' title='bbox 1633 2061 1651 2097; x_wconf 72' lang='lat'>²?</span> <span class='ocrx_word' id='word_1_476' title='bbox 1671 2063 1766 2097; x_wconf 88' lang='lat' dir='ltr'>Ecce</span> <span class='ocrx_word' id='word_1_477' title='bbox 1779 2060 1936 2097; x_wconf 84' lang='lat' dir='ltr'>bonitas</span> <span class='ocrx_word' id='word_1_478' title='bbox 1953 2059 2160 2097; x_wconf 87' lang='lat' dir='ltr'>sustinens.</span> <span class='ocrx_word' id='word_1_479' title='bbox 2184 2061 2236 2097; x_wconf 89' lang='lat' dir='ltr'>De</span> <span class='ocrx_word' id='word_1_480' title='bbox 2261 2059 2436 2097; x_wconf 88' lang='lat' dir='ltr'>seeundo</span> <span class='ocrx_word' id='word_1_481' title='bbox 2449 2061 2464 2082; x_wconf 79' lang='lat'>⁹</span> <span class='ocrx_word' id='word_1_482' title='bbox 2481 2072 2490 2098; x_wconf 92' lang='lat'>:</span> 
     </span>
     <span class='ocr_line' id='line_1_77' title="bbox 1467 2121 2489 2169; baseline 0.001 -11"><span class='ocrx_word' id='word_1_483' title='bbox 1467 2136 1485 2158; x_wconf 74' lang='grc' dir='ltr'>ι(</span> <span class='ocrx_word' id='word_1_484' title='bbox 1503 2126 1547 2161; x_wconf 89' lang='lat' dir='ltr'>Ut</span> <span class='ocrx_word' id='word_1_485' title='bbox 1582 2123 1802 2160; x_wconf 88' lang='lat' dir='ltr'>ostenderet</span> <span class='ocrx_word' id='word_1_486' title='bbox 1846 2122 1887 2158; x_wconf 90' lang='lat' dir='ltr'>in</span> <span class='ocrx_word' id='word_1_487' title='bbox 1921 2121 2072 2158; x_wconf 81' lang='lat' dir='ltr'>saeculis</span> <span class='ocrx_word' id='word_1_488' title='bbox 2121 2121 2489 2169; x_wconf 88' lang='lat' dir='ltr'>supervenientibus</span> 
     </span>
     <span class='ocr_line' id='line_1_78' title="bbox 1466 2183 2495 2231; baseline 0 -9"><span class='ocrx_word' id='word_1_489' title='bbox 1466 2186 1710 2223; x_wconf 86' lang='lat' dir='ltr'>abundantes</span> <span class='ocrx_word' id='word_1_490' title='bbox 1734 2185 1888 2221; x_wconf 88' lang='lat' dir='ltr'>divitias</span> <span class='ocrx_word' id='word_1_491' title='bbox 1908 2183 2040 2231; x_wconf 85' lang='lat' dir='ltr'>gratiae</span> <span class='ocrx_word' id='word_1_492' title='bbox 2069 2194 2148 2220; x_wconf 84' lang='lat' dir='ltr'>suae</span> <span class='ocrx_word' id='word_1_493' title='bbox 2167 2183 2209 2220; x_wconf 91' lang='lat' dir='ltr'>in</span> <span class='ocrx_word' id='word_1_494' title='bbox 2235 2183 2411 2221; x_wconf 87' lang='lat' dir='ltr'>bonitate</span> <span class='ocrx_word' id='word_1_495' title='bbox 2430 2195 2495 2222; x_wconf 88' lang='lat' dir='ltr'>su-</span> 
     </span>
     <span class='ocr_line' id='line_1_79' title="bbox 1466 2245 2496 2296; baseline -0.001 -12"><span class='ocrx_word' id='word_1_496' title='bbox 1466 2259 1536 2296; x_wconf 88' lang='lat' dir='ltr'>per</span> <span class='ocrx_word' id='word_1_497' title='bbox 1556 2259 1649 2293; x_wconf 92' lang='lat' dir='ltr'>nos,</span> <span class='ocrx_word' id='word_1_498' title='bbox 1671 2260 1689 2282; x_wconf 85' lang='lat'>»</span> <span class='ocrx_word' id='word_1_499' title='bbox 1720 2246 1832 2293; x_wconf 83' lang='lat' dir='ltr'>quasi</span> <span class='ocrx_word' id='word_1_500' title='bbox 1862 2245 2173 2293; x_wconf 89' lang='lat' dir='ltr'>supereminente</span> <span class='ocrx_word' id='word_1_501' title='bbox 2196 2258 2204 2282; x_wconf 78' lang='lat'>2</span> <span class='ocrx_word' id='word_1_502' title='bbox 2226 2256 2315 2283; x_wconf 90' lang='lat' dir='ltr'>ecce</span> <span class='ocrx_word' id='word_1_503' title='bbox 2341 2246 2496 2284; x_wconf 86' lang='lat' dir='ltr'>bonitas</span> 
     </span>
     <span class='ocr_line' id='line_1_80' title="bbox 1467 2306 2495 2358; baseline -0.001 -11"><span class='ocrx_word' id='word_1_504' title='bbox 1467 2308 1773 2358; x_wconf 81' lang='lat' dir='ltr'>supereminens.</span> <span class='ocrx_word' id='word_1_505' title='bbox 1808 2310 1858 2344; x_wconf 92' lang='lat' dir='ltr'>De</span> <span class='ocrx_word' id='word_1_506' title='bbox 1891 2307 2002 2344; x_wconf 91' lang='lat' dir='ltr'>tertio</span> <span class='ocrx_word' id='word_1_507' title='bbox 2033 2306 2214 2344; x_wconf 83' lang='lat' dir='ltr'>scribitur</span> <span class='ocrx_word' id='word_1_508' title='bbox 2248 2308 2275 2330; x_wconf 90' lang='lat'>¹⁰</span> <span class='ocrx_word' id='word_1_509' title='bbox 2311 2319 2320 2344; x_wconf 90' lang='lat'>:</span> <span class='ocrx_word' id='word_1_510' title='bbox 2355 2322 2374 2342; x_wconf 76' lang='grc' dir='ltr'>ι(</span> <span class='ocrx_word' id='word_1_511' title='bbox 2396 2312 2495 2357; x_wconf 82' lang='lat' dir='ltr'>Ape-</span> 
     </span>
     <span class='ocr_line' id='line_1_81' title="bbox 1467 2371 2499 2418; baseline -0.002 -8"><span class='ocrx_word' id='word_1_512' title='bbox 1467 2374 1588 2411; x_wconf 87' lang='lat' dir='ltr'>ricntc</span> <span class='ocrx_word' id='word_1_513' title='bbox 1603 2375 1637 2408; x_wconf 86' lang='lat' dir='ltr'>te</span> <span class='ocrx_word' id='word_1_514' title='bbox 1656 2382 1819 2408; x_wconf 87' lang='lat' dir='ltr'>manum</span> <span class='ocrx_word' id='word_1_515' title='bbox 1839 2373 1960 2416; x_wconf 90' lang='lat' dir='ltr'>tuam,</span> <span class='ocrx_word' id='word_1_516' title='bbox 1991 2380 2124 2408; x_wconf 83' lang='lat' dir='ltr'>omma</span> <span class='ocrx_word' id='word_1_517' title='bbox 2143 2373 2413 2418; x_wconf 82' lang='lat' dir='ltr'>implebuntur</span> <span class='ocrx_word' id='word_1_518' title='bbox 2426 2371 2499 2408; x_wconf 91' lang='lat' dir='ltr'>bo-</span> 
     </span>
     <span class='ocr_line' id='line_1_82' title="bbox 1469 2433 2497 2482; baseline -0.001 -9"><span class='ocrx_word' id='word_1_519' title='bbox 1469 2437 1587 2473; x_wconf 85' lang='lat' dir='ltr'>nitate</span> <span class='ocrx_word' id='word_1_520' title='bbox 1611 2449 1617 2471; x_wconf 89' lang='lat'>:</span> <span class='ocrx_word' id='word_1_521' title='bbox 1640 2448 1656 2469; x_wconf 72' lang='lat' dir='ltr'>n</span> <span class='ocrx_word' id='word_1_522' title='bbox 1675 2445 1764 2471; x_wconf 88' lang='lat' dir='ltr'>ecce</span> <span class='ocrx_word' id='word_1_523' title='bbox 1794 2434 1953 2471; x_wconf 86' lang='lat' dir='ltr'>bonitas</span> <span class='ocrx_word' id='word_1_524' title='bbox 1973 2433 2153 2481; x_wconf 89' lang='lat' dir='ltr'>implens.</span> <span class='ocrx_word' id='word_1_525' title='bbox 2181 2436 2230 2471; x_wconf 89' lang='lat' dir='ltr'>De</span> <span class='ocrx_word' id='word_1_526' title='bbox 2245 2436 2386 2482; x_wconf 87' lang='lat' dir='ltr'>quarto</span> <span class='ocrx_word' id='word_1_527' title='bbox 2413 2445 2497 2472; x_wconf 86' lang='lat' dir='ltr'>rur-</span> 
     </span>
     <span class='ocr_line' id='line_1_83' title="bbox 1471 2495 2498 2542; baseline -0.001 -7"><span class='ocrx_word' id='word_1_528' title='bbox 1471 2510 1535 2536; x_wconf 89' lang='lat' dir='ltr'>sus</span> <span class='ocrx_word' id='word_1_529' title='bbox 1559 2498 1582 2521; x_wconf 80' lang='lat'>¹¹</span> <span class='ocrx_word' id='word_1_530' title='bbox 1609 2510 1616 2534; x_wconf 95' lang='lat'>:</span> <span class='ocrx_word' id='word_1_531' title='bbox 1644 2497 1739 2534; x_wconf 87' lang='lat' dir='ltr'>«Ad</span> <span class='ocrx_word' id='word_1_532' title='bbox 1757 2497 1976 2533; x_wconf 88' lang='lat' dir='ltr'>videndum</span> <span class='ocrx_word' id='word_1_533' title='bbox 2011 2496 2051 2532; x_wconf 89' lang='lat' dir='ltr'>in</span> <span class='ocrx_word' id='word_1_534' title='bbox 2081 2495 2255 2542; x_wconf 83' lang='lat' dir='ltr'>bonitate</span> <span class='ocrx_word' id='word_1_535' title='bbox 2285 2496 2498 2534; x_wconf 89' lang='lat' dir='ltr'>electorum</span> 
     </span>
     <span class='ocr_line' id='line_1_84' title="bbox 1472 2557 2499 2607; baseline -0.002 -9"><span class='ocrx_word' id='word_1_536' title='bbox 1472 2563 1644 2606; x_wconf 89' lang='lat' dir='ltr'>tuorum,</span> <span class='ocrx_word' id='word_1_537' title='bbox 1664 2573 1681 2594; x_wconf 87' lang='lat'>»</span> <span class='ocrx_word' id='word_1_538' title='bbox 1706 2559 1820 2607; x_wconf 85' lang='lat' dir='ltr'>quasi</span> <span class='ocrx_word' id='word_1_539' title='bbox 1839 2558 2162 2606; x_wconf 86' lang='lat' dir='ltr'>comprehensiva</span> <span class='ocrx_word' id='word_1_540' title='bbox 2180 2557 2358 2606; x_wconf 79' lang='lat' dir='ltr'>ipsorum</span> <span class='ocrx_word' id='word_1_541' title='bbox 2379 2570 2387 2595; x_wconf 93' lang='lat'>:</span> <span class='ocrx_word' id='word_1_542' title='bbox 2410 2568 2499 2596; x_wconf 85' lang='lat' dir='ltr'>ecce</span> 
     </span>
     <span class='ocr_line' id='line_1_85' title="bbox 1472 2621 1867 2661; baseline -0.01 0"><span class='ocrx_word' id='word_1_543' title='bbox 1472 2623 1625 2661; x_wconf 86' lang='lat' dir='ltr'>bonitas</span> <span class='ocrx_word' id='word_1_544' title='bbox 1650 2621 1867 2659; x_wconf 86' lang='lat' dir='ltr'>continens.</span> 
     </span>
    </p>
   </div>
   <div class='ocr_carea' id='block_1_19' title="bbox 1816 2725 2166 2760">
    <p class='ocr_par' dir='ltr' id='par_1_19' title="bbox 1816 2725 2166 2760">
     <span class='ocr_line' id='line_1_86' title="bbox 1816 2725 2166 2760; baseline -0.009 0"><span class='ocrx_word' id='word_1_545' title='bbox 1816 2725 1997 2760; x_wconf 75' lang='lat' dir='ltr'>Articulus</span> <span class='ocrx_word' id='word_1_546' title='bbox 2025 2725 2166 2760; x_wconf 77' lang='lat' dir='ltr'>tertius.</span> 
     </span>
    </p>
   </div>
   <div class='ocr_carea' id='block_1_20' title="bbox 1475 2805 2504 3471">
    <p class='ocr_par' dir='ltr' id='par_1_20' title="bbox 1475 2805 2504 3471">
     <span class='ocr_line' id='line_1_87' title="bbox 1522 2805 2503 2852; baseline 0.002 -9"><span class='ocrx_word' id='word_1_547' title='bbox 1522 2806 1636 2852; x_wconf 85' lang='lat' dir='ltr'>Quod</span> <span class='ocrx_word' id='word_1_548' title='bbox 1656 2816 1750 2842; x_wconf 89' lang='lat' dir='ltr'>vero</span> <span class='ocrx_word' id='word_1_549' title='bbox 1783 2805 1905 2842; x_wconf 86' lang='lat' dir='ltr'>dicit:</span> <span class='ocrx_word' id='word_1_550' title='bbox 1927 2807 2016 2842; x_wconf 86' lang='lat' dir='ltr'>Doce</span> <span class='ocrx_word' id='word_1_551' title='bbox 2047 2815 2124 2851; x_wconf 86' lang='lat' dir='ltr'>me,</span> <span class='ocrx_word' id='word_1_552' title='bbox 2156 2815 2234 2842; x_wconf 86' lang='lat' dir='ltr'>vox</span> <span class='ocrx_word' id='word_1_553' title='bbox 2271 2809 2328 2844; x_wconf 88' lang='lat' dir='ltr'>est</span> <span class='ocrx_word' id='word_1_554' title='bbox 2363 2807 2503 2845; x_wconf 86' lang='lat' dir='ltr'>mentis</span> 
     </span>
     <span class='ocr_line' id='line_1_88' title="bbox 1475 2867 2500 2917; baseline 0.001 -12"><span class='ocrx_word' id='word_1_555' title='bbox 1475 2879 1566 2905; x_wconf 88' lang='lat' dir='ltr'>cum</span> <span class='ocrx_word' id='word_1_556' title='bbox 1578 2869 1685 2904; x_wconf 89' lang='lat' dir='ltr'>bono</span> <span class='ocrx_word' id='word_1_557' title='bbox 1707 2867 1934 2914; x_wconf 86' lang='lat' dir='ltr'>gradientis,</span> <span class='ocrx_word' id='word_1_558' title='bbox 1956 2868 1994 2903; x_wconf 90' lang='lat' dir='ltr'>et</span> <span class='ocrx_word' id='word_1_559' title='bbox 2007 2867 2057 2903; x_wconf 90' lang='lat' dir='ltr'>ab</span> <span class='ocrx_word' id='word_1_560' title='bbox 2081 2867 2167 2914; x_wconf 92' lang='lat' dir='ltr'>ipso</span> <span class='ocrx_word' id='word_1_561' title='bbox 2187 2867 2320 2905; x_wconf 90' lang='lat' dir='ltr'>doceri</span> <span class='ocrx_word' id='word_1_562' title='bbox 2339 2869 2500 2917; x_wconf 84' lang='lat' dir='ltr'>cupien—</span> 
     </span>
     <span class='ocr_line' id='line_1_89' title="bbox 1475 2928 2504 2976; baseline 0.001 -9"><span class='ocrx_word' id='word_1_563' title='bbox 1475 2931 1534 2967; x_wconf 89' lang='lat' dir='ltr'>tis.</span> <span class='ocrx_word' id='word_1_564' title='bbox 1558 2930 1631 2967; x_wconf 85' lang='lat' dir='ltr'>Sed</span> <span class='ocrx_word' id='word_1_565' title='bbox 1651 2933 1757 2975; x_wconf 85' lang='lat' dir='ltr'>nota,</span> <span class='ocrx_word' id='word_1_566' title='bbox 1778 2928 1888 2976; x_wconf 85' lang='lat' dir='ltr'>quod</span> <span class='ocrx_word' id='word_1_567' title='bbox 1926 2929 2068 2966; x_wconf 91' lang='lat' dir='ltr'>docere</span> <span class='ocrx_word' id='word_1_568' title='bbox 2106 2928 2245 2966; x_wconf 87' lang='lat' dir='ltr'>dicitur</span> <span class='ocrx_word' id='word_1_569' title='bbox 2270 2932 2370 2968; x_wconf 87' lang='lat' dir='ltr'>Deus</span> <span class='ocrx_word' id='word_1_570' title='bbox 2395 2941 2504 2968; x_wconf 90' lang='lat' dir='ltr'>men-</span> 
     </span>
     <span class='ocr_line' id='line_1_90' title="bbox 1476 2990 2503 3040; baseline 0.002 -11"><span class='ocrx_word' id='word_1_571' title='bbox 1476 2995 1568 3038; x_wconf 88' lang='lat' dir='ltr'>tem,</span> <span class='ocrx_word' id='word_1_572' title='bbox 1584 2991 1785 3028; x_wconf 84' lang='lat' dir='ltr'>influendo</span> <span class='ocrx_word' id='word_1_573' title='bbox 1806 2990 1936 3027; x_wconf 90' lang='lat' dir='ltr'>eidem</span> <span class='ocrx_word' id='word_1_574' title='bbox 1950 2990 2164 3038; x_wconf 89' lang='lat' dir='ltr'>veritatem,</span> <span class='ocrx_word' id='word_1_575' title='bbox 2179 2992 2406 3030; x_wconf 86' lang='lat' dir='ltr'>charitatem</span> <span class='ocrx_word' id='word_1_576' title='bbox 2417 3021 2428 3040; x_wconf 94' lang='lat'>,</span> <span class='ocrx_word' id='word_1_577' title='bbox 2443 2993 2503 3031; x_wconf 85' lang='lat' dir='ltr'>fa-</span> 
     </span>
     <span class='ocr_line' id='line_1_91' title="bbox 1477 3053 2502 3104; baseline 0.003 -12"><span class='ocrx_word' id='word_1_578' title='bbox 1477 3056 1670 3100; x_wconf 80' lang='lat' dir='ltr'>cultatem,</span> <span class='ocrx_word' id='word_1_579' title='bbox 1688 3056 1879 3101; x_wconf 85' lang='lat' dir='ltr'>quantum</span> <span class='ocrx_word' id='word_1_580' title='bbox 1893 3054 1944 3090; x_wconf 88' lang='lat' dir='ltr'>ad</span> <span class='ocrx_word' id='word_1_581' title='bbox 1963 3053 2254 3103; x_wconf 88' lang='lat' dir='ltr'>intellectivam,</span> <span class='ocrx_word' id='word_1_582' title='bbox 2269 3056 2502 3104; x_wconf 87' lang='lat' dir='ltr'>affectivam,</span> 
     </span>
     <span class='ocr_line' id='line_1_92' title="bbox 1476 3116 2501 3164; baseline 0.002 -9"><span class='ocrx_word' id='word_1_583' title='bbox 1476 3117 1707 3156; x_wconf 80' lang='lat' dir='ltr'>effectivam.</span> <span class='ocrx_word' id='word_1_584' title='bbox 1719 3116 1774 3153; x_wconf 84' lang='lat' dir='ltr'>Ad</span> <span class='ocrx_word' id='word_1_585' title='bbox 1784 3116 1951 3164; x_wconf 85' lang='lat' dir='ltr'>primum</span> <span class='ocrx_word' id='word_1_586' title='bbox 1961 3116 2234 3164; x_wconf 84' lang='lat' dir='ltr'>pertinetillud</span> <span class='ocrx_word' id='word_1_587' title='bbox 2243 3118 2450 3156; x_wconf 79' lang='lat' dir='ltr'>Psalmistae</span> <span class='ocrx_word' id='word_1_588' title='bbox 2463 3119 2501 3156; x_wconf 82' lang='lat'>¹²:</span> 
     </span>
     <span class='ocr_line' id='line_1_93' title="bbox 1480 3178 2502 3226; baseline 0.003 -13"><span class='ocrx_word' id='word_1_589' title='bbox 1480 3193 1497 3213; x_wconf 84' lang='lat'>«</span> <span class='ocrx_word' id='word_1_590' title='bbox 1519 3178 1723 3217; x_wconf 72' lang='lat' dir='ltr'>scientiam</span> <span class='ocrx_word' id='word_1_591' title='bbox 1753 3178 1850 3214; x_wconf 88' lang='lat' dir='ltr'>doce</span> <span class='ocrx_word' id='word_1_592' title='bbox 1877 3188 1940 3214; x_wconf 87' lang='lat' dir='ltr'>me</span> <span class='ocrx_word' id='word_1_593' title='bbox 1952 3190 1963 3224; x_wconf 76' lang='lat'><em>3</em></span> <span class='ocrx_word' id='word_1_594' title='bbox 1987 3192 2005 3212; x_wconf 90' lang='lat'>»</span> <span class='ocrx_word' id='word_1_595' title='bbox 2026 3178 2094 3215; x_wconf 92' lang='lat' dir='ltr'>ubi</span> <span class='ocrx_word' id='word_1_596' title='bbox 2119 3179 2264 3226; x_wconf 85' lang='lat' dir='ltr'>petitur</span> <span class='ocrx_word' id='word_1_597' title='bbox 2300 3179 2502 3216; x_wconf 85' lang='lat' dir='ltr'>influentia</span> 
     </span>
     <span class='ocr_line' id='line_1_94' title="bbox 1479 3239 2502 3286; baseline -0.001 -8"><span class='ocrx_word' id='word_1_598' title='bbox 1479 3241 1660 3286; x_wconf 75' lang='lat' dir='ltr'>veritatis,</span> <span class='ocrx_word' id='word_1_599' title='bbox 1682 3239 1920 3277; x_wconf 85' lang='lat' dir='ltr'>conveniens</span> <span class='ocrx_word' id='word_1_600' title='bbox 1939 3239 2196 3277; x_wconf 85' lang='lat' dir='ltr'>intellectivae.</span> <span class='ocrx_word' id='word_1_601' title='bbox 2211 3240 2271 3277; x_wconf 88' lang='lat' dir='ltr'>Ad</span> <span class='ocrx_word' id='word_1_602' title='bbox 2283 3239 2502 3277; x_wconf 88' lang='lat' dir='ltr'>secundum</span> 
     </span>
     <span class='ocr_line' id='line_1_95' title="bbox 1476 3301 2502 3352; baseline -0.001 -12"><span class='ocrx_word' id='word_1_603' title='bbox 1476 3305 1627 3352; x_wconf 87' lang='lat' dir='ltr'>spectat</span> <span class='ocrx_word' id='word_1_604' title='bbox 1644 3301 1744 3338; x_wconf 88' lang='lat' dir='ltr'>illud</span> <span class='ocrx_word' id='word_1_605' title='bbox 1775 3301 1975 3349; x_wconf 79' lang='lat' dir='ltr'>Prophetae</span> <span class='ocrx_word' id='word_1_606' title='bbox 1994 3301 2020 3323; x_wconf 77' lang='lat'>¹³</span> <span class='ocrx_word' id='word_1_607' title='bbox 2041 3312 2050 3338; x_wconf 73' lang='grc' dir='ltr'><strong><em>ε</em></strong></span> <span class='ocrx_word' id='word_1_608' title='bbox 2073 3303 2209 3338; x_wconf 84' lang='lat' dir='ltr'>«Doce</span> <span class='ocrx_word' id='word_1_609' title='bbox 2237 3311 2315 3348; x_wconf 88' lang='lat' dir='ltr'>me,</span> <span class='ocrx_word' id='word_1_610' title='bbox 2337 3301 2432 3348; x_wconf 82' lang='lat' dir='ltr'>quia</span> <span class='ocrx_word' id='word_1_611' title='bbox 2461 3304 2502 3339; x_wconf 90' lang='lat' dir='ltr'>tu</span> 
     </span>
     <span class='ocr_line' id='line_1_96' title="bbox 1476 3361 2503 3410; baseline -0.002 -8"><span class='ocrx_word' id='word_1_612' title='bbox 1476 3376 1516 3403; x_wconf 87' lang='lat' dir='ltr'>es</span> <span class='ocrx_word' id='word_1_613' title='bbox 1535 3367 1634 3402; x_wconf 88' lang='lat' dir='ltr'>Deus</span> <span class='ocrx_word' id='word_1_614' title='bbox 1653 3363 1823 3401; x_wconf 88' lang='lat' dir='ltr'>salvator</span> <span class='ocrx_word' id='word_1_615' title='bbox 1841 3373 1952 3400; x_wconf 89' lang='lat' dir='ltr'>meus</span> <span class='ocrx_word' id='word_1_616' title='bbox 1967 3376 1978 3410; x_wconf 82' lang='lat'>3</span> <span class='ocrx_word' id='word_1_617' title='bbox 1999 3374 2018 3398; x_wconf 90' lang='lat'>»</span> <span class='ocrx_word' id='word_1_618' title='bbox 2038 3362 2107 3399; x_wconf 89' lang='lat' dir='ltr'>ubi</span> <span class='ocrx_word' id='word_1_619' title='bbox 2130 3362 2272 3410; x_wconf 87' lang='lat' dir='ltr'>petitur</span> <span class='ocrx_word' id='word_1_620' title='bbox 2300 3361 2503 3401; x_wconf 85' lang='lat' dir='ltr'>influentia</span> 
     </span>
     <span class='ocr_line' id='line_1_97' title="bbox 1476 3423 2502 3471; baseline -0.003 -5"><span class='ocrx_word' id='word_1_621' title='bbox 1476 3427 1671 3466; x_wconf 85' lang='lat' dir='ltr'>charitatis</span> <span class='ocrx_word' id='word_1_622' title='bbox 1703 3425 1898 3471; x_wconf 79' lang='lat' dir='ltr'>salvificae,</span> <span class='ocrx_word' id='word_1_623' title='bbox 1947 3434 2168 3471; x_wconf 87' lang='lat' dir='ltr'>congruens</span> <span class='ocrx_word' id='word_1_624' title='bbox 2207 3423 2406 3462; x_wconf 84' lang='lat' dir='ltr'>affectivae.</span> <span class='ocrx_word' id='word_1_625' title='bbox 2443 3426 2502 3470; x_wconf 86' lang='lat' dir='ltr'>Ad</span> 
     </span>
    </p>
   </div>
   <div class='ocr_carea' id='block_1_21' title="bbox 1476 3506 2500 3599">
    <p class='ocr_par' dir='ltr' id='par_1_21' title="bbox 1476 3506 2500 3599">
     <span class='ocr_line' id='line_1_98' title="bbox 1479 3506 2500 3551; baseline 0.01 -21"><span class='ocrx_word' id='word_1_626' title='bbox 1479 3521 1513 3551; x_wconf 52' lang='grc' dir='ltr'>Η,</span> <span class='ocrx_word' id='word_1_627' title='bbox 1536 3514 1567 3544; x_wconf 70' lang='lat'>7⁸</span> <span class='ocrx_word' id='word_1_628' title='bbox 1586 3528 1627 3535; x_wconf 78' lang='grc'><em>,.,,</em></span> <span class='ocrx_word' id='word_1_629' title='bbox 1647 3510 1674 3532; x_wconf 77' lang='grc' dir='ltr'>ιο</span> <span class='ocrx_word' id='word_1_630' title='bbox 1693 3508 1782 3541; x_wconf 69' lang='lat' dir='ltr'>psal.</span> <span class='ocrx_word' id='word_1_631' title='bbox 1804 3515 1878 3548; x_wconf 67' lang='lat'>(2111,</span> <span class='ocrx_word' id='word_1_632' title='bbox 1900 3509 1950 3539; x_wconf 79' lang='lat'>28.</span> <span class='ocrx_word' id='word_1_633' title='bbox 1974 3524 2013 3530; x_wconf 90' lang='lat'><em>-</em></span> <span class='ocrx_word' id='word_1_634' title='bbox 2036 3506 2165 3539; x_wconf 61' lang='grc' dir='ltr'>11Ρειιῖ.</span> <span class='ocrx_word' id='word_1_635' title='bbox 2185 3515 2238 3548; x_wconf 75' lang='grc' dir='ltr'>ον,</span> <span class='ocrx_word' id='word_1_636' title='bbox 2256 3510 2287 3539; x_wconf 78' lang='lat'>5.</span> <span class='ocrx_word' id='word_1_637' title='bbox 2306 3525 2347 3531; x_wconf 94' lang='lat'>—</span> <span class='ocrx_word' id='word_1_638' title='bbox 2370 3509 2392 3530; x_wconf 84' lang='lat'>¹²</span> <span class='ocrx_word' id='word_1_639' title='bbox 2408 3508 2500 3540; x_wconf 76' lang='lat' dir='ltr'>Psal.</span> 
     </span>
     <span class='ocr_line' id='line_1_99' title="bbox 1476 3554 2498 3599; baseline -0.002 -9"><span class='ocrx_word' id='word_1_640' title='bbox 1476 3560 1552 3599; x_wconf 79' lang='lat' dir='ltr'>hoc,</span> <span class='ocrx_word' id='word_1_641' title='bbox 1574 3560 1625 3590; x_wconf 67' lang='lat' dir='ltr'>(ju.</span> <span class='ocrx_word' id='word_1_642' title='bbox 1646 3573 1686 3580; x_wconf 90' lang='lat'><strong>—</strong></span> <span class='ocrx_word' id='word_1_643' title='bbox 1710 3556 1733 3578; x_wconf 85' lang='lat'>¹³</span> <span class='ocrx_word' id='word_1_644' title='bbox 1752 3554 1844 3587; x_wconf 76' lang='lat' dir='ltr'>Psal.</span> <span class='ocrx_word' id='word_1_645' title='bbox 1867 3562 1960 3596; x_wconf 76' lang='lat' dir='ltr'>xxw,</span> <span class='ocrx_word' id='word_1_646' title='bbox 1983 3555 2012 3586; x_wconf 73' lang='grc'>5.</span> <span class='ocrx_word' id='word_1_647' title='bbox 2029 3571 2068 3576; x_wconf 89' lang='grc'>-</span> <span class='ocrx_word' id='word_1_648' title='bbox 2091 3554 2132 3594; x_wconf 76' lang='grc' dir='ltr'>(ιι)</span> <span class='ocrx_word' id='word_1_649' title='bbox 2160 3555 2234 3597; x_wconf 70' lang='lat' dir='ltr'>Leq.</span> <span class='ocrx_word' id='word_1_650' title='bbox 2255 3554 2498 3597; x_wconf 78' lang='lat' dir='ltr'>acceptatione,</span> 
     </span>
    </p>
   </div>
  </div>
 </body>
</html>
