2633 3878
263 312 339 350 532
960 298 1235 341 EXPOSlTlO
1268 297 1318 339 ΙΝ
1350 296 1700 338 PSALTERIUM.

263 411 281 429 «
306 392 566 442 Expectabam
601 399 711 434 eum,
744 389 813 436 qui
843 388 996 426 salvum
1028 399 1091 425 me
1125 388 1236 425 fecit:
1265 401 1282 421 ι)

257 457 339 493 haec
359 453 574 503 expectatio
594 462 666 489 nec
695 451 840 487 incerta
866 449 957 495 fuit,
979 460 1050 486 nec
1071 449 1285 497 inexperta.

576 555 760 590 Articulus
785 554 969 589 secundus.

304 641 499 676 Coronam
518 637 775 680 advertimus,
796 646 885 671 cum
904 634 1128 672 audivimus
1144 645 1152 670 :
1186 634 1286 669 Sulu-

258 705 334 736 ται-ε
355 705 472 743 tuum,
495 701 659 742 Domine,
681 696 870 744 quoniam
890 695 1097 743 praemium
1117 695 1283 731 salutare

256 762 395 798 dicitur
426 770 573 797 corona
600 759 745 805 gloriae.
774 761 818 795 Et
845 760 956 801 nota,
986 756 1095 804 quod
1121 755 1285 793 traditur

254 823 294 859 in
315 822 536 867 Psalmista,
558 820 726 868 qualiter
753 819 804 856 ad
829 819 904 856 hoc
929 818 1097 855 salutare
1118 818 1283 862 venitur,

255 886 422 933 qualiter
446 884 800 932 appropinquatur,
837 881 1005 929 qualiter
1034 880 1280 928 pervenitur:

253 948 347 995 quia
365 947 519 984 venitur
539 956 629 982 cum
647 944 805 989 labore;
834 942 1175 990 appropinquatur
1194 951 1284 977 cum

252 1010 391 1046 timore
400 1021 412 1055 ς
448 1008 518 1045 sed
542 1007 766 1055 pervenitur
795 1016 886 1042 cum
915 1005 1079 1041 honore.
1113 1003 1284 1040 Primum

253 1071 430 1115 traditur,
451 1080 541 1106 cum
566 1068 766 1116 psallitur¹
783 1079 791 1102 :
811 1079 829 1101 «
850 1065 1108 1112 Longitudine
1129 1064 1284 1100 dierum

251 1131 412 1179 replebo
433 1141 538 1175 eum,
551 1132 587 1166 et
607 1128 813 1166 ostendam
826 1127 881 1164 illi
895 1127 1064 1164 salutare
1084 1136 1219 1162 meum
1237 1137 1245 1161 :
1261 1139 1278 1159 »

252 1203 339 1229 ecce
365 1192 507 1239 longus
532 1191 647 1228 labor
673 1190 724 1227 ad
749 1189 915 1226 salutare
944 1187 1196 1225 venientium.
1219 1188 1283 1223 Se-

251 1253 426 1290 cundum
450 1252 627 1297 traditur,
651 1261 740 1288 cum
769 1250 948 1287 scribitur
973 1251 987 1272 ²
1007 1261 1014 1285 :
1043 1262 1060 1283 «
1082 1249 1282 1285 Verumta-

249 1325 341 1352 men
357 1324 481 1362 prope
503 1314 681 1350 timentes
702 1323 793 1349 eum
812 1311 979 1349 salutare
999 1310 1140 1358 ipsius:
1157 1323 1175 1344 »
1194 1319 1282 1345 ecce

249 1376 366 1412 timor
396 1375 448 1412 ad
480 1375 647 1411 salutare
669 1372 1087 1421 appropinquantium.
1114 1371 1282 1407 Tertium

249 1437 427 1481 traditur,
456 1447 546 1472 cum
570 1435 765 1483 profertur
785 1436 821 1470 ³:
848 1447 865 1469 «
889 1433 1128 1471 Sacrificium
1154 1432 1283 1468 laudis

247 1497 525 1534 honorificabit
541 1507 618 1542 me,
636 1499 673 1533 et
690 1496 769 1533 illic
788 1496 872 1541 iter,
894 1506 974 1543 quo
1001 1494 1206 1532 ostendam
1226 1493 1282 1529 illi

249 1559 416 1596 salutare
445 1558 534 1595 Dei:
557 1572 574 1593 n
600 1569 688 1595 ecce
708 1558 795 1595 laus
820 1560 857 1594 et
880 1557 1009 1594 honor
1036 1556 1088 1592 ad
1113 1555 1281 1592 salutare

247 1620 559 1667 pervenientium
582 1624 639 1663 (α).

585 1721 775 1757 Articulus
798 1721 939 1756 tertius.

296 1807 427 1844 Merita
439 1805 737 1854 perpendimus,
759 1815 848 1841 cum
866 1802 1094 1851 psallimus:
1115 1804 1162 1839 Et
1182 1813 1280 1838 man-

250 1868 338 1905 data
364 1872 446 1912 1αας
478 1867 571 1914 quia
593 1866 780 1903 mandata
806 1868 894 1901 sunt
922 1863 1134 1902 Salvatoris
1163 1864 1279 1900 obse-

250 1930 357 1976 quia,
379 1928 511 1965 salutis
530 1928 740 1964 meritoria.
765 1929 806 1963 Et
834 1929 928 1963 nota
954 1926 1056 1962 circa
1086 1925 1281 1972 obsequia

247 1991 421 2038 praefata,
451 1990 510 2027 vel
542 1989 780 2037 obsequiosa
814 1987 1021 2033 mandata,
1053 1987 1163 2034 quod
1190 1989 1281 2022 sunt

247 2051 364 2088 valde
385 2051 508 2096 levia,
529 2051 646 2088 valde
667 2050 818 2096 dulcia,
839 2049 955 2086 valde
975 2049 1160 2085 salubria.
1181 2050 1279 2085 Nam

248 2113 435 2149 nimirum
457 2113 561 2149 levia
589 2115 696 2157 sunt,
719 2114 910 2159 quantum
936 2110 987 2147 ad
1013 2113 1164 2156 actum3
1186 2110 1277 2146 dul2

249 2175 322 2220 cia,
343 2177 532 2222 quantum
553 2173 605 2211 ad
622 2176 839 2220 aspectum3
862 2172 932 2208 sed
951 2171 1138 2217 salubria,
1155 2182 1278 2218 quan-

248 2239 331 2272 tum
347 2236 398 2272 ad
414 2235 609 2272 affectum.
627 2236 677 2271 De
690 2234 859 2281 primo⁸z
876 2233 1086 2269 «Mandata
1100 2233 1182 2278 ejus
1192 2243 1278 2278 gra-

248 2297 314 2333 via
332 2307 412 2333 non
430 2299 539 2332 sunt:
560 2309 578 2330 n
603 2305 691 2332 ecce
710 2294 897 2331 mandata
915 2294 1032 2330 valde
1051 2293 1167 2339 levia,
1184 2293 1278 2340 quia

250 2358 281 2393 si
299 2358 467 2404 gravitas
487 2357 618 2403 abest,
639 2356 776 2393 levitas
804 2355 926 2392 adest.
959 2357 1009 2391 De
1040 2354 1213 2391 secundo
1233 2355 1247 2376 ὕ
1266 2367 1274 2390 :

253 2432 269 2451 «
299 2419 399 2455 Nihil
429 2418 604 2462 dulcius,
632 2428 754 2465 quam
786 2417 977 2463 respicere
1007 2417 1048 2452 in
1080 2415 1276 2452 mandatis

249 2479 425 2516 Domini:
447 2493 465 2514 »
489 2490 577 2516 ecce
602 2478 790 2515 mandata
814 2478 931 2515 valde
960 2477 1104 2514 dulcia.
1129 2479 1178 2513 De
1198 2480 1275 2513 ter-

249 2542 301 2578 tio
317 2541 330 2563 ⁸
348 2554 356 2578 :
377 2555 394 2575 «
413 2542 586 2579 Salutare
606 2541 841 2578 sacrificium
869 2543 924 2577 est
948 2540 1145 2577 attendere
1164 2551 1276 2577 man-

250 2603 373 2640 datis:
397 2618 414 2640 n
438 2614 526 2640 ecce
546 2603 732 2640 mandata
751 2602 866 2639 valde
886 2601 1071 2638 salubria.

574 2707 758 2743 Articulus
780 2708 942 2752 quartus.

297 2789 499 2826 Rationem
519 2789 782 2836 agnoscimus,
799 2799 888 2824 cum
903 2787 1104 2824 videmus:
1128 2788 1251 2823 Dileoez'
1262 2799 1272 2830 ;

251 2852 345 2899 quia
363 2851 540 2888 merendi
559 2851 671 2895 ratio,
687 2852 742 2886 est
761 2849 989 2886 charitatiVa
1009 2848 1178 2885 dilectio.
1201 2848 1275 2885 Sed

251 2915 364 2957 nota,
381 2912 488 2960 quod
511 2912 596 2949 talis
615 2911 770 2948 dilectio
790 2921 871 2947 non
899 2913 955 2947 est
973 2910 1181 2956 naturalis,
1202 2920 1275 2946 nec

251 2974 425 3018 socialis,
452 2973 520 3009 sed
549 2972 772 3019 spiritualis.
798 2972 926 3008 Prima
952 2972 1107 3008 dilectio
1137 2974 1193 3008 est
1219 2971 1276 3007 in-

250 3039 341 3073 nata
348 3049 359 3082 3
381 3034 554 3072 secunda
573 3034 762 3081 acquisita
773 3045 784 3078 3
805 3033 915 3070 tertia
935 3036 990 3069 est
1009 3034 1207 3080 inspirata.
1225 3035 1274 3070 De

250 3097 429 3144 prima⁷:
456 3108 473 3129 «
492 3097 612 3133 Omne
643 3093 789 3131 animal
816 3094 944 3140 diligit
968 3094 1041 3129 sibi
1069 3094 1195 3131 simile
1218 3107 1226 3130 :
1254 3108 1272 3129 »

251 3169 339 3195 ecce
360 3158 514 3194 dilectio
537 3155 739 3193 naturalis.
767 3158 817 3192 De
842 3155 1014 3192 secunda
1032 3156 1070 3191 ⁸:
1099 3169 1116 3189 α
1137 3156 1276 3193 Anima

250 3219 422 3256 Jonathae
437 3220 483 3266 (b)
503 3219 688 3265 colligata
707 3220 763 3254 est
775 3217 915 3254 animae
935 3216 1070 3261 David,
1089 3219 1125 3253 et
1142 3217 1278 3259 dilexit

252 3290 342 3316 eum
361 3280 546 3317 Ionathas
559 3280 616 3326 (b),
630 3280 742 3327 quasi
756 3278 927 3316 animam
938 3288 1069 3315 suam:
1082 3291 1099 3313 »
1119 3288 1206 3314 ecce
1221 3279 1276 3315 di-

294 3391 413 3422 1ΡΜΙ.
442 3399 506 3430 xc,
544 3394 593 3423 ¹6.
621 3407 662 3414 —
690 3392 700 3409 ²
726 3391 814 3423 Psal.
843 3398 984 3431 Lxxxiv,
1008 3392 1060 3423 10.
1082 3408 1123 3414 -
1147 3391 1160 3412 ³
1186 3392 1273 3422 Psal.

250 3445 342 3476 uu,
368 3441 419 3468 21.
443 3454 483 3461 —
502 3438 512 3456 ⁴
538 3438 548 3469 1
569 3439 678 3477 Joan„
700 3446 732 3476 ν,
754 3441 785 3470 3.
804 3455 845 3461 -
865 3439 875 3456 ⁵
896 3437 1013 3478 Eccli.,
1034 3445 1144 3478 xx111,
1164 3439 1215 3469 37.
1235 3454 1276 3460 —·

252 3484 263 3502 ⁸
279 3483 399 3521 Eccli.,
413 3493 517 3521 xxxv,
538 3486 569 3516 2.
582 3501 623 3508 -
641 3486 650 3503 ⁷
664 3485 781 3524 Eccli„
801 3492 879 3524 xm,
900 3486 948 3516 19.
960 3501 997 3508 —
1012 3484 1026 3507 ⁸
1042 3485 1053 3516 1
1069 3484 1161 3525 Κεφ,
1175 3491 1273 3525 xvul,

253 3532 383 3569 1‚3.—
409 3530 423 3551 ⁹
445 3531 578 3567 Jerem.‚
609 3540 709 3570 xxxi,
737 3533 766 3562 3.
783 3549 822 3554 —
849 3532 875 3553 ¹⁰
900 3531 1035 3571 Mallia,
1059 3539 1157 3570 xxvi,
1182 3533 1275 3562 41.—

1363 385 1477 422 lectio
1497 385 1664 422 socialis.
1688 387 1738 421 De
1757 384 1894 422 tertia⁹
1911 394 1919 419 :
1939 394 1957 417 α
1977 381 2186 419 Dilectione
2204 384 2393 430 perpetua

1365 445 1561 491 dilexite,
1588 447 1678 484 ideo
1706 445 1843 484 attraxi
1872 446 1908 481 te
1936 444 2148 481 miserans:
2177 456 2195 478 n
2217 453 2303 480 ecce
2329 443 2388 480 di-

1363 507 1481 544 lectio
1503 507 1726 555 spiritualis.

1792 608 1965 648 Epilogus.

1409 695 1622 731 Ostendens
1648 704 1740 740 ergo
1763 694 1954 741 Propheta
1978 692 2192 729 secundam
2219 691 2391 739 probita-

1361 758 1406 794 tis
1427 758 1693 801 occasionem,
1708 758 1853 794 scilicet
1871 767 2025 794 coronae
2044 755 2387 803 praestolationem,

1361 819 1414 855 ait
1431 830 1440 854 ε
1465 820 1707 866 Expectabam
1716 847 1728 865 ,
1746 821 1937 866 quantum
1957 818 2009 854 ad
2026 817 2214 853 fiduciam
2233 818 2391 863 praesto-

1360 880 1493 926 lantis;
1513 881 1679 917 Salutare
1694 885 1808 926 tuum,
1824 882 1985 925 Domine,
2003 880 2195 927 quantum
2211 878 2263 914 ad
2283 888 2392 915 coro-

1360 951 1453 977 nam
1483 941 1675 978 felicitatis
1685 954 1695 987 3
1727 943 1774 978 Ec
1801 942 1973 977 mandata
2002 944 2086 985 tua,
2115 941 2308 986 quantum
2339 937 2391 975 ad

1360 1003 1498 1039 merita
1524 1002 1795 1050 obsequentis3
1826 1004 1966 1048 Ditem,
1988 1003 2180 1048 quantum
2199 1000 2251 1036 ad
2269 999 2389 1036 ratio-

1360 1075 1451 1101 nem
1472 1064 1679 1102 charitatis.

1721 1203 1941 1231 VERSlCULUS
1969 1204 2033 1230 vlt.

1410 1311 1489 1347 1:37.
1512 1311 1716 1347 Custodivz't
1736 1313 1858 1347 anima
1876 1322 1973 1357 mea,
1987 1314 2057 1348 etc.
2079 1313 2168 1348 Post
2186 1311 2390 1358 Scriptura:

1359 1371 1688 1418 consolationem,
1714 1375 1750 1409 et
1769 1383 1924 1409 coronae
1942 1372 2295 1420 praestolationem,
2316 1382 2394 1409 au-·

1359 1433 1514 1469 diamus
1541 1433 1694 1470 tertiam
1715 1434 1921 1481 probitatis
1948 1434 2218 1479 occasionem,
2245 1433 2392 1471 scilicet

1356 1495 1453 1541 legis
1472 1495 1776 1532 aemulationem.
1803 1495 2010 1532 AEmulatio
2031 1496 2104 1532 ista
2129 1495 2184 1531 sic
2204 1494 2390 1542 exprimi-

1356 1558 1417 1592 tur
1446 1568 1469 1593 a
1488 1557 1709 1593 Psalmista:
1742 1557 1959 1602 Custodz'vz't,
1981 1559 2069 1603 etc.,
2095 1557 2172 1593 hoc
2193 1558 2248 1592 est
2268 1567 2276 1592 :
2299 1556 2391 1592 Cus-

1356 1618 1480 1654 todivi
1515 1619 1750 1655 catholicam
1784 1618 2007 1664 veritatem,
2045 1617 2274 1655 adhibendo
2304 1616 2390 1654 dili-

1356 1680 1526 1725 gentiam
1548 1680 1834 1717 vehementem.
1855 1681 1961 1725 Jam‚
1983 1679 2023 1716 ni
2041 1679 2171 1725 fallor,
2190 1678 2388 1727 proesenti·

1355 1739 1403 1776 tis
1425 1741 1472 1787 (a)
1496 1741 1786 1778 distinctionem
1811 1752 1947 1778 versus
1972 1741 2187 1788 praesentis,
2205 1739 2388 1777 videlicet

1356 1802 1576 1839 custodiam
1606 1803 1804 1840 catholicae
1836 1803 2006 1839 veritatis
2016 1815 2027 1849 3
2068 1805 2104 1839 et
2141 1801 2385 1849 diligentiam

1354 1863 1586 1910 virtuosam,
1608 1867 1743 1901 contra
1769 1863 1977 1912 perfidiam
2005 1863 2193 1901 haereticae
2215 1863 2386 1911 pravita-

1354 1926 1414 1972 tis,
1437 1929 1473 1963 et
1492 1926 1798 1963 fraudulentiam
1822 1936 2076 1963 venenosam.

1687 2031 1874 2066 Articulus
1898 2033 2051 2077 primus.

1401 2110 1494 2146 Vide
1515 2110 1644 2157 primo
1665 2110 1908 2147 custodiam:
1932 2111 2135 2147 Custodivit
2154 2112 2277 2147 anima
2292 2122 2380 2148 mea.

1351 2174 1435 2208 Non
1455 2172 1554 2208 dixit
1572 2183 1580 2207 :
1601 2183 1694 2216 caro,
1715 2172 1808 2208 sed:
1832 2175 1975 2216 anima:
1995 2173 2088 2220 quia
2105 2172 2232 2210 carnis
2252 2174 2309 2210 est
2326 2173 2384 2209 in-

1351 2233 1514 2278 firmari,
1552 2233 1621 2269 sed
1651 2233 1790 2269 animae
1821 2244 1912 2269 cum
1944 2233 2134 2280 sapientia
2165 2233 2381 2270 colluctari.

1350 2294 1504 2340 Legitur
1526 2294 1631 2330 enim
1647 2295 1696 2331 ¹0:
1718 2307 1735 2328 <‹
1753 2296 1849 2331 Caro
1869 2294 2046 2340 infirma3
2061 2307 2079 2329 n
2097 2297 2134 2331 et
2155 2294 2177 2315 ¹¹
2197 2306 2231 2331 :«
2243 2294 2381 2332 Anima

1351 2367 1441 2392 cum
1473 2356 1663 2403 sapientia
1688 2356 1909 2393 colluctata.
1938 2370 1956 2391 »
1987 2356 2062 2393 Sed
2086 2358 2223 2393 notare
2247 2359 2380 2404 potes,

1352 2419 1557 2465 quomodo
1576 2419 1779 2455 veritatem
1792 2418 2021 2465 hujusmodi
2035 2418 2230 2455 custodire
2243 2418 2378 2455 debes.

1350 2481 1466 2517 Plane
1495 2480 1712 2527 tripliciter,
1747 2481 1892 2517 scilicet
1921 2479 2258 2525 intemerabiliter,
2289 2479 2381 2517 irre-

1348 2541 1615 2587 tractabiliter,
1628 2541 1970 2579 indissolubiliter:
1995 2541 2107 2589 quasi
2120 2540 2381 2578 sacerdotium

1350 2602 1535 2639 divinitus
1563 2602 1816 2649 dispositum3
1846 2603 1958 2650 quasi
1973 2602 2167 2650 judicium
2195 2601 2381 2639 divinitus

1350 2664 1561 2702 diffinitum
1570 2677 1580 2711 3
1613 2665 1725 2712 quasi
1750 2667 1909 2712 pactum
1937 2663 2124 2701 divinitus
2151 2663 2376 2700 stabilitum.

1348 2728 1399 2763 De
1425 2726 1554 2774 primo
1583 2726 1799 2772 figuraliter
1825 2726 1965 2763 dicitur
1987 2727 2010 2748 ¹²
2034 2739 2045 2762 .-
2071 2739 2088 2760 (ι
2109 2714 2304 2763 custodite
2321 2736 2380 2763 sa-

1349 2788 1568 2825 cerdotium
1587 2790 1758 2824 vestrum
1777 2800 1785 2824 :
1808 2802 1826 2823 »
1851 2799 1939 2824 ecce
1955 2787 2228 2834 [sacerdotium
2255 2788 2379 2824 custo-

1350 2849 1542 2886 diendum
1561 2849 1894 2886 intemerabiliter.
1917 2851 1967 2886 De
1984 2848 2156 2886 secundo
2182 2848 2229 2884 ¹³:
2255 2860 2273 2882 α
2289 2849 2380 2885 Cus-

1348 2911 1469 2947 todite
1494 2910 1709 2957 judicium,
1731 2913 1767 2947 et
1803 2911 1916 2948 facite
1931 2911 2140 2957 justitiam,
2161 2908 2255 2958 quia
2269 2909 2381 2956 juxta

1349 2975 1405 3008 est
1430 2972 1534 3008 salus
1559 2983 1672 3009 mea:
1697 2985 1716 3008 »
1749 2983 1838 3009 ecce
1859 2972 2053 3019 judicium
2076 2971 2380 3008 custodiendum

1347 3033 1691 3070 irretractabiliter.
1710 3035 1761 3070 De
1782 3033 1892 3070 tertio
1914 3032 1941 3057 ¹⁸
1963 3046 1971 3070 :
1997 3047 2015 3068 «
2038 3032 2267 3071 Custodiens
2289 3042 2380 3080 pac-

1348 3099 1431 3132 tum
1462 3106 1616 3141 meum,
1650 3098 1687 3132 et
1716 3105 1849 3132 semen
1882 3098 1993 3132 tuum
2020 3097 2108 3142 post
2133 3097 2170 3131 te
2203 3107 2213 3132 :
2245 3107 2265 3130 >v
2292 3104 2380 3131 ecce

1353 3159 1515 3204 pactum
1542 3156 1845 3193 custodiendum
1876 3156 2212 3194 indissolubiliter.
2239 3155 2298 3192 Sic
2318 3155 2382 3192 de-

1348 3217 1419 3254 bes
1448 3217 1647 3255 veritatem
1679 3217 1773 3254 fidei
1805 3218 2000 3255 custodire
2031 3230 2040 3254 :
2073 3228 2156 3255 non
2186 3218 2381 3254 temerans

1349 3279 1495 3326 corde:
1541 3290 1622 3317 non
1659 3282 1872 3317 retractans
1907 3290 2004 3327 ore3
2043 3290 2126 3317 non
2163 3278 2380 3316 dissolvens

1350 3351 1482 3387 opere.

1351 3441 1370 3458 ¹¹
1393 3440 1513 3478 Eccli„
1535 3447 1587 3479 LI,
1609 3442 1661 3471 25.
1683 3457 1711 3463 -
1742 3440 1766 3459 ¹²
1787 3440 1903 3478 Num„
1922 3446 2028 3478 xvur,
2051 3440 2080 3471 7.
2097 3454 2138 3461 —
2159 3439 2184 3461 ’θ
2203 3439 2281 3480 Isa.‚
2307 3447 2379 3481 rm,

1352 3490 1380 3518 1.
1399 3504 1440 3510 —
1461 3488 1488 3510 ¹¹·
1508 3486 1600 3526 Gen„
1631 3494 1718 3526 xvir,
1741 3488 1772 3517 9.
1807 3503 1841 3508 —
1868 3486 1915 3526 (α)
1939 3486 1998 3518 Al.
2026 3485 2320 3526 praevenientium.
2339 3504 2380 3511 —

1349 3532 1391 3571 (b)
1419 3535 1500 3565 Caet.
1525 3533 1606 3565 edit.
1624 3533 1805 3565 Jonathan.
1830 3550 1864 3555 —
1887 3534 1927 3572 (c)
1947 3534 2027 3564 Item
2049 3533 2236 3573 praesentis.

2620 2950 2633 3079 ›Ab—„4
2626 2762 2633 2927 .——⁴—--.
2628 2698 2633 2747 ,μμ
2630 2659 2633 2679 m
