2633 3878
286 293 363 332 032

293 394 312 417 (1
333 378 506 429 Semper
534 375 758 424 discentes,
780 378 820 414 et
842 384 1062 426 nunquam
1098 373 1150 413 ad
1183 372 1314 412 scien-

290 449 389 488 tiam
406 446 593 488 veritatis
615 445 922 498 pervenientes.
945 458 964 481 n

341 517 553 567 Quaeritur
571 516 622 557 de
646 516 746 565 hoc,
770 515 882 567 quod
916 513 1012 554 dicit
1034 525 1043 552 :
1072 512 1165 554 Non
1196 511 1315 554 dedit

289 590 329 630 ei
360 589 568 630 Donu'nus
600 590 868 638 potestatem,
903 587 949 626 ut
979 585 1152 634 fruatur
1178 583 1311 625 bonis.

290 659 439 699 Contra
471 657 549 698 hoe
582 671 590 697 ι
623 657 693 697 Est.
727 656 906 695 liberum
940 654 1164 694 arbitrium
1203 668 1210 694 :
1244 655 1314 693 sed

290 729 401 770 dedit
428 728 610 769 liberum
637 726 860 767 arbitrium
888 739 896 764 :
926 736 1032 776 ergo
1063 727 1103 764 et
1131 726 1310 777 potcsta-

292 803 389 839 tem.
414 798 657 850 Respondeo
683 796 929 845 dicendum,
951 795 1064 848 quod
1085 795 1316 847 potentiam

292 870 416 910 habet
435 869 487 910 ad
507 868 755 917 fruendum,
773 866 930 906 scilicet
950 877 1036 918 qna
1051 868 1186 918 potest
1206 865 1286 904 frui
1303 879 1312 913 ;

291 940 362 981 sed
378 941 493 991 Justo
509 938 576 980 Dei
592 937 746 990 Judicio
767 936 994 989 impeditur
1014 935 1156 987 aliqua
1177 946 1315 986 poena,

293 1011 391 1063 qnia
423 1009 552 1050 mittit
582 1007 906 1049 sollicitudinem
944 1005 1203 1057 superfluam
1227 1035 1238 1053 ,
1279 1007 1319 1044 et

295 1083 510 1130 timorem,
541 1082 582 1120 et
612 1079 799 1119 dolorem
822 1091 830 1115 :
861 1079 902 1116 et
928 1075 1029 1128 qnia
1055 1077 1237 1127 potestas
1256 1074 1319 1114 di-

293 1153 345 1192 cit
375 1151 427 1203 (a)
459 1149 689 1203 potentiam
718 1146 957 1199 expeditam
980 1177 989 1194 ‚
1022 1148 1062 1185 et
1090 1145 1181 1185 haee
1205 1146 1322 1197 Justo

289 1221 448 1273 ι111111010
477 1219 696 1272 impedita,
724 1218 836 1267 ideo,
870 1219 948 1257 ete.
982 1215 1086 1256 Item
1117 1215 1323 1268 quaeritur

294 1293 344 1333 de
368 1292 465 1339 hoc,
490 1289 600 1343 quod
620 1289 742 1330 dicit:
768 1286 892 1339 Quod
910 1286 1020 1329 nihil
1033 1286 1146 1328 deest
1164 1287 1320 1328 anima)

295 1374 384 1404 siae
403 1373 456 1404 ea?
475 1361 668 1404 omnibus
687 1370 780 1412 ‹111oe
800 1358 1030 1401 desiderat.
1054 1357 1204 1398 Contra
1226 1357 1324 1398 dici-

297 1438 364 1473 tnr
391 1437 401 1458 ¹
429 1447 436 1473 :
466 1432 665 1472 «Avarus
694 1442 779 1470 non
811 1429 1054 1481 implebitur
1087 1428 1277 1481 pecunia.
1299 1442 1318 1465 >³

296 1503 342 1543 Et
365 1514 510 1543 rursus
539 1501 821 1553 Hieronymus
837 1500 852 1522 ²
874 1513 881 1539 ε
906 1514 925 1536 (ι
945 1499 1085 1539 Avaro
1104 1499 1218 1539 deest
1241 1502 1325 1538 tam

297 1574 406 1627 qnod
428 1573 571 1622 habet,
599 1584 727 1624 qnam
749 1571 862 1623 quod
892 1582 979 1611 non
1009 1570 1149 1610 habet.
1174 1584 1192 1607 >)
1216 1569 1325 1610 Male

296 1657 399 1696 vrgo
428 1644 545 1691 dicit,
576 1655 673 1683 cum
705 1642 762 1682 ait
786 1657 793 1682 :
822 1644 879 1684 Ec
908 1641 1021 1682 m'liil
1055 1641 1186 1683 deest.
1224 1640 1323 1680 Res-

298 1716 460 1768 pondeo
489 1713 713 1755 dicendum
730 1744 740 1763 ,
762 1712 874 1764 qnod
895 1711 1010 1752 deest
1029 1711 1187 1763 aliquid
1206 1726 1215 1760 ;
1243 1711 1323 1751 hoc

298 1790 440 1826 antem
469 1787 605 1838 potest
635 1795 724 1823 esse
746 1782 968 1834 dupliciter
991 1794 999 1819 :
1025 1781 1091 1822 vel
1113 1784 1324 1834 qnantum

299 1858 348 1897 ml
370 1856 663 1897 sufficientiam
685 1852 917 1893 secundum
939 1864 1030 1892 rem
1051 1855 1091 1892 et
1109 1855 1325 1902 naturam3

301 1928 366 1969 vel
387 1926 618 1968 secundum
640 1923 897 1976 opinionem.
928 1922 1025 1962 Dico
1054 1934 1182 1973 ergo,
1214 1923 1327 1974 quod

304 2000 408 2039 liene
428 1999 665 2050 potestesse
683 2005 838 2034 avarus
852 1993 909 2033 ita
929 1993 1067 2042 dives,
1086 1993 1197 2045 quod
1218 1993 1328 2033 nihil

303 2069 434 2109 decrit
466 2066 698 2108 secundum
729 2076 820 2104 rem
855 2066 896 2104 et
928 2066 1148 2114 naturam3
1172 2064 1243 2105 sed
1267 2067 1330 2104 ta-

305 2152 402 2180 men
433 2148 651 2190 nunquam
685 2136 743 2176 ita
773 2135 922 2184 diveS,
968 2134 1072 2187 quin
1106 2135 1263 2188 aliquid
1292 2136 1331 2176 ei

304 2210 411 2251 desit
441 2209 674 2250 secundum
704 2218 827 2247 snam
853 2206 1176 2246 aestimationem
1196 2238 1206 2256 ,
1233 2207 1332 2258 quia

306 2292 471 2333 semper
491 2279 584 2332 plus
603 2278 719 2330 cupit
737 2277 893 2317 habere
907 2308 917 2327 ,
939 2280 981 2316 et
1009 2277 1065 2316 ita
1094 2276 1173 2316 sibi
1201 2276 1330 2316 deest.

362 2350 463 2390 item
483 2349 533 2389 de
554 2349 632 2388 hoc
651 2347 871 2400 quaeritur,
888 2346 1001 2398 quod
1021 2345 1262 2386 abortivum
1279 2345 1327 2397 (b)

306 2423 343 2462 ei
366 2421 533 2473 praefert
552 2434 560 2460 z
583 2418 750 2458 videtur
773 2416 885 2469 quod
906 2416 1035 2466 male,
1057 2416 1158 2467 quia
1179 2415 1333 2455 aborti-

308 2505 387 2532 vus
417 2493 459 2543 (c).
485 2490 697 2530 nullarum
717 2499 857 2528 rerum
876 2487 1003 2527 habet
1022 2486 1332 2537 cognitionem;

309 2563 385 2602 iste
404 2565 546 2602 autem
566 2559 728 2600 habuit.
758 2558 859 2598 ttem
879 2569 1055 2607 avaruS,
1075 2568 1172 2596 cum
1199 2559 1338 2609 peccet

312 2632 557 2682 mortaliter,
590 2631 743 2671 fruitur
770 2629 952 2670 utendis.
992 2628 1096 2668 Item
1127 2628 1338 2680 quomodo

312 2704 424 2753 dicit,
447 2702 558 2755 quod
580 2712 664 2743 non
684 2701 879 2753 coquorz't
902 2699 1158 2741 distantiam
1182 2699 1279 2741 boni
1302 2702 1340 2740 et

317 2775 432 2825 mali,
447 2774 525 2814 nisi
546 2773 667 2813 fuerit
681 2771 911 2824 perfruitus
929 2770 1081 2810 honis‘?
1099 2768 1215 2820 Ergo
1229 2769 1340 2810 vide-

316 2850 383 2886 tur
403 2845 514 2897 quod
546 2855 699 2884 avarus
721 2843 765 2892 (c')
790 2841 843 2881 sit
872 2840 1019 2880 melior
1041 2840 1238 2880 omnibus
1262 2840 1336 2892 qni

314 2926 401 2955 non
415 2914 671 2954 delectantur
693 2912 738 2951 in
758 2911 880 2951 bonis
900 2910 1195 2963 praesentibus,
1211 2909 1338 2962 etqui

323 2997 411 3026 non
424 2987 520 3024 sunt
531 2983 739 3023 carnales:
758 2982 835 3021 1100
846 2985 987 3021 autem
999 2985 1061 3021 est
1076 2981 1321 3021 haeretieum
1330 3009 1340 3021 .

368 3055 613 3108 Responde-0
658 3052 882 3093 dicendum
931 3052 1166 3091 secundum
1221 3051 1336 3090 illam

315 3128 429 3168 viam
448 3158 457 3175 ‚
486 3125 597 3178 quod
617 3125 650 3164 si
681 3123 760 3163 1100
790 3122 953 3163 dicatur
987 3122 1029 3160 in
1051 3134 1337 3173 pe1·.—:onacar-

315 3199 423 3249 nali,
455 3197 585 3238 facitis
622 3198 684 3236 est
716 3193 964 3247 responsio:
999 3193 1242 3232 sustinendo
1278 3195 1339 3232 ta-

316 3282 415 3310 men
433 3268 512 3308 hoc
527 3299 538 3317 ,
561 3266 673 3319 quod
693 3265 801 3306 dicat
833 3263 1066 3305 secundum
1090 3263 1340 3312 veritatem,

317 3341 422 3389 dico,
436 3337 547 3392 quod
563 3337 634 3377 tali
647 3336 767 3377 diviti
777 3335 910 3376 tenaci
921 3334 1159 3375 abortivum
1175 3333 1220 3385 (b)
1236 3344 1342 3385 prae-

318 3411 433 3463 ponit
454 3441 466 3459 ,
490 3408 590 3461 quia
625 3407 721 3457 ille,
751 3406 947 3459 quamvis
979 3416 1065 3445 non
1102 3404 1153 3444 sit
1190 3415 1340 3456 exper-

362 3519 368 3537 ¹
388 3517 508 3555 Supra,
529 3521 561 3554 ν,
580 3515 611 3544 9.
625 3529 663 3535 -
684 3513 697 3534 ²
715 3513 865 3550 Hieron„
883 3510 928 3542 ad
943 3510 1134 3550 Paulinum,
1156 3510 1253 3551 epist.
1271 3517 1344 3541 cm.

318 3579 358 3586 --
378 3562 390 3584 ³
411 3561 509 3600 lutra,
530 3568 599 3598 xit,
621 3562 650 3591 2.
671 3577 712 3583 -—
732 3562 774 3598 ἀ)
802 3559 882 3591 Coet.
902 3557 981 3589 edil.
1013 3557 1115 3589 ducit.
1142 3575 1183 3580 —
1199 3557 1245 3598 (b)
1265 3557 1345 3588 Item

963 283 1232 325 lexrosrl‘to
1263 283 1314 323 IN
1345 281 1742 324 ECCLESIASTEN.

1389 375 1459 413 tus
1488 373 1598 412 hona
1614 403 1626 422 ,
1659 374 1802 412 tamen
1828 381 1914 411 non
1948 368 2148 410 sustinuit
2177 367 2289 409 mala
2311 382 2319 409 :
2346 367 2413 408 hic

1390 445 1532 483 autem
1552 442 1748 483 sustinuit
1769 440 1892 491 mala,
1909 443 1949 480 et
1962 451 2048 480 non
2068 438 2254 491 gustavit
2274 438 2408 479 hona:

1390 514 1484 554 ideo
1504 513 1573 553 ille
1593 512 1796 565 posterior
1819 525 1827 551 :
1854 514 1893 551 et
1917 513 2126 564 quantum
2157 509 2209 550 ad
2238 509 2318 550 hoe
2347 509 2414 550 in-

1390 584 1557 635 telligit.
1579 583 1697 631 Quod
1714 581 1913 633 objicitur
1934 581 1985 621 de
2004 581 2166 621 ratione
2183 611 2194 631 ‚
2216 579 2416 632 quianon

1392 657 1454 694 est
1484 653 1714 705 perfruitus
1741 651 1886 700 honis,
1915 651 2158 701 dicendum,
2196 650 2308 703 quod
2329 649 2416 691 frui

1392 735 1479 765 11110
1501 724 1624 764 modo
1645 722 1745 763 dicit
1763 721 2028 761 dilectionem
2045 720 2102 773 (d)
2122 720 2301 773 alicujus
2315 732 2414 761 cum

1394 793 1651 847 quietatione
1672 793 1714 832 in
1734 791 1831 841 illo;
1855 791 1936 832 alio
1957 791 2081 832 modo
2111 791 2414 844 quietationem

1394 867 1434 905 et
1453 863 1772 905 delectationem
1795 875 1804 902 :
1827 861 1918 902 dico
1939 873 2063 913 ergo,
2082 861 2195 914 quod
2227 861 2302 914 qui
2333 861 2422 902 dili-

1397 935 1461 986 git
1480 934 1629 983 Deum.
1652 933 1793 983 habet,
1812 932 1919 972 sicut
1939 932 2039 972 dicit
2055 931 2323 984 Augustinus
2346 941 2356 970 ε
2381 934 2421 972 et

1395 1006 1502 1056 ideo,
1525 1005 1599 1058 qui
1618 1005 1752 1045 Deum
1771 1004 1924 1055 diligit,
1947 1003 2056 1044 ineo
2073 1003 2300 1044 delectatur
2317 1015 2326 1043 :
2343 1001 2414 1043 sed

1396 1077 1602 1130 pecunia,
1638 1075 1705 1116 vel
1736 1073 1991 1126 temporale,
2023 1085 2120 1114 eum
2156 1073 2351 1126 diligitur
2382 1076 2423 1114 et

1395 1159 1484 1187 non
1503 1146 1682 1186 habetur
1699 1145 1750 1185 ad
1771 1147 1935 1194 votum,
1955 1143 2064 1197 parit
2082 1144 2308 1185 tristitiam.
2326 1142 2422 1184 ideo

1398 1218 1532 1269 potest
1550 1228 1641 1257 esse
1659 1215 1803 1255 fruitio
1821 1215 1975 1255 harum
1996 1226 2160 1265 rerum,
2182 1214 2224 1255 id
2253 1216 2336 1266 est,
2364 1214 2421 1256 di-

1396 1288 1521 1328 lectio
1542 1287 1586 1340 (e)
1604 1297 1787 1335 summa,
1800 1287 1841 1326 et
1858 1287 2002 1326 tamen
2021 1285 2238 1326 delectatio
2262 1285 2425 1326 modica

1397 1361 1439 1399 et
1454 1357 1622 1398 tristitia
1642 1357 1851 1397 maxima:
1871 1346 1962 1397 ideo
1982 1368 2068 1397 non
2087 1355 2293 1408 sequitur,
2310 1355 2422 1408 quod

1398 1429 1594 1482 quamvis
1614 1427 1708 1468 talis
1737 1439 1894 1467 avarus
1925 1429 2085 1479 peccet,
2113 1426 2225 1478 quod
2245 1425 2426 1467 delecta-

1399 1501 1512 1540 tione
1532 1499 1786 1552 reqniescat;
1810 1498 1883 1539 sed
1903 1499 2046 1538 tamen
2065 1496 2243 1549 quiescit
2262 1507 2422 1546 amore,

1400 1571 1499 1623 quia
1519 1581 1684 1622 semper
1704 1581 1748 1609 se
1768 1568 1923 1620 diligit.
1949 1567 2067 1616 Quod
2083 1566 2295 1619 objicitur,
2315 1566 2428 1620 quod

1400 1653 1486 1681 non
1514 1640 1717 1692 cognovit
1745 1639 2006 1689 distantiam,
2035 1638 2285 1686 dicendum,
2314 1637 2427 1690 qnod

1401 1711 1580 1764 simplici
1600 1711 1748 1751 notitia
1768 1709 1852 1760 1110,
1875 1710 1948 1761 qui
1968 1708 2095 1749 habet
2114 1719 2280 1761 semper
2299 1707 2424 1758 hona,

1403 1782 1620 1834 cognoscit
1632 1781 1755 1830 bona,
1776 1780 1967 1820 similiter
1989 1782 2028 1819 et
2049 1778 2117 1819 1110
2136 1778 2210 1831 qui
2235 1778 2287 1829 (f)
2301 1777 2426 1818 habet

1403 1853 1513 1892 bona
1526 1851 1685 1891 etmala
1699 1865 1708 1890 ε
1722 1854 1761 1891 et
1773 1850 1874 1903 quia
1886 1849 1981 1890 talis
1991 1860 2156 1899 semper
2167 1847 2427 1898 habetmala,

1402 1934 1626 1974 nunquam
1644 1922 1769 1971 bona,
1798 1921 1906 1970 idco,
1925 1922 2003 1960 ete.
2026 1918 2146 1968 Quod
2166 1917 2362 1971 objicitur
2380 1917 2431 1958 de

1403 1992 1496 2033 viro
1518 1991 1744 2044 spirituali,
1770 1991 1884 2041 (1100,
1910 1989 2022 2043 quod
2042 1989 2131 2042 ipse
2149 2000 2233 2029 non
2261 1990 2322 2028 est
2342 1987 2431 2028 sine

1404 2062 1675 2103 delectatione
1700 2060 1907 2114 spirituali
1928 2075 1936 2100 :
1962 2060 2055 2101 ideo
2075 2059 2189 2101 videt
2215 2058 2367 2108 solem,
2391 2060 2432 2099 et

1405 2133 1620 2186 cognoscit
1639 2132 1897 2173 distantiam.
1909 2130 1990 2171 Sed
2008 2142 2163 2171 avarus
2176 2131 2317 2179 tenax,
2333 2129 2433 2182 quia

1408 2206 1612 2257 peccator,
1634 2214 1721 2243 non
1746 2202 1873 2242 habet
1899 2201 2215 2242 delectationem
2233 2199 2432 2253 spiritua-

1406 2274 1513 2323 lem;
1548 2273 1649 2326 qnia
1675 2275 1824 2322 tenax,
1857 2283 1944 2311 non
1972 2271 2098 2311 habet
2126 2270 2358 2320 carnalem;
2394 2272 2436 2312 et

1407 2345 1500 2386 ideo
1518 2356 1605 2384 non
1631 2342 1844 2395 cognoscit
1869 2341 2109 2383 distantiam
2131 2340 2232 2382 boni
2256 2343 2297 2382 et
2317 2340 2434 2382 mali.

1462 2415 1502 2454 8.
1527 2413 1643 2463 Quid
1665 2413 1787 2455 habet
1805 2413 2010 2465 amplius,
2034 2414 2110 2452 etc.
2133 2411 2279 2452 Posuit
2307 2423 2436 2464 supra

1411 2486 1600 2527 medium
1617 2487 1761 2525 contra
1780 2483 2011 2524 vanitatem
2028 2482 2218 2531 malitiae‚
2233 2483 2275 2523 et
2293 2483 2439 2522 contra

1412 2557 1643 2597 vanitatem
1667 2554 1878 2603 avaritiae3
1906 2553 2030 2593 tertio
2058 2552 2176 2605 ponit
2200 2552 2436 2593 remedium

1412 2629 1557 2669 contra
1578 2625 1807 2666 vanitatem
1829 2623 2144 2677 imprudentiae:
2169 2624 2314 2663 eontra
2331 2622 2442 2663 hane

1414 2700 1571 2747 autem,
1607 2695 1843 2736 remedium
1875 2704 2093 2734 summum
2132 2695 2194 2733 est
2221 2692 2440 2746 acquisitio

1414 2768 1656 2820 sapientiae:
1692 2768 1733 2807 et
1758 2765 1858 2818 qnia
1883 2777 2008 2806 nemo
2034 2766 2168 2817 potest
2194 2764 2442 2818 sapientiam

1415 2839 1654 2890 acquirere,
1683 2835 1763 2876 nisi
1791 2836 1941 2875 haheat
1962 2835 2134 2875 modum
2155 2834 2343 2875 debitum
2369 2833 2444 2874 ad-

1416 2907 1620 2957 discendi,
1643 2906 1737 2947 ideo
1762 2906 1888 2946 habet
1912 2905 2004 2945 haee
2031 2916 2129 2957 pars
2148 2904 2254 2945 duas
2278 2905 2443 2957 partes:

1416 2979 1460 3018 in
1477 2978 1612 3030 prima
1625 2977 1695 3018 dat
1710 2976 1903 3026 modultu
1924 2979 1967 3015 in
1987 2975 2170 3016 secunda
2185 2974 2366 3027 explicat
2379 2985 2440 3014 sa-

1418 3050 1585 3102 pientiae
1600 3049 1866 3095 documenta,
1895 3046 1952 3086 ibi
1972 3046 1985 3067 ³
2017 3060 2025 3086 :
2049 3045 2206 3087 Melius
2223 3048 2284 3087 est
2299 3054 2446 3087 nomen

1419 3121 1584 3170 bonnm,
1612 3121 1689 3159 etc.
1722 3117 1868 3158 Modus
1893 3120 2033 3157 autem
2048 3116 2355 3166 considerandi,
2373 3115 2439 3157 vel

1419 3189 1668 3240 addiscendi,
1687 3189 1741 3240 ei,
1756 3188 1828 3241 qui
1851 3186 2044 3228 vultesse
2058 3187 2239 3239 sapiens,
2262 3186 2444 3228 traditur

1419 3263 1498 3303 1100
1531 3261 1683 3301 modo:
1720 3259 1877 3312 primo,
1903 3260 1951 3298 ut
1982 3257 2166 3298 addiscat
2197 3257 2337 3306 utilia;
2372 3267 2436 3296 se-

1419 3332 1579 3380 condo,
1607 3332 1654 3370 ut
1682 3328 1895 3380 relinquat
1926 3326 2186 3376 abscondita;
2219 3325 2362 3376 tertio,
2396 3328 2445 3366 ut

1420 3415 1506 3443 non
1535 3400 1722 3454 inquirat
1756 3397 1968 3439 sublimia.
2006 3396 2147 3437 Primo
2183 3406 2288 3447 ergo
2326 3395 2444 3436 docet

1421 3510 1590 3540 abortum.
1604 3522 1638 3528 -
1661 3503 1701 3545 (c)
1721 3505 1802 3536 Item
1825 3504 1973 3535 abortus.
1985 3519 2023 3526 —
2037 3502 2082 3541 (cl)
2100 3502 2180 3532 leem
2193 3500 2444 3533 discretionem.

1423 3572 1461 3577 —
1481 3556 1516 3592 (e)
1537 3556 1615 3586 Item
1631 3552 1860 3585 defectuum-
1880 3552 1919 3589 (sl
1943 3551 2021 3581 (Αἰ.
2043 3549 2121 3580 edit.
2139 3548 2228 3579 deest
2249 3547 2317 3589 qui.
