2633 3878
256 287 334 327 688

257 374 407 409 Domine,
426 379 465 403 ne
485 370 519 401 in
538 369 652 410 surore
672 368 738 406 tuo,
757 365 879 399 Psalm.
897 365 948 398 37.
970 367 1076 399 Furor
1094 366 1181 399 mul-

298 422 322 452 ti
349 421 414 452 lex.

257 470 305 500 De
325 430 500 507 giultiplici
523 464 655 506 sagitta.
677 464 828 501 Quatuor
847 470 972 503 genera
990 462 1181 495 hominum.

299 516 346 546 Dc
369 512 498 554 peccati
517 512 652 543 foetore.

257 562 341 594 Dixi
360 572 372 592 :
392 560 582 593 Custodiam
598 560 669 590 vias
688 567 796 597 meaa,
821 557 944 590 Psalm.
965 559 1018 589 38.
1033 557 1184 590 Verbum

299 608 422 640 mentis
441 610 473 639 et.
491 607 560 638 oris
581 606 645 646 (a).

258 656 305 687 De
321 655 442 695 triplici
461 653 604 685 silentio.
629 654 677 685 De
697 653 840 685 diversis
862 652 993 684 numeri
1014 651 1184 692 significa-

299 702 459 734 tionibus.
476 703 524 733 De
538 700 724 732 substantia
734 700 845 740 prima
864 702 897 730 ct
910 699 1070 731 secunda.
1088 698 1184 736 Quod

299 749 363 780 tria
385 750 454 780 Deo
468 751 697 789 apponuntur,
717 746 845 778 scilicet
859 755 979 786 uuum,
996 745 1139 786 simplex
1153 748 1187 777 et

300 795 430 827 stabile.

259 842 452 883 Quotuplici
468 841 570 873 modo
591 840 742 873 Christus
762 840 804 872 sit
823 849 924 881 super
943 839 1058 871 omnia
1073 840 1129 879 (a).

258 890 446 929 Expectans
473 889 644 928 expectari
661 888 855 926 Dominum,
879 886 1001 919 Psalm.
1035 888 1087 918 39.
1120 887 1185 918 Ex-

299 936 445 977 pectatio
456 935 632 975 multiplex
654 936 710 973 (a).
723 936 770 966 De
787 934 962 975 multiplici
973 934 1055 965 luto.
1072 934 1184 965 Caere--

299 983 414 1015 monia
433 982 660 1014 Cardinalium
680 981 716 1013 in
735 981 841 1014 sestis.
862 982 960 1019 Quod
984 982 1076 1012 Mare
1104 980 1185 1011 dici-

299 1033 354 1062 tur
373 1029 613 1070 multipliciter.

258 1078 357 1115 Quod
376 1078 451 1109 duae
470 1080 547 1108 sunt
565 1076 809 1108 misericordiae
829 1075 970 1116 species.
1002 1074 1079 1107 Tria
1109 1083 1186 1106 con-

299 1125 478 1157 sideranda
496 1124 627 1155 homini
647 1124 687 1155 dc
706 1123 816 1163 seipso
843 1125 901 1164 (a).

258 1172 378 1204 Beatus
392 1172 450 1212 qui
469 1170 638 1211 intelliyit,
660 1170 782 1201 Psalm.
804 1172 855 1202 40.
878 1169 1057 1208 Quomodo
1074 1168 1186 1201 Chris-

299 1222 353 1251 tus
375 1219 440 1250 dici
467 1218 573 1258 possit
599 1226 707 1257 unus,
740 1217 895 1256 geminus
928 1219 960 1248 et
992 1217 1113 1248 trinus.
1138 1217 1187 1247 De

299 1265 476 1306 multiplici
495 1265 708 1296 necessitate.
739 1265 849 1295 Homo
875 1263 1018 1295 interior
1038 1266 1071 1295 et
1091 1264 1186 1294 exte-

299 1313 369 1345 rior
392 1313 450 1352 ((1).
470 1313 648 1344 Diversum
670 1311 763 1352 pacis
782 1320 903 1352 genus.

259 1361 307 1392 De
327 1359 501 1400 multiplici
527 1368 626 1400 pane.

259 1407 539 1446 Quemadmodum
560 1406 726 1437 desiderat
737 1414 860 1443 cerrus,
879 1405 1004 1437 Psalm.
1024 1405 1073 1436 41.
1091 1404 1189 1442 Quod

299 1454 412 1485 anima
424 1453 506 1485 sitin
516 1453 657 1485 cerebro
666 1452 854 1484 secundum
862 1452 1032 1493 physicos,
1042 1451 1076 1482 in
1086 1452 1188 1483 corde

300 1501 486 1533 secundum
505 1500 696 1541 theologos.
718 1501 766 1531 De
793 1499 969 1540 multiplici
989 1497 1167 1530 effusione.

261 1549 393 1581 Diversi
407 1549 541 1590 generis
559 1548 682 1589 gaudia
700 1547 760 1588 (a).
777 1547 876 1585 Quod
897 1546 1094 1578 sensualitas
1111 1555 1188 1586 per-

299 1597 411 1628 turbat
428 1596 589 1629 animam.
612 1596 659 1626 Dc
674 1594 850 1635 multiplici
864 1594 1000 1635 abysso.

258 1644 373 1675 ludica
395 1654 444 1675 nze
458 1670 465 1682 ‚
487 1644 591 1680 Deus,
622 1643 745 1675 Psalm.
768 1644 819 1673 42.
848 1642 895 1673 De
917 1640 1092 1682 multiplici
1111 1640 1187 1672 tris-

300 1692 381 1723 titia.
404 1693 452 1723 De
472 1690 650 1731 multiplici
666 1689 860 1721 emissione.

259 1739 359 1778 Deus,
377 1738 514 1770 auribus*
532 1738 653 1769 nostris
671 1737 885 1774 audivimus,
909 1736 1032 1767 Psalm.
1054 1737 1106 1766 43.
1141 1736 1189 1766 De

302 1786 476 1827 multiplici
496 1785 674 1817 vocatione
706 1784 778 1816 Dei.
809 1785 857 1815 De
886 1782 1065 1823 multiplici
1086 1791 1189 1823 opere

303 1834 375 1866 Dei.
391 1835 438 1865 De
451 1832 629 1873 multiplici
642 1832 851 1872 plantatione
866 1831 936 1862 Dci.
953 1830 1128 1870 Multiplex
1141 1839 1190 1861 rc-

303 1881 468 1921 pulsionis
488 1889 594 1921 genus
613 1880 669 1919 (a).
692 1880 740 1910 Dc
757 1878 932 1918 multiplici
946 1877 1089 1918 jejunio.
1106 1877 1190 1908 Mul-

303 1928 406 1968 tiplex
426 1927 610 1959 oblivionis
628 1935 736 1967 genus
751 1926 810 1965 (a).
828 1925 917 1962 Quot
931 1925 1041 1956 modis
1060 1924 1189 1956 dicatur

305 1974 453 2007 dormire
476 1974 639 2006 Christus.
662 1972 852 2004 Divisiones
873 1971 1058 2012 gratiarum
1082 1972 1140 2012 (a).

263 2023 437 2055 Eructavit
456 2031 512 2053 cor·
528 2030 634 2052 meum
650 2019 795 2058 verbum,
808 2019 931 2051 Psalm.
949 2021 998 2050 44.
1015 2019 1113 2056 Quod
1128 2021 1192 2050 tre-

305 2070 414 2101 decim
436 2072 513 2101 sunt
530 2068 652 2109 psalmi
672 2068 729 2109 qui
748 2067 960 2098 intitulantur
982 2066 1121 2098 nomine
1140 2066 1191 2097 in-

306 2118 470 2149 tellectus.
493 2118 541 2148 De
563 2119 708 2157 quatuor
723 2115 767 2157 (b)
781 2115 975 2156 nuptiarum
996 2114 1191 2156 generibus.

307 2165 430 2197 Forma
458 2164 581 2196 Christi
604 2163 756 2195 consistit
785 2163 821 2193 in
855 2162 988 2194 duobus
1016 2163 1073 2203 (a).
1096 2161 1194 2199 Quod

306 2208 1191 2253 praepositioDemultiplicemhabetsignificationem.

308 2262 398 2297 Quot
420 2258 531 2291 modis
561 2260 679 2299 regnet
710 2258 799 2289 Deus
833 2257 888 2297 (a).
919 2256 1017 2293 Quod
1043 2264 1196 2287 summus

309 2305 462 2338 Pontifex
479 2305 637 2337 baculum
650 2314 721 2336 non
739 2304 842 2335 habet
866 2302 1115 2344 pontificalem,
1136 2302 1196 2334 sed

308 2353 527 2385 Treverensis
547 2361 682 2392 semper
700 2352 819 2383 habuit
837 2350 1008 2382 baculum.

269 2401 366 2438 Quod
387 2409 447 2432 sex
467 2402 545 2431 sunt
566 2399 717 2431 notanda
738 2399 774 2430 in
793 2398 912 2430 baculo
932 2396 1129 2438 pontificali.
1148 2397 1195 2428 De

309 2447 486 2488 multiplici
502 2447 607 2479 odore
631 2446 684 2486 (c).
707 2446 805 2483 Quod
825 2445 971 2477 charitas
990 2444 1108 2485 regina
1127 2443 1194 2474 vir-

312 2496 420 2525 tutum
435 2494 568 2525 dicitur.
591 2495 638 2525 De
656 2492 815 2534 conjugio
835 2492 958 2525 Christi
977 2495 1010 2523 et
1024 2491 1196 2523 Ecclesiae.

310 2541 411 2578 Quod
426 2544 569 2581 quatuor
583 2540 618 2571 in
636 2549 743 2572 uxore
763 2539 920 2580 eligenda
937 2539 1168 2579 requiruntur.

271 2588 367 2626 Quod
381 2597 440 2628 per
459 2588 629 2620 fimbriam
647 2587 842 2628 intelligitur
856 2586 1049 2618 humanitas
1062 2585 1197 2618 Christi.

311 2635 445 2675 Triplici
465 2636 506 2667 de
524 2644 625 2667 causa
644 2635 776 2667 ducitur
793 2644 879 2666 uxor
901 2635 957 2674 (a).

271 2683 357 2714 Deus
377 2684 484 2714 noster
502 2683 671 2723 refuqinm
693 2684 724 2713 et
744 2682 864 2722 virtus,
886 2681 1008 2713 Psalm.
1036 2682 1087 2712 45.
1109 2681 1199 2712 Deus

313 2729 435 2762 dicitur
449 2739 523 2762 esse
537 2729 678 2770 alicujus
692 2728 953 2770 quadrupliciter
963 2728 1023 2769 (cl).
1037 2727 1123 2765 Quid
1140 2735 1202 2767 per

314 2777 504 2817 Abraham,
541 2778 630 2808 isaac
658 2779 691 2808 et
715 2777 820 2808 Jacob
850 2775 1056 2816 significetur
1088 2775 1129 2815 (a)
1152 2775 1200 2806 De

314 2824 491 2864 multiplici
509 2823 737 2856 tribulatione.
760 2825 808 2854 De
826 2822 1002 2863 multiplici
1020 2831 1117 2854 sono.

274 2871 322 2902 De
342 2871 552 2903 mirabilibus
566 2871 726 2911 operibus
740 2870 802 2902 Dei
818 2870 874 2911 (a).
888 2871 978 2902 Deus
998 2868 1135 2901 abstulit
1159 2867 1202 2909 (a)

315 2917 443 2949 bellum
470 2918 658 2958 multiplex.

276 2964 392 2995 Omnes
409 2967 532 3005 9entes,
550 2964 712 3005 plaudite,
735 2964 858 2996 Psalm.
875 2966 925 2997 46.
947 2964 1046 3002 Quod
1064 2963 1201 3004 potissi-

316 3021 410 3043 mum
420 3021 479 3053 per
493 3012 556 3043 tria
571 3012 758 3052 potentiam
770 3012 917 3043 ostendit
929 3013 1019 3044 Deus
1035 3011 1092 3053 (a).
1106 3010 1203 3049 Quod

313 3058 441 3099 jubilus
460 3059 503 3091 sit
524 3059 607 3091 laus.
628 3058 808 3096 Quomodo
829 3059 980 3090 Christus
1000 3059 1128 3090 calvus.

276 3104 419 3147 Maqnus
438 3107 612 3146 Dominus,
627 3105 750 3137 Psalm.
769 3106 820 3136 47.
839 3105 1019 3143 Quodlaus
1030 3106 1091 3137 Dei
1103 3105 1206 3136 finem

319 3163 385 3185 non
395 3154 497 3185 habet
508 3154 564 3193 (a).
574 3152 710 3185 Malitiae
718 3152 851 3191 signum
865 3154 926 3192 est,
937 3152 1027 3193 quod
1036 3152 1205 3192 principes

321 3201 527 3234 conveniant
539 3201 702 3233 adversus
711 3199 895 3232 Dominum
911 3201 966 3240 (a).
979 3199 1076 3237 Quod
1089 3199 1122 3229 in
1133 3208 1205 3239 poe-

320 3249 460 3281 nitentia
469 3251 613 3292 quatuor
624 3248 749 3279 debent
757 3256 830 3279 esse
837 3270 844 3278 .
855 3248 904 3279 De
913 3247 1035 3287 triplici
1045 3246 1203 3278 attributo

323 3297 463 3337 Spiritus
483 3296 598 3329 Sancti
618 3296 677 3335 (a).
699 3295 797 3333 Quod
817 3295 937 3328 sedere
955 3294 1077 3326 dicitur
1091 3293 1204 3324 multi-

321 3345 463 3385 pliciter.
485 3345 534 3376 Dc
552 3343 727 3375 latitudine
754 3342 913 3374 Ecclesiae
943 3342 1001 3383 (a).
1029 3341 1208 3379 Quomodo

322 3392 452 3423 munita
471 3392 531 3433 (a).
552 3391 649 3429 Quod
668 3400 739 3422 non
757 3399 825 3422 uno
856 3393 889 3422 et
919 3390 1041 3422 eodem
1067 3388 1206 3422 consilio

324 3439 478 3472 homines
498 3438 710 3471 circumdant
729 3446 805 3470 eam
825 3437 881 3478 (a).

321 3547 358 3581 (a)
376 3547 438 3574 Hoc
459 3554 519 3573 non
539 3545 649 3574 habent
670 3547 734 3574 caet.
754 3544 824 3574 edit.
838 3559 874 3566 -
896 3544 929 3579 (b)
946 3543 1019 3572 Coet.
1042 3543 1112 3570 edit.
1133 3541 1266 3570 diversis.
1280 3555 1313 3561 —

288 3587 321 3622 (c)
333 3586 408 3614 Item
420 3587 570 3617 ardore.—
585 3587 628 3623 (d)
643 3587 716 3616 Item
728 3586 973 3622 multipliciter.—
988 3585 1021 3620 (e)
1035 3585 1106 3614 caet.
1119 3584 1189 3613 edit.
1202 3583 1313 3611 Sacra-

1239 277 1412 318 INDEX.

1229 414 1286 445 204

1230 1027 1289 1058 206

1231 1499 1292 1530 209

1232 1689 1292 1720 210

1233 1971 1290 2001 211

1239 2348 1298 2379 212

1241 2537 1301 2569 213

1245 2821 1303 2853 214

1247 3058 1306 3089 215

1251 3435 1310 3466 216

1363 365 1486 398 Audite
1505 365 1591 405 lioec,
1611 374 1721 397 ornnes
1740 367 1868 407 (sentes,
1893 365 2017 398 Psalm.
2035 366 2086 398 48.
2107 367 2156 398 De
2178 365 2289 400 multi·

1404 411 1482 453 plici
1499 412 1702 453 abJectione.
1731 413 1828 451 Quod
1849 412 1973 445 divitiae
1992 413 2026 444 in
2046 413 2153 445 tribus
2178 415 2291 446 atten-

1404 460 1542 492 duntur.
1575 459 1725 492 Christus
1754 460 1927 501 quomodo
1951 460 2056 493 frater
2083 463 2200 493 noster
2229 461 2289 503 (a).

1405 507 1502 544 Quod
1523 508 1613 539 Deus
1632 507 1783 547 placatur
1802 508 1922 547 tribus,
1944 508 2162 549 eleemosyna
2175 531 2183 547 ,
2205 516 2292 539 con-

1404 554 1540 585 tritione
1561 557 1594 585 et
1613 554 1779 586 oratioue.
1803 555 1899 592 Quod
1923 563 2026 595 poena
2047 557 2176 587 aeterna
2200 555 2293 586 mul-

1405 601 1509 640 tiplex
1528 602 1590 633 est.
1611 601 1790 638 Quomodo
1807 601 1911 633 homo
1930 601 2037 633 lactus
2054 601 2097 633 sit
2116 602 2158 633 ad
2174 601 2291 642 imagi-

1405 657 1482 679 nem
1498 650 1530 678 ct
1545 647 1799 679 similitudinem
1817 650 1850 679 et
1864 648 2139 680 conformitatem
2155 648 2216 680 Dei
2231 648 2289 689 (a).

1365 696 1412 726 De
1432 694 1608 735 multiplici
1622 695 1722 735 pelle.
1744 697 1792 727 De
1809 695 1987 736 multiplici
2007 704 2085 727 ove.

1366 743 1452 773 Deus
1476 741 1611 772 deorum
1642 743 1802 773 Dominus
1831 742 1958 774 locutus
1988 744 2055 781 est,
2083 742 2206 774 Psalm.
2240 744 2291 775 49.

1407 789 1505 826 Quod
1523 789 1636 820 multis
1657 789 1769 821 modis
1785 789 1950 821 Dominus
1971 790 2062 821 Deus
2080 789 2211 822 dicitur.
2223 790 2293 822 Vo-

1406 836 1577 867 cationum
1593 835 1686 867 modi
1701 836 1820 867 decem
1838 837 1894 877 (a).
1913 837 1961 868 De
1975 836 2151 876 multiplici
2166 836 2294 868 formo-

1403 874 1502 914 's'itate
1518 883 1641 915 Christi
1659 883 1719 924 (a).
1737 885 1785 914 Dc
1805 892 1909 924 poena
1928 892 1995 925 qua
2013 884 2103 914 Deus
2121 883 2239 923 puniet
2259 883 2294 915 in

1407 929 1532 962 futuro.
1558 930 1655 968 Quod
1675 934 1819 971 quatuor
1844 933 1922 962 sunt
1949 930 2166 971 acceptiones
2194 929 2294 971 hujus

1407 976 1570 1016 nominis,
1591 977 1835 1009 Testamentum
1856 978 1911 1018 (e).

1366 1024 1566 1056 Praedicatio
1579 1033 1654 1065 qum
1667 1024 1702 1055 fit
1714 1027 1853 1065 propter
1871 1024 1974 1056 finem
1986 1024 2167 1065 profanum
2179 1024 2295 1065 prohi-

1407 1071 1488 1102 bita.
1513 1071 1610 1108 Quod
1632 1071 1755 1112 triplici
1778 1071 1968 1112 praesertim
1993 1071 2112 1112 generi
2137 1073 2295 1112 peccato-

1407 1127 1484 1150 rum
1504 1118 1581 1149 odio
1600 1119 1650 1149 est
1670 1118 1858 1159 disciplina.
1879 1119 1927 1149 De
1945 1120 2090 1159 quatuor
2110 1118 2293 1160 generibus

1408 1165 1664 1197 sacrificiorum.

1365 1213 1524 1245 Miserere
1542 1213 1621 1253 mei,
1635 1214 1734 1253 Deus,
1755 1213 1880 1245 Psalm.
1902 1215 1953 1245 50.
1975 1213 2072 1251 Quod
2089 1214 2179 1245 Deus
2190 1213 2296 1255 ¹judex

1410 1263 1460 1292 est
1479 1261 1536 1302 qui
1553 1270 1616 1293 nec
1637 1261 1821 1301 corrumpi,
1844 1269 1908 1293 nec
1926 1260 2031 1301 vinci,
2050 1270 2115 1293 nec
2135 1260 2296 1293 declinari

1409 1309 1522 1348 potest
1542 1309 1600 1348 (a).

1368 1356 1466 1394 Quod
1485 1355 1621 1396 quidam
1641 1365 1740 1387 suum
1759 1357 1937 1396 peccatum
1950 1357 2090 1397 negant,
2111 1354 2297 1397 quidamin

1410 1404 1517 1434 Deum
1536 1404 1746 1443 retorquent.
1768 1404 1841 1441 Quo
1863 1412 1964 1435 sensu
1983 1402 2128 1435 difficilia
2144 1403 2210 1435 dici
2221 1411 2298 1443 pos-

1408 1450 1476 1481 sint
1501 1459 1577 1490 quae
1603 1453 1822 1490 apponuntur
1838 1450 1872 1481 in
1892 1450 2029 1490 psalmis
2056 1449 2296 1490 poenitentiali·-

1408 1497 1471 1528 hus
1487 1498 1544 1537 (a).
1567 1497 1665 1535 Quod
1686 1497 1742 1529 hic
1768 1497 1930 1537 psalmus,
1956 1497 2034 1539 quia
2053 1497 2299 1538 quinquagesi-

1410 1544 1514 1576 simus
1533 1547 1602 1585 est,
1625 1546 1738 1584 potest
1754 1544 1823 1576 dici
1843 1544 2014 1585 jubilaeus.
2037 1545 2134 1582 Quod
2154 1545 2297 1586 alicujus

1410 1600 1482 1622 esse
1506 1591 1633 1632 aliquid
1656 1591 1776 1623 dicitur
1794 1601 1922 1623 novem
1944 1592 2068 1624 modis.
2090 1591 2189 1630 Quod
2214 1601 2296 1633 pec-

1412 1641 1525 1669 catum
1538 1638 1573 1669 in
1594 1637 1693 1670 nobis
1712 1638 1944 1679 multipliciter
1968 1639 2216 1671 consideratur.

1369 1686 1541 1723 Quatenus
1574 1685 1724 1717 incertus
1758 1685 1828 1717 sive
1867 1685 2020 1718 occultus
2054 1686 2098 1718 sit
2132 1686 2299 1718 adventus

1411 1733 1533 1764 Christi
1557 1733 1617 1774 (a).
1639 1733 1739 1770 Quod
1757 1733 1883 1765 veritas
1910 1732 2140 1773 multipliciter
2163 1733 2296 1765 dicitur.

1411 1780 1556 1821 Hyssopi
1574 1779 1782 1820 comparatio
1806 1789 1883 1811 cum
1904 1779 2052 1812 Christo.
2079 1781 2152 1818 Qua
2167 1780 2298 1812 ratione

1411 1827 1477 1858 duo
1508 1826 1683 1858 offerenda
1708 1827 1794 1867 sint,
1826 1828 1927 1867 caput
1954 1827 2081 1859 scilicet
2112 1830 2145 1859 et
2179 1828 2298 1859 cauda.

1411 1874 1509 1912 Quod
1529 1874 1650 1914 triplici
1668 1873 1709 1904 de
1723 1883 1826 1905 causa
1839 1873 2039 1914 prohibetur
2058 1874 2178 1916 aliquis
2190 1874 2296 1916 loqui.

1412 1922 1508 1959 Quod
1525 1921 1561 1952 in
1578 1921 1749 1952 sacrificiis
1770 1921 1833 1952 tria
1852 1921 1978 1952 debent
2003 1930 2091 1953 esse.

1372 1969 1460 2009 Quid
1476 1969 1639 2010 gloriaris
1661 1969 1695 2000 in
1718 1968 1872 2007 malitia,
1894 1969 2017 2001 Psalm.
2039 1971 2091 2001 51.

1371 2017 1469 2054 Quod
1487 2017 1606 2057 Ephod
1623 2016 1744 2048 dicitur
1761 2016 1875 2047 multis
1896 2016 2019 2049 modis.
2034 2016 2121 2054 Quid
2135 2014 2300 2057 significe-

1412 2067 1466 2096 tur
1485 2065 1682 2097 Abimelech
1701 2065 1841 2096 nomine
1862 2065 1918 2106 (a).
1937 2065 2034 2102 Quod
2055 2064 2120 2096 tria
2137 2066 2301 2096 notantur

1412 2112 1447 2143 in
1478 2112 1642 2143 effusione
1676 2111 1850 2153 sanguinis
1876 2112 2010 2144 Christi.
2045 2113 2094 2143 De
2124 2110 2301 2151 multiplici

1367 2155 1370 2158 ⁴
1412 2159 1537 2191 radice.
1574 2160 1622 2190 De
1649 2159 1827 2199 multiplici
1859 2159 2011 2191 lucerna.
2044 2158 2142 2196 Quod
2171 2158 2236 2190 tria
2264 2158 2300 2189 in

1414 2206 1502 2238 oliva
1522 2207 1804 2238 commendantur
1829 2206 1885 2247 (a).

1372 2253 1473 2285 Discit
1493 2254 1652 2293 insipiens
1671 2253 1704 2284 z'n
1724 2253 1819 2284 corde
1838 2263 1907 2293 suo,
1929 2252 2052 2285 Psalm.
2074 2254 2126 2284 52.
2147 2253 2196 2284 De
2213 2252 2301 2284 mul-

1413 2300 1518 2340 tiplici
1544 2301 1661 2332 dolore
1682 2301 1841 2333 Ecclesiae
1863 2301 1923 2342 (a).
1945 2301 2042 2339 Quod
2064 2300 2236 2341 corruptio
2254 2300 2301 2341 (f)

1414 2348 1479 2379 alia
1495 2348 1659 2388 corporis,
1675 2347 1740 2379 alia
1758 2349 1895 2380 animae.

1375 2394 1412 2425 ln
1432 2394 1604 2434 peccando
1626 2395 1751 2435 gradus
1778 2398 1934 2436 quatuor.

1374 2441 1482 2481 Deus,
1512 2442 1546 2472 z‘n
1565 2442 1695 2473 nomine
1716 2444 1770 2473 tuo
1792 2442 1922 2474 salvam
1947 2452 1997 2473 me
2014 2443 2084 2483 fac,
2105 2441 2228 2474 Psalm.
2250 2442 2303 2473 53.

1417 2488 1515 2526 Quod
1536 2488 1570 2519 id
1590 2489 1672 2520 ssore
1703 2489 1767 2522 tria
1794 2492 1882 2522 sunt.
1913 2489 2013 2528 Quod
2035 2489 2102 2521 duo
2134 2488 2304 2531 praecipue

1416 2535 1564 2575 petenda
1577 2536 1713 2568 animae.

1376 2583 1531 2622 Exaudi,
1552 2583 1662 2621 Deus,
1685 2585 1868 2615 orationem
1886 2594 2004 2623 meam,
2027 2584 2152 2616 Psalm.
2175 2585 2226 2616 54.
2257 2584 2306 2615 De

1417 2630 1594 2671 multiplici
1615 2631 1782 2663 oratione.
1806 2633 1853 2663 De
1874 2631 2050 2672 multiplici
2069 2630 2222 2672 regione.

1377 2678 1426 2708 De
1446 2677 1623 2717 multiplici
1640 2678 1746 2719 gradu
1766 2687 1947 2719 poenarum
1969 2678 2026 2720 (a).
2050 2680 2100 2710 De
2118 2676 2308 2718 multiplici-

1420 2725 1482 2756 bus
1501 2725 1636 2766 pennis.
1657 2727 1706 2757 De
1726 2724 1847 2766 triplici
1866 2725 1994 2757 unitate
2023 2725 2080 2767 (a).
2114 2724 2306 2757 Maledictio

1421 2773 1504 2812 quot
1520 2772 1632 2804 modis
1651 2773 1721 2804 fiat.
1742 2773 1840 2810 Quod
1854 2773 1968 2814 plures
1988 2775 2066 2805 sunt
2088 2772 2308 2804 circumstan-

1419 2819 1474 2850 tiae
1494 2829 1569 2860 quae
1587 2822 1763 2861 peccatum
1782 2822 1969 2861 aggravant
1985 2820 2042 2861 (a).
2064 2821 2113 2851 De
2132 2818 2310 2860 multiplici

1421 2867 1496 2898 cibo
1519 2866 1578 2908 (a).
1599 2867 1697 2905 Quod
1719 2867 1825 2900 tribus
1839 2867 1951 2899 modis
1970 2868 2061 2899 Deus
2080 2876 2139 2899 cor
2161 2864 2309 2898 hominis

1423 2913 1563 2947 emollit.

1381 2961 1430 2992 De
1450 2960 1628 3002 multiplici
1642 2964 1759 3002 puteo.

1382 3008 1538 3040 Miserere
1551 3009 1627 3046 mei,
1639 3009 1738 3046 Deus,
1751 3008 1908 3050 quoniam
1923 3007 2139 3049 conculcavit,
2153 3007 2242 3041 Psal.
2257 3008 2308 3040 55.

1427 3056 1472 3086 De
1489 3055 1666 3096 multiplici
1686 3056 1957 3088 conculcatione.
1975 3055 2073 3093 Quod
2088 3055 2200 3087 incola
2221 3054 2309 3087 mul-

1423 3102 1582 3143 tipliciter
1600 3103 1733 3135 dicitur.
1763 3104 1881 3135 Anima
1909 3112 1970 3134 vas
1999 3103 2056 3143 (a).
2088 3102 2187 3140 Quod
2204 3102 2310 3134 homo

1424 3149 1560 3181 liberari
1579 3149 1707 3191 indiget
1727 3151 1771 3192 (9)
1792 3160 1811 3182 a
1831 3150 1952 3191 triplici
1968 3150 2114 3182 defectu.

1383 3198 1541 3230 Miserere
1561 3199 1644 3239 mei,
1668 3199 1774 3239 Deus,
1794 3199 1969 3239 miserere,
1990 3198 2114 3230 Psalm.
2141 3199 2192 3230 56.
2214 3195 2311 3235 Quod

1425 3245 1487 3277 alae
1504 3245 1569 3277 tria
1587 3245 1728 3287 faciunt,
1746 3255 1821 3287 quae
1850 3247 1937 3278 Deus
1954 3245 2034 3277 facit
2062 3245 2099 3276 in
2123 3244 2169 3286 (h)
2198 3243 2309 3276 nobis.

1427 3292 1513 3330 Quid
1543 3293 1586 3324 sit
1617 3295 1773 3325 sanctum
1804 3293 1981 3326 intercludi
2016 3292 2157 3325 canibus
2181 3291 2239 3333 (a).
2262 3292 2311 3323 De

1425 3339 1658 3371 misericordia
1679 3340 1739 3371 Dei
1758 3342 1791 3372 et
1809 3340 1950 3372 veritate
1965 3339 2024 3381 (a).
2040 3339 2139 3377 Quod
2149 3337 2309 3370 dormitio

1428 3387 1549 3418 Christi
1562 3389 1612 3418 est
1629 3387 1762 3428 triplex.
1786 3387 1883 3426 Quod
1897 3387 2002 3428 pedes
2013 3385 2137 3419 Christi
2155 3384 2311 3417 dicuntur

1427 3433 1669 3475 multipliciter.
1691 3435 1739 3467 De
1759 3434 1937 3476 multiplici
1958 3433 2207 3467 incurvatione.

2334 648 2394 679 217

2339 1308 2398 1339 219

2344 2347 2405 2378 222

2349 2629 2408 2662 223

2352 2913 2411 2945 224

2353 3148 2413 3179 225

2354 3429 2414 3463 226

1386 3544 1522 3569 mentum.
1537 3556 1571 3563 -
1585 3542 1625 3578 (f)
1646 3542 1718 3570 Item
1735 3542 1969 3579 incorruptio.-
1982 3542 2019 3577 (o)
2035 3541 2107 3570 Coet.
2126 3538 2198 3567 edit·
2210 3538 2350 3567 llberflttffl
2367 3536 2416 3567 ⁵52·

1388 3597 1421 3604 —
1433 3583 1471 3617 (h)
1490 3582 1563 3612 Caet.
1578 3583 1649 3613 edit.
1663 3583 1743 3611 deest
1755 3584 1797 3611 in.
