2633 3878
903 174 956 216 IN
984 172 1365 216 HEXAEMERON.
1399 175 1574 218 SERMO
1603 177 1687 220 XX.

218 264 446 320 ruptioniS.
474 264 532 307 De
571 264 642 307 illa
669 265 853 319 puritate
882 263 1092 317 scriptum
1119 265 1182 304 est
1204 267 1216 290 ¹
1239 278 1248 305 :

224 355 244 380 a
263 339 379 382 Sicut
403 337 474 380 Sol
492 337 634 380 oriens
651 337 698 378 in
717 336 933 378 altissimis
952 336 1025 377 Dei
1039 367 1052 387 ,
1075 336 1134 377 sic
1153 348 1250 377 mu·-

219 410 335 453 lieris
362 411 485 452 bonae
512 409 670 463 species
696 409 742 448 in
771 410 1072 450 ornamentum
1101 407 1252 448 domus

220 495 323 524 suaa.
347 497 366 521 »
400 482 502 524 Haec
529 480 726 522 convenit
753 481 925 520 aeternae
945 479 1163 532 sapientiae
1179 511 1189 530 ,
1212 480 1253 520 et

220 556 351 597 menti
371 558 530 595 aeterna
550 552 756 606 sapientia.
777 551 1014 592 illustratae.
1044 550 1117 591 Est
1137 550 1253 591 enim

219 627 326 668 sicut
345 625 415 667 Sol
434 637 556 678 pura,
577 623 680 677 quia
700 623 770 665 Sol
787 635 872 664 non
894 625 957 663 est
972 622 1096 663 altior
1113 622 1251 663 omni-

218 697 299 739 hus
312 696 491 750 planetis
508 695 720 747 localiter;
742 694 814 736 sed
832 694 903 735 Sol
924 694 1080 735 dicitur
1098 693 1254 734 altissi-

217 781 314 810 mus
334 767 498 809 ratione
528 766 747 808 altissimae
779 766 997 819 puritatis,
1028 766 1254 807 activitatis

217 843 258 882 et
277 838 593 881 luminositatis.
628 836 747 879 Unde
774 839 836 878 est
861 836 1096 877 secundum
1123 835 1252 878 lsido-

216 923 315 952 rum
358 910 427 953 Sol
459 909 579 963 quasi
614 908 728 952 solus
767 908 924 950 lucens.
956 907 1057 948 Haec
1087 907 1252 961 sapien-

216 984 275 1024 tia
319 986 381 1024 est
434 985 621 1034 aeterna,
667 993 766 1035 quae
807 982 821 1003 ²
864 996 883 1019 (ι
923 980 1084 1033 ubique
1124 980 1255 1021 attin-

217 1055 283 1108 git
301 1057 474 1109 propter
499 1066 622 1096 suam
642 1053 917 1095 munditiam.
937 1067 956 1091 ›>
978 1052 1255 1105 Compar-atur

215 1128 357 1168 autem
388 1125 559 1168 mulieri
585 1126 735 1176 bonae,
764 1137 853 1166 non
881 1126 1055 1178 propter
1083 1123 1255 1177 aliquod

217 1197 401 1249 foedum,
424 1197 497 1239 sed
525 1197 689 1239 ratione
717 1196 1005 1238 foecunditatis
1033 1196 1085 1236 ad
1110 1195 1253 1236 conci-

215 1269 436 1323 piendum,
466 1268 803 1322 producendum,
840 1267 1094 1321 pariendum
1125 1267 1252 1320 quid-

216 1340 316 1394 quid
336 1343 397 1381 est
423 1340 474 1381 de
503 1339 780 1381 universitate
805 1339 955 1391 legum
978 1341 1018 1380 et
1037 1338 1255 1392 exempla-

216 1411 346 1453 rium.
369 1411 523 1452 Omnes
543 1411 657 1452 enim
677 1411 862 1452 rationes
877 1410 1176 1463 concipiuntur
1197 1410 1250 1450 ab

216 1486 376 1525 aeterno
415 1483 460 1523 in
505 1482 636 1523 vulva
672 1485 844 1523 aeternae
889 1481 1135 1535 sapientiae,
1176 1494 1252 1523 seu

215 1558 356 1606 utero,
389 1556 430 1594 et
458 1553 646 1594 maxime
676 1553 1080 1607 praedestinationis.
1108 1551 1250 1603 Unde,

215 1625 314 1679 quia
351 1625 404 1666 ab
442 1627 602 1666 aeterno
641 1625 824 1666 rationes
862 1625 1249 1679 praedestinationis

214 1698 428 1752 concepit,
457 1710 545 1739 non
576 1701 712 1752 potest
739 1711 817 1740 nos
848 1711 935 1740 non
965 1699 1144 1751 diligere
1169 1713 1176 1739 :
1213 1701 1256 1740 et

214 1771 324 1812 sicut
355 1770 407 1810 ab
438 1774 599 1811 aeterno
635 1771 852 1825 concepit,
891 1771 950 1811 sic
982 1771 1028 1812 in
1064 1773 1255 1825 tempore

213 1841 444 1895 produxit,
473 1842 563 1883 sive
589 1843 778 1896 peperit,
804 1846 844 1884 et
879 1845 1022 1897 postea
1048 1843 1095 1884 in
1126 1856 1254 1885 carue

214 1913 409 1967 patiendo
429 1914 672 1966 parturivit.
695 1914 746 1955 Et
773 1914 846 1968 qui
872 1917 1007 1968 potest
1025 1915 1108 1956 hoc
1125 1915 1250 1957 intel-

215 1983 368 2037 ligere,
391 1985 618 2039 intelligit,
649 1989 690 2028 et
717 1987 846 2028 habet
871 1987 1122 2028 altissimam
1152 2001 1251 2030 con-

214 2056 549 2110 templationem.
597 2058 669 2099 Est
707 2071 813 2112 ergo
850 2059 943 2100 haec
976 2059 1254 2102 consideratio

215 2127 330 2169 illius
363 2128 460 2170 Esse
497 2130 719 2183 purissimi
742 2131 1056 2184 :purissimum
1091 2135 1251 2183 autem,

216 2199 317 2252 quia
351 2200 750 2254 simplicissimum:
787 2203 1150 2256 simplicissimum
1182 2216 1256 2244 au-

216 2273 318 2321 tem,
341 2273 442 2325 quia
458 2285 627 2314 summe
642 2286 797 2315 unum.
817 2274 914 2315 Ideo
935 2274 1091 2315 dicitur
1109 2274 1252 2326 Israel,

215 2343 310 2384 viro
332 2343 660 2397 contemplativo
677 2345 711 2386 ³:
731 2360 750 2384 «
772 2344 911 2396 Audi,
934 2345 1059 2386 Israel
1077 2378 1088 2397 ,
1110 2344 1252 2386 Domi-

165 2432 172 2437 ·
217 2426 300 2456 nus
319 2415 430 2455 Deus
458 2418 561 2456 tuus
590 2428 703 2457 unus
733 2420 809 2457 est.
839 2431 859 2454 n
887 2416 1088 2458 Similiter
1110 2418 1255 2459 anima

219 2486 547 2538 contemplativa
575 2487 832 2539 intelligitur
859 2499 935 2540 per
964 2489 1188 2529 mulierem
1209 2489 1256 2529 il-

218 2556 320 2598 lam.
343 2556 395 2598 Et
413 2556 613 2598 dicuntur
629 2557 784 2599 animae
799 2559 1254 2612 contemplativae·filiae

219 2627 483 2669 Hierusalem
497 2660 508 2679 ,
543 2628 643 2680 quia
677 2629 876 2670 formosae
890 2661 901 2680 ,
941 2630 1163 2672 foecundae.
1205 2631 1256 2673 Et

218 2699 459 2740 formositas
478 2704 541 2740 est
559 2699 811 2740 foecunditas
825 2733 836 2751 ,
857 2700 959 2753 quia
979 2704 1139 2754 quanto
1159 2703 1256 2756 plus

219 2771 461 2824 concipiunt
487 2770 673 2822 lumina,
703 2773 820 2811 tanto
848 2770 1118 2813 formosiores
1139 2776 1252 2814 sunt.

219 2842 338 2884 Unde
358 2843 371 2864 ⁵
395 2855 406 2884 z
430 2858 449 2882 α
468 2842 585 2884 Beati
605 2843 766 2884 mundo
787 2843 925 2895 corde,
949 2845 1154 2897 quoniam
1175 2845 1255 2898 ipsi

219 2913 354 2956 Deum
374 2914 598 2956 videbunt.
623 2929 642 2953 ))
666 2913 784 2955 Unde
801 2926 878 2968 per
895 2915 1145 2968 puritatem,
1168 2929 1256 2958 non

219 2987 452 3038 rationem,
481 2989 646 3040 oportet
673 2998 752 3027 nos
780 2986 956 3027 introire
989 2987 1034 3026 in
1065 2989 1254 3028 contem-

220 3057 464 3112 plationem.
488 3057 540 3099 Et
559 3057 653 3099 ideo
673 3058 686 3080 ⁶
710 3073 730 3096 a
758 3069 858 3098 cum
879 3057 1145 3110 simplicibus
1165 3071 1253 3101 ser-

220 3130 447 3171 mocinatio
467 3131 561 3182 ejus
575 3161 586 3180 ,
608 3143 628 3167 »
653 3130 727 3182 qui
747 3129 906 3170 habent
928 3133 1091 3170 mentes
1110 3143 1252 3183 puras,

220 3213 309 3243 non
353 3204 585 3243 excaecatas
631 3204 804 3255 propter
851 3201 1057 3242 malitiam
1105 3214 1256 3255 super-

221 3272 479 3314 venientem.
503 3272 672 3313 Animae
700 3284 804 3325 ergo
824 3284 922 3325 quae
942 3275 1041 3313 sunt
1058 3273 1256 3316 formosae

222 3346 264 3385 et.
282 3343 514 3395 foecundae,
544 3343 745 3385 dicuntur
770 3343 870 3384 filiae
897 3342 1192 3397 Hierusalem,
1216 3349 1258 3388 et

270 3453 278 3470 “
297 3450 400 3491 Εεεῖ.,
421 3459 517 3492 xxvi,
537 3452 590 3483 21.
607 3468 647 3474 -
667 3451 682 3473 ¹
699 3451 789 3493 Sap„
817 3459 878 3493 vn,
899 3452 951 3483 24.
969 3469 1010 3475 -
1032 3451 1181 3507 {Deum
1208 3462 1255 3494 vi,

225 3497 257 3529 4.
281 3515 316 3521 —
344 3499 357 3520 ⁴
382 3499 517 3539 Mattlz„
542 3505 577 3539 V,
599 3499 630 3530 8.
649 3515 690 3523 —
713 3499 727 3523 ⁸
747 3500 859 3542 Prov„
880 3506 940 3535 111,
963 3500 1015 3531 32.
1035 3516 1076 3524 —
1102 3501 1114 3521 ⁶
1135 3501 1256 3542 Ecclz'„

2285 195 2360 233 127

1324 265 1626 318 intelliguntur
1646 279 1721 320 per
1740 268 1873 310 solem
1886 272 2050 315 ratione
2068 274 2359 332 formositatis,

1325 348 1400 389 per
1416 337 1640 378 mulierem
1652 338 1816 380 ratione
1830 340 2128 389 foecunditatis.
2148 348 2357 403 Secundo,

1326 405 1413 448 Soli
1438 412 1709 462 comparatur
1736 414 1907 464 propter
1936 414 2148 468 fulgorem
2172 421 2360 476 limpidi-

1325 478 1421 518 tatis
1443 479 1671 530 praeclarae.
1695 480 1774 521 Ubi
1794 484 1932 535 major
1952 486 2117 540 fulgor,
2147 491 2205 532 ibi
2226 495 2363 546 major

1325 550 1494 590 claritas
1520 554 1561 591 et
1588 551 1836 604 limpiditas3
1861 556 1973 597 unde
1995 557 2040 598 in
2068 561 2362 609 Ecclesiastico

1326 620 1509 661 dicitur⁶
1537 634 1548 662 :
1577 637 1596 660 «
1628 622 1699 663 Sol
1729 623 1976 669 illuminans
2006 641 2080 682 per
2112 635 2254 676 omnia
2274 649 2361 678 res-

1325 692 1469 745 pexit,
1501 696 1543 734 et
1575 693 1714 746 gloria
1749 695 1918 739 Domini
1954 700 2129 753 plenum
2161 709 2222 747 est
2258 720 2364 761 opus

1327 764 1435 816 ejils.
1458 780 1477 802 »
1506 764 1624 806 Unde
1650 765 1883 820 Gregorius
1903 773 1917 795 ⁷
1943 785 1952 813 z
1987 787 2006 811 (ι
2032 772 2142 823 Quid
2163 780 2224 817 est
2251 781 2365 832 quod

1326 845 1413 875 non
1432 836 1628 888 videant,
1651 838 1726 890 qui
1746 839 1961 882 videntem
1980 845 2125 887 omnia
2144 847 2318 890 vident?
2339 865 2357 888 »

1330 905 1486 948 Anima
1505 907 1617 948 beati
1641 908 1850 951 Benedicti
1870 912 1979 954 bene
2001 915 2082 956 fuit
2103 921 2365 974 contempla-

1327 978 1435 1030 tiva,
1464 979 1537 1032 qui
1557 982 1697 1022 totum
1714 983 1926 1024 mundum
1945 985 2051 1027 vidit
2069 987 2114 1028 in
2135 1001 2221 1031 uno
2247 993 2365 1034 radio

1328 1048 1441 1090 solis.
1463 1049 1557 1091 Non
1577 1051 1763 1093 multum
1783 1054 2003 1097 studuerat
2017 1057 2120 1111 ipse,
2142 1072 2220 1102 nec
2232 1061 2365 1105 libros

1327 1119 1525 1173 habebat,
1549 1122 1651 1175 quia
1675 1123 1766 1177 ipse
1785 1124 2075 1170 decimotertio
2094 1143 2208 1173 anno
2239 1145 2365 1175 mun-

1328 1192 1432 1233 dum
1471 1193 1714 1247 dimiserat,
1755 1199 1797 1237 et
1834 1197 2026 1242 latitabat
2064 1202 2176 1244 inter
2212 1205 2368 1248 fruteta

1328 1276 1427 1305 cum
1447 1265 1532 1306 illis
1556 1267 1714 1320 hestiis,
1740 1269 1848 1310 sicut
1873 1284 1959 1313 una
1978 1273 2080 1314 fera.
2103 1274 2221 1318 Unde
2240 1279 2366 1320 etiam

1327 1339 1520 1390 pastores
1552 1339 1828 1382 crediderunt
1866 1355 1965 1384 eum
1998 1345 2148 1388 feram.
2186 1348 2236 1390 Et
2268 1351 2368 1392 dicit

1330 1408 1563 1461 Gregorius
1595 1425 1604 1451 ι
1646 1412 1879 1454 «Mundus
1922 1428 2007 1457 non
2048 1417 2127 1460 fuit
2159 1432 2366 1474 coangus-

1329 1483 1440 1522 tatus
1465 1482 1511 1522 in
1541 1495 1629 1524 uno
1662 1485 1780 1526 radio
1809 1486 1933 1538 solis;
1965 1490 2039 1531 sed
2072 1493 2165 1544 eJ'us
2196 1495 2367 1536 animus

1328 1553 1553 1604 dilatatus,
1592 1556 1695 1609 quia
1727 1557 1832 1598 vidit
1866 1561 2012 1602 omnia
2055 1562 2207 1609 inbillo
2244 1568 2368 1620 cujus

1329 1626 1628 1677 magnitudine
1651 1628 1790 1669 omnis
1811 1634 2004 1673 creatura
2022 1638 2208 1687 angusta
2228 1641 2304 1688 est,
2327 1642 2369 1679 ct

1332 1708 1475 1749 parva,
1492 1700 1533 1738 et
1554 1698 1731 1740 modica.
1748 1714 1767 1737 »
1793 1700 1861 1742 Sic
1878 1703 1993 1744 enim
2014 1706 2072 1745 ait
2092 1705 2307 1759 Sapientia
2326 1712 2363 1749 ⁸:

1334 1767 1635 1811 «Momentum
1660 1774 1828 1814 staterae
1855 1778 1918 1815 est
1951 1779 2048 1818 ante
2083 1782 2124 1819 te
2159 1779 2297 1831 orbis,
2329 1784 2369 1821 et

1328 1838 1438 1880 sicut
1456 1844 1578 1893 gutta
1597 1843 1706 1884 roris
1725 1845 1978 1888 antelucani.
1995 1862 2014 1886 >³
2031 1848 2082 1890 Et
2100 1850 2198 1891 alibi
2219 1851 2270 1892 de
2289 1852 2369 1894 hac

1329 1913 1609 1965 praeclaritate
1627 1916 1782 1958 dicitur
1801 1921 1815 1942 ⁹
1837 1933 1846 1958 ;
1875 1934 1894 1958 «
1914 1920 1987 1961 Est
2005 1921 2121 1962 enim
2141 1923 2369 1975 speciosior

1330 1985 1436 2038 sole,
1460 1990 1501 2028 et
1524 1999 1653 2041 super
1677 2002 1851 2032 omnem
1877 1992 2196 2046 dispositionem
2226 1996 2367 2038 stella-

1328 2070 1426 2099 rum
1440 2058 1525 2100 luci
1536 2065 1793 2114 comparata,
1806 2062 2025 2105 invenitur
2035 2065 2152 2118 prior
2164 2067 2214 2119 (a)
2224 2081 2256 2108 .»
2271 2067 2371 2109 Con-

1329 2130 1481 2182 sidera,
1504 2133 1619 2185 quod
1637 2133 1682 2174 in
1702 2135 1844 2176 anima
1864 2137 2189 2190 contemplativa
2213 2140 2368 2181 descri-

1329 2202 1447 2244 bitur
1487 2205 1715 2247 universus
1737 2207 1872 2258 orbis,
1914 2210 1956 2249 et
1988 2210 2167 2262 quilibet
2197 2211 2369 2265 spiritus

1330 2275 1510 2315 coelestis
1525 2307 1534 2325 ,
1557 2276 1631 2329 qui
1659 2277 1705 2317 in
1735 2290 1778 2318 se
1804 2279 1932 2320 habet
1951 2279 2212 2335 descriptum
2232 2286 2369 2325 totum

1330 2346 1492 2387 orbem.
1525 2347 1785 2390 Describitur
1812 2351 1939 2391 etiam
1970 2352 2114 2394 radius
2147 2357 2370 2408 supersub-

1330 2417 1556 2469 stantialis,
1579 2419 1655 2471 qui
1685 2422 1726 2460 et
1745 2421 1997 2463 universum
2021 2424 2168 2465 orbem
2181 2456 2193 2477 ,
2218 2430 2259 2467 et
2278 2427 2370 2468 uni-

1331 2499 1503 2528 versum
1530 2489 1726 2542 spiritum
1759 2494 1959 2534 continet.
1992 2493 2107 2547 Ergo
2141 2496 2187 2536 in
2226 2498 2370 2538 anima

1330 2559 1662 2612 contemplativa
1694 2552 1803 2603 mira
1834 2567 1934 2605 suut
1966 2565 2157 2618 lumina,
2189 2571 2230 2608 et
2262 2569 2370 2610 mira

1330 2629 1620 2682 pulchritudo.
1645 2631 1715 2673 Sic
1735 2645 1840 2687 ergo
1861 2636 2050 2678 mundus
2069 2637 2247 2690 pulcher
2264 2643 2326 2681 est
2345 2653 2370 2681 a

1331 2712 1501 2743 summo
1524 2703 1576 2744 ad
1602 2703 1739 2745 imum
1757 2737 1767 2756 ,
1796 2706 1849 2746 ab
1871 2707 1992 2749 initio
2020 2709 2072 2750 ad
2093 2710 2224 2751 finem
2247 2724 2255 2750 :
2280 2711 2370 2753 des-

1331 2772 1491 2825 criptus
1511 2774 1556 2814 in
1579 2775 1724 2817 anima
1742 2776 1839 2818 facit
1858 2779 2104 2832 speculum,
2132 2785 2173 2822 et
2192 2782 2370 2836 quilibet

1330 2845 1507 2897 spiritus
1536 2849 1598 2886 est
1625 2847 1844 2900 speculum
1866 2861 1876 2889 ε
1898 2853 1940 2891 et
1974 2851 2032 2892 sic
2058 2852 2103 2893 in
2129 2853 2272 2894 anima
2308 2858 2370 2896 est

1331 2916 1441 2956 mira
1470 2919 1781 2969 numerositas,
1812 2933 2009 2964 summus
2040 2923 2166 2974 ordo,
2196 2937 2366 2966 summa

1330 2988 1714 3040 proportionalitas.
1746 2990 1928 3033 Pulchra
1959 3005 2065 3047 ergo
2090 2999 2152 3036 est
2172 3008 2370 3038 numero-

1331 3057 1434 3098 sitas
1461 3059 1716 3113 spirituum,
1751 3063 1853 3115 quia
1876 3065 2041 3117 quoties
2069 3066 2113 3106 in
2142 3067 2285 3108 anima
2311 3069 2369 3109 sic

1332 3129 1492 3171 relucet
1521 3132 1710 3184 cognitio
1749 3134 1862 3175 orbis
1894 3138 2135 3189 terrarum,
2170 3142 2211 3179 et
2243 3139 2370 3191 spiri-

1331 3203 1457 3241 tuum
1478 3202 1690 3245 bonorum
1711 3237 1721 3256 ‚
1745 3209 1786 3246 et
1804 3206 1908 3247 radii
1928 3209 2366 3262 supersubstantiales,

1331 3272 1455 3313 toties
1474 3273 1520 3314 in
1544 3285 1594 3315 ea
1620 3278 1683 3316 est
1704 3275 1812 3317 mira
1837 3277 2092 3331 refulgentia
2113 3292 2123 3320 ε
2153 3283 2195 3321 et
2215 3293 2269 3322 ex
2287 3281 2368 3323 hoc

1332 3346 1394 3385 est
1417 3359 1437 3384 α
1450 3345 1679 3398 speciosior
1691 3347 1823 3389 sole.»
1840 3348 2000 3391 Rursus
2014 3351 2259 3406 radius,qui
2271 3365 2369 3395 con-

1333 3461 1418 3495 xmr,
1439 3454 1486 3487 16.
1501 3472 1542 3478 -
1560 3455 1575 3476 ⁷
1589 3455 1705 3495 Greg.‚
1726 3455 1828 3495 Dz‘al„
1846 3455 1905 3488 lib.
1924 3457 1979 3498 lV,
1998 3467 2028 3490 c.
2047 3466 2174 3493 xxxin.
2188 3478 2228 3484 —-
2243 3461 2258 3484 ⁸
2271 3463 2367 3503 Sap..

1332 3510 1381 3543 xi,
1401 3504 1453 3534 23.
1475 3521 1515 3526 -
1534 3504 1547 3523 ⁹
1571 3502 1665 3544 Sap„
1686 3510 1749 3543 vu,
1769 3506 1820 3536 29.
1844 3521 1885 3527 -
1908 3504 1956 3546 (a)
1976 3505 2033 3538 Al.
2055 3507 2186 3548 purior.
