2633 3878
924 205 977 247 IN
1002 204 1382 247 HEXAEMERON.
1414 204 1589 247 SERMO
1619 207 1702 249 XV.

240 309 285 340 se
313 297 470 338 habere
499 297 751 338 infinitatem
777 295 1009 349 quamdam
1036 294 1270 336 coelestium

239 368 526 420 theoriarum,
551 380 648 422 quae
666 367 893 420 signantur
914 379 988 421 per
1007 367 1183 408 semina.
1208 366 1271 407 In·

239 441 486 494 telligentiae
519 440 632 480 enim
661 438 935 492 principales,
970 441 1012 479 et
1041 439 1196 490 figurae
1225 438 1271 478 in

238 513 426 567 quodam
457 522 637 553 numero
671 513 784 551 certo
822 512 942 556 sunt;
989 509 1061 550 sed
1095 509 1270 550 theoriae

238 586 360 640 quasi
386 584 563 625 infinitae
587 597 595 624 :
626 583 728 635 quia
751 583 858 623 sicut
888 581 1064 623 refulsio
1096 581 1203 622 radii
1230 585 1272 623 et

238 656 443 709 imaginis
462 668 488 696 a
505 654 676 708 speculo
696 655 743 695 fit
766 654 903 695 modis
932 653 1054 707 quasi
1074 653 1267 702 infinitis,

238 728 299 769 sic
325 741 350 768 a
377 726 549 780 speculo
578 725 824 779 Scripturae.
847 725 947 775 Quis
975 726 1112 778 potest
1135 725 1267 775 scire,

237 802 341 853 quot
361 801 460 840 sunt
485 798 626 840 media
643 799 753 839 inter
776 797 989 850 angulum
1009 800 1206 847 acutum,
1229 798 1271 836 et

237 871 459 922 obtusum,
482 871 551 913 vel
568 871 763 912 rectum?
789 869 905 911 Sicut
929 869 1045 910 enim
1072 868 1119 908 in
1138 868 1268 909 semi-

236 943 364 983 nibus
380 945 442 983 est
459 941 751 995 multiplicatio
769 941 814 981 in
830 939 1066 989 infinitum,
1086 940 1145 980 sic
1163 939 1270 980 mul-

233 1014 477 1068 tiplicantur
500 1013 690 1055 theoriae.
716 1011 833 1053 Unde
862 1011 1024 1064 legitur
1048 1012 1084 1053 ¹:
1115 1026 1134 1050 α
1164 1010 1268 1052 Per-

234 1085 477 1126 transibunt
495 1084 689 1138 plurimi,
718 1086 759 1124 et
785 1082 1011 1136 multiplex
1033 1082 1112 1123 erit
1132 1082 1268 1123 scien-

234 1158 310 1208 tia,
332 1170 351 1194 ι)
374 1156 478 1209 qnia
496 1155 614 1197 varie
635 1154 804 1208 inspicit
823 1154 908 1203 hie,
931 1156 972 1195 et
992 1154 1083 1205 ille,
1106 1155 1151 1195 in
1171 1167 1266 1207 spe-

234 1230 346 1271 culo.
389 1229 490 1270 Haec
524 1228 801 1269 consideratio
837 1228 1123 1279 theoriarum,
1157 1228 1268 1269 inter

234 1303 322 1345 duo
341 1302 512 1356 specula
538 1302 724 1343 duorum
751 1301 980 1351 Cherubin,
1006 1301 1047 1342 id
1069 1303 1132 1342 est
1159 1301 1268 1342 duo-

233 1387 330 1416 rum
354 1376 727 1424 testamentorum,
757 1385 854 1426 quae
881 1373 1097 1425 refulgent
1126 1373 1170 1413 in
1199 1373 1268 1413 in-

233 1446 385 1496 vicem,
416 1449 463 1487 ut
490 1446 814 1486 transformetur
842 1444 971 1484 homo
998 1444 1049 1484 de
1076 1443 1266 1485 claritate

232 1518 275 1558 in
307 1517 554 1558 claritatem.
591 1516 690 1557 IIaec
723 1519 867 1557 autem
896 1517 1156 1569 germinatio
1198 1530 1265 1559 se-

232 1589 398 1630 minum
428 1588 499 1629 dat
524 1588 778 1641 intelligere,
809 1588 1044 1629 secundum
1073 1588 1264 1629 diversas

230 1663 472 1714 temporum
497 1660 805 1713 coaptationes,
838 1659 1028 1700 diversas
1054 1660 1260 1711 theorias;

228 1732 362 1785 etqui
387 1732 481 1785 ipsa
503 1732 696 1784 ignorat,
727 1732 829 1772 istas
857 1731 963 1771 scire
991 1743 1078 1772 non
1110 1734 1260 1784 potest.

226 1803 321 1846 Non
340 1803 453 1844 enim
474 1804 580 1844 scire
601 1805 739 1857 potest
756 1803 925 1852 futura,
948 1803 1023 1856 qui
1049 1804 1264 1856 praeterita

226 1875 414 1928 ignorat.
434 1875 478 1916 Si
496 1875 611 1916 enim
631 1887 717 1916 non
733 1887 944 1927 cognosco
959 1877 1024 1928 cuj
1034 1888 1083 1916 us
1097 1877 1262 1917 arboris

225 1959 370 1987 semen
406 1950 488 1998 est,
531 1959 619 1987 non
658 1952 830 1999 possum
874 1959 1131 1999 cognoscere
1163 1961 1260 2001 quae

225 2019 352 2060 arbor
371 2019 492 2060 debet
510 2018 608 2059 inde
628 2031 731 2060 esse.
754 2018 835 2060 Sed
860 2019 912 2072 (α)
933 2020 1124 2071 cognitio
1139 2020 1258 2061 futu-

224 2102 373 2131 rorum
384 2091 590 2144 dependet
601 2103 655 2132 ex
665 2091 910 2144 cognitione
924 2092 1257 2144 praeteritorum.

224 2161 389 2215 Moyses
403 2162 516 2202 enim
533 2163 791 2216 prophetans
808 2163 858 2204 de
875 2164 1044 2214 futuris,
1068 2165 1259 2205 narravit

223 2234 439 2288 praeterita
483 2247 559 2288 per
603 2234 908 2276 revelationem
946 2237 973 2276 ².
1014 2234 1257 2277 Notandum

223 2310 381 2356 autem,
398 2305 513 2359 quod
527 2305 638 2347 sicut
654 2306 764 2347 Deus
784 2318 859 2347 sex
879 2307 1026 2347 diebus
1044 2309 1257 2349 mundum

147 2420 154 2424 ,
221 2376 345 2428 fecit,
382 2378 496 2418 etin
529 2378 709 2430 septimo
739 2379 973 2431 requievit,
1009 2379 1067 2419 ita
1102 2391 1257 2433 corpus

223 2447 377 2489 Christi
402 2449 629 2502 mysticum
655 2461 729 2490 sex
756 2450 884 2490 habet
905 2454 1072 2501 aetates,
1096 2455 1136 2492 et
1157 2464 1256 2505 sep-

222 2519 394 2571 timam,
425 2523 467 2561 et
491 2523 703 2572 octavam,
727 2534 823 2575 quae
852 2522 984 2562 currit
1003 2535 1101 2562 cum
1120 2527 1253 2575 sexta.

222 2590 297 2632 Hae
328 2595 428 2632 sunt
455 2592 639 2633 rationes
667 2593 890 2634 seminales
916 2593 969 2634 ad
991 2605 1256 2646 cognoscen-

221 2661 324 2702 dum
341 2662 594 2716 Scripturas.
617 2663 759 2705 Prima
778 2667 895 2715 aetas,
918 2665 1039 2718 quasi
1059 2665 1252 2715 infantia,

220 2735 273 2775 ab
292 2734 429 2776 Adam
448 2747 585 2789 usque
601 2736 653 2777 ad
673 2735 776 2777 Noe.
801 2736 912 2777 Deus
935 2738 1049 2778 enim
1070 2738 1113 2778 in
1134 2737 1253 2790 prin-

219 2806 348 2859 cipio,
369 2807 492 2860 quasi
511 2807 556 2847 in
575 2808 761 2859 semine,
783 2809 946 2862 posuit,
975 2809 1088 2862 quod
1112 2812 1254 2862 postea

218 2879 444 2933 pullulavit
460 2880 505 2920 in
524 2880 632 2921 facto
645 2881 838 2934 mystico,
853 2881 923 2922 vel
946 2894 1086 2935 opere.
1109 2881 1252 2922 Prima

218 2951 306 2992 dies
332 2951 477 3003 signat
502 2952 691 3005 primum
712 2955 893 3006 tempus,
918 2965 1003 3007 quo
1024 2954 1147 2995 datur
1167 2955 1252 2995 ho-

217 3022 326 3063 mini
344 3022 419 3064 lux
433 3025 473 3064 et
486 3024 686 3076 cognitio,
705 3024 851 3066 ethaeo
869 3028 930 3065 est
943 3025 1135 3076 infantia,
1153 3038 1251 3079 quae

217 3093 430 3136 oblivione
456 3094 619 3136 deletur
647 3110 656 3137 :
685 3095 744 3136 sic
774 3095 982 3149 quidquid
1014 3099 1157 3138 actum
1189 3100 1252 3138 est

215 3179 354 3220 usque
373 3167 427 3208 ad
456 3170 649 3221 tempus,
680 3180 764 3222 quo
793 3180 868 3222 per
894 3167 1106 3210 diluvium
1135 3169 1248 3211 dele-

215 3241 309 3280 tum
329 3242 392 3280 est
420 3251 547 3281 omne
565 3240 749 3291 animal,
772 3243 927 3295 praeter
946 3239 1017 3281 illa
1036 3253 1133 3294 quae
1152 3241 1247 3283 fue-

215 3314 318 3352 runt
336 3323 435 3353 cum
452 3311 555 3354 Noe.
579 3312 823 3354 Secundum
838 3315 1005 3365 tempus
1022 3313 1249 3366 respondet

257 3443 269 3466 ¹
289 3443 388 3485 Dan„
409 3451 474 3484 ΧΠ,
494 3446 525 3478 4.
548 3463 590 3470 —
614 3445 629 3467 ¹
651 3445 744 3478 idem
767 3445 801 3477 in
820 3444 910 3477 Bibl.
939 3444 1143 3486 Pauper-um,
1167 3453 1197 3477 c.
1223 3452 1248 3486 1,

215 3489 392 3570 {uppr'2nc.‚
410 3502 460 3572 gx
487 3495 603 3535 Greg.‚
631 3493 666 3526 in
693 3493 827 3535 Ezeclz„
854 3493 947 3525 hom.
970 3501 1001 3533 1,
1022 3491 1056 3524 in
1078 3492 1185 3533 princ.
1208 3510 1248 3516 —

272 3547 309 3570 sa
329 3561 337 3570 .
357 3546 390 3581 v,
435 3564 443 3573 .

2304 224 2373 262 101

1348 294 1544 336 secundae
1565 294 1670 347 diei,
1702 301 1749 338 ut
1771 302 1882 342 aetati
1911 304 2128 358 pueritiae,
2159 308 2262 360 quia
2281 311 2381 350 tunc

1346 366 1505 408 factum
1524 370 1586 408 est
1599 368 1918 414 firmamentum
1934 375 1978 416 in
1992 378 2131 420 medio
2145 391 2376 433 aquarum;

1347 441 1389 479 et
1411 439 1455 479 in
1474 442 1663 492 tempore
1689 441 1760 482 illo
1789 444 1947 486 factum
1971 451 2033 488 est
2058 450 2194 492 foedus
2215 464 2288 505 per
2311 464 2379 494 ar-

1347 522 1464 560 cam,
1487 523 1542 551 ne
1567 511 1761 553 homines
1780 514 2000 557 deleantur
2030 532 2104 571 per
2127 534 2259 575 aquas
2279 523 2381 566 infe-

1346 580 1502 629 riores;
1534 585 1574 622 et
1600 595 1675 635 per
1700 596 1858 630 arcum,
1883 599 1935 627 ne
1958 588 2136 631 ulterius
2167 605 2240 644 per
2268 594 2377 635 dilu-

1345 652 1462 693 vium
1486 653 1686 706 perirent.
1710 654 1760 695 Et
1780 656 1887 697 sicut
1907 658 1952 698 in
1973 661 2153 710 pueritia
2171 665 2292 715 pueri
2312 665 2377 706 lo-

1346 726 1555 777 quuntur,
1588 727 1628 765 et
1656 725 1822 768 discunt
1851 727 1993 782 loqui,
2025 730 2084 772 sic
2112 733 2158 772 in
2191 736 2381 788 tempore

1346 795 1532 837 secundo
1562 796 1710 838 divisae
1741 802 1840 840 sunt
1871 799 2050 853 linguae.
2084 802 2136 844 Et
2164 804 2257 845 haec
2279 809 2380 847 aetas

1345 867 1471 909 durat
1498 881 1523 909 a
1554 866 1642 909 Noe
1673 881 1808 923 usque
1836 872 1889 913 ad
1920 873 2153 916 Abraham.
2182 876 2229 918 ln
2258 879 2381 919 tertia

1345 939 1412 980 die
1429 942 1541 980 terra
1564 941 1824 992 germinavit
1836 957 1847 993 ;
1869 945 1910 983 et
1929 944 1974 983 in
1993 946 2119 987 tertia
2138 949 2274 999 aetate,
2299 950 2376 990 sci-

1344 1010 1440 1052 licet
1452 1012 1744 1064 adolescentia,
1760 1013 1891 1056 homo
1905 1018 2055 1068 potens
2074 1020 2138 1058 est
2156 1031 2376 1070 generare.

1345 1082 1397 1124 Et
1417 1084 1462 1124 in
1481 1085 1605 1125 tertia
1634 1088 1780 1136 aetate,
1804 1098 1902 1139 quae
1932 1086 2056 1128 durat
2077 1089 2130 1129 ab
2162 1089 2380 1131 Abraham

1344 1167 1481 1208 usque
1512 1156 1565 1196 ad
1598 1155 1751 1208 David,
1776 1160 1878 1198 tunc
1909 1159 2033 1212 coepit
2067 1159 2304 1214 Synagoga
2334 1162 2379 1202 in

1343 1226 1583 1278 Abraham,
1611 1230 1653 1269 et
1670 1241 1744 1281 per
1769 1228 2133 1272 circumcisionem
2160 1232 2313 1273 factam
2334 1234 2378 1274 in

1344 1309 1470 1338 carne
1498 1301 1612 1352 cJus,
1635 1299 1800 1340 florere.
1826 1299 1873 1340 In
1894 1304 2047 1354 quarta
2066 1302 2132 1343 die
2151 1303 2259 1344 facta
2279 1308 2378 1345 suut

1342 1369 1572 1412 luminaria
1591 1372 1700 1422 coeli,
1726 1376 1767 1414 et
1786 1374 2040 1416 adornatum
2061 1378 2123 1416 est
2139 1376 2315 1429 coelum;
2338 1382 2379 1420 et

1342 1444 1566 1496 respondet
1593 1448 1757 1496 quartae
1783 1446 1918 1497 aetati,
1952 1446 2109 1487 scilicet
2134 1449 2373 1501 juventuti,

1341 1516 1443 1568 quia
1455 1515 1527 1555 illa
1540 1519 1640 1556 aetas
1655 1519 1753 1568 apta
1769 1520 1829 1557 est
1843 1517 2073 1570 sapientiae.
2097 1517 2148 1559 Et
2166 1519 2211 1559 in
2223 1523 2377 1573 quarta

1341 1588 1484 1637 aetate,
1514 1598 1612 1639 quae
1636 1586 1762 1627 datur
1792 1600 1817 1628 a
1841 1588 1974 1629 David
2003 1601 2141 1643 usque
2166 1590 2218 1631 ad
2245 1594 2377 1633 trans-

1340 1658 1644 1710 migrationem
1681 1659 1932 1713 Babylonis,
1973 1661 2116 1713 viguit
2152 1665 2193 1704 et
2229 1663 2374 1705 floruit

1339 1743 1527 1782 regnum
1552 1734 1593 1770 et
1616 1731 1920 1782 sacerdotium,
1943 1734 2063 1785 quasi
2089 1733 2175 1775 duo
2194 1734 2376 1777 lumina-

1338 1802 1416 1853 ria,
1432 1805 1472 1842 et
1486 1802 1617 1843 stellae
1632 1802 1806 1843 fuerunt
1823 1804 2040 1856 prophetae
2057 1805 2202 1846 sancti.
2219 1804 2374 1855 Quinta

1338 1874 1405 1915 die
1424 1874 1519 1915 facti
1536 1875 1710 1915 fuerunt
1730 1875 1877 1928 pisces,
1900 1880 1941 1916 et
1961 1877 2215 1930 respondent
2235 1890 2374 1920 senec-

1337 1947 1442 1998 tuti,
1478 1947 1552 1987 ubi
1580 1948 1672 1999 Jam
1704 1947 1850 2001 incipit
1878 1947 1992 1989 calor
2021 1949 2226 2000 diminui;
2256 1952 2297 1990 et
2329 1950 2373 1991 in

1336 2018 1484 2071 quinta
1514 2021 1650 2070 aetate,
1677 2019 1832 2060 scilicet
1859 2033 1883 2060 a
1903 2020 2278 2073 transmigratione
2297 2020 2374 2062 Ba-

1335 2089 1502 2142 bylonis
1521 2102 1656 2142 usque
1675 2090 1729 2130 ad
1748 2090 1962 2131 Christum
1975 2123 1986 2141 ,
2015 2093 2118 2132 tunc
2138 2092 2373 2145 Synagoga

1333 2161 1506 2214 incoepit
1523 2161 1714 2212 deficere,
1733 2165 1774 2202 et
1795 2163 1947 2214 senuit,
1969 2166 2009 2204 et
2029 2163 2209 2216 perdidit
2230 2167 2371 2205 aueto-

1331 2233 1516 2274 ritatem.
1540 2231 1667 2274 Sexta
1687 2233 1754 2274 die
1773 2234 1907 2275 factus
1933 2237 1996 2275 est
2021 2234 2151 2275 homo
2175 2235 2370 2288 princeps

1331 2305 1582 2356 bestiarum,
1607 2308 1647 2345 et
1667 2306 1894 2358 respondet
1911 2305 2044 2356 senio,
2068 2318 2167 2359 quae
2190 2309 2291 2347 aetas
2309 2311 2372 2348 est

1332 2380 1523 2428 matura,
1556 2380 1597 2418 et
1619 2380 1717 2431 apta
1737 2378 1977 2430 sapientiae3
2002 2380 2043 2418 et
2061 2378 2285 2430 respondet
2319 2378 2367 2431 (b)

1332 2452 1464 2490 sextae
1492 2449 1626 2499 aetati,
1655 2460 1752 2502 quae
1774 2448 1900 2489 durat
1928 2462 1952 2489 a
1973 2449 2137 2489 Christo
2158 2462 2294 2502 usque
2315 2450 2363 2491 ad

1330 2521 1461 2561 finem
1498 2520 1671 2570 niundi;
1712 2523 1753 2560 et
1786 2519 1831 2559 in
1866 2522 1985 2560 sexta
2022 2523 2144 2561 aetate
2178 2521 2367 2562 Christus

1329 2594 1457 2631 natus
1498 2593 1580 2641 est,
1623 2594 1664 2631 et
1701 2592 1820 2630 sexta
1855 2590 1921 2630 die
1954 2591 2205 2641 crucifixus,
2246 2596 2366 2633 sexto

1330 2673 1474 2703 mense
1496 2664 1722 2715 conceptus
1738 2663 1827 2714 post
1842 2662 2159 2714 conceptionem
2172 2662 2194 2704 J
2197 2663 2362 2712 oannis,

1330 2738 1450 2777 sexto
1478 2746 1621 2775 mense
1652 2737 1746 2787 post
1775 2733 2041 2774 nativitatem
2072 2734 2261 2787 ejusdem
2295 2747 2367 2775 na-

1327 2809 1412 2848 tus.
1447 2805 1662 2859 Sapientia
1693 2817 1799 2857 ergo
1825 2807 1945 2845 sexta
1975 2807 2098 2846 aetate
2130 2805 2361 2846 incarnata.

1328 2878 1517 2932 Septima
1545 2880 1648 2918 aetas
1675 2877 1807 2918 currit
1831 2889 1929 2917 cum
1958 2878 2092 2930 sexta,
2121 2875 2277 2917 scilicet
2295 2888 2363 2918 re-

1327 2951 1448 3005 quies
1470 2950 1714 2991 animarum
1733 2951 1825 3002 post
1845 2948 1996 2990 Christi
2022 2950 2274 3002 passionem.
2298 2949 2363 2990 Ad

1325 3023 1404 3064 has
1421 3021 1613 3075 sequitur
1627 3023 1777 3062 octava
1795 3022 1911 3071 aetas,
1932 3019 2090 3061 scilicet
2109 3020 2362 3061 resurrectio

1325 3097 1621 3142 mortuorum,
1643 3093 1694 3134 de
1713 3105 1797 3146 qua
1818 3091 2045 3134 Psalmi-sta
2065 3091 2124 3132 ait
2141 3091 2154 3113 ³
2173 3106 2181 3132 :
2203 3106 2222 3129 ι(
2241 3090 2362 3132 Mane

1324 3166 1470 3209 astabo
1497 3165 1600 3216 tibi,
1631 3167 1670 3206 et
1696 3164 1870 3215 videbo,
1897 3178 1916 3201 »
1943 3166 2022 3205 etc.
2044 3163 2096 3205 Et
2118 3165 2180 3203 est
2200 3162 2361 3203 reditus

1325 3239 1378 3280 ad
1409 3237 1622 3291 primum,
1651 3235 1751 3290 quia
1779 3238 1874 3289 post
1900 3235 2122 3289 septimam
2151 3233 2264 3274 diem
2291 3245 2359 3274 re-

1327 3320 1502 3361 gressus
1529 3310 1593 3348 est
1623 3306 1675 3348 ad
1704 3307 1908 3359 primum.
1944 3306 2043 3347 I-Iaec
2068 3307 2169 3345 sunt
2196 3304 2361 3345 semina

1319 3383 1477 3436 Jactata
1492 3380 1544 3421 ad
1560 3378 1693 3420 intelli
1700 3379 1890 3431 gentiam
1906 3377 2242 3430 scripturarum,
2261 3388 2358 3430 quae

1323 3452 1622 3506 producuntur
1658 3450 1709 3490 de
1746 3449 1827 3489 illis
1868 3447 2092 3489 arboribus
2126 3447 2357 3488 secundum

1296 3540 1301 3545 ·
1367 3535 1412 3577 (a)
1435 3535 1562 3567 Forsan
1587 3533 1652 3575 leq.
1674 3532 1742 3566 Sic.
1765 3549 1805 3556 —
1825 3532 1868 3574 (b)
1891 3530 1970 3565 Coet.
1992 3530 2073 3566 edit.
2093 3529 2314 3573 respondent.
