2633 3878
286 272 361 309 454

283 356 424 403 legitur
450 353 497 389 dc
527 352 617 389 filiis
642 351 757 390 lsrael
776 353 784 372 ¹
806 362 815 387 :
843 364 860 384 α
879 351 1102 388 Statuerunt
1122 346 1310 384 dimicare

283 422 317 454 et
337 415 547 462 confligere
575 414 722 451 fortiter
745 426 753 450 ;
775 426 792 446 ι)
814 412 881 450 illa
902 412 1099 448 dimicatio
1121 419 1310 457 corpora-

281 480 328 516 lis
343 479 471 525 figura
490 476 561 513 suit
580 475 842 513 dimicationis
862 473 1046 518 moralis,
1073 483 1160 519 quae
1195 470 1311 507 dimi-

283 544 390 577 catur
410 550 480 588 per
509 538 741 586 sapientiam
774 541 909 574 contra
942 538 1177 572 tentatorum
1210 533 1311 569 mili-

282 603 394 647 tiam,
417 612 485 637 seu
507 601 764 638 tentationum
784 599 986 636 malitiam.
1012 599 1061 633 De
1081 596 1193 633 tertio
1211 624 1222 640 ,
1243 595 1311 632 ubi

281 665 488 714 Apostolus
521 664 653 701 scribit
681 664 760 700 Tito
778 664 790 684 ²
813 675 821 698 ε
858 676 874 695 «
902 661 1054 698 Festina
1085 659 1134 696 ad
1166 670 1227 696 me
1249 670 1312 695 ve-

281 729 363 765 nire
394 727 600 775 Nicopolin
636 739 643 762 :
679 726 733 762 ibi
764 724 869 762 enim
901 723 1014 760 statui
1053 723 1252 770 hyemare.
1290 735 1306 753 η

281 792 426 836 Quare,
450 799 580 838 quaeso
597 816 607 833 ‚
629 789 817 836 hyemare
838 786 988 832 statuit,
1010 785 1082 821 nisi
1116 784 1209 831 quia
1239 786 1310 819 sta-

280 854 350 891 tuit
380 864 449 901 per
479 853 682 900 hyemem,
714 850 836 886 iidem
866 848 1141 896 praedicando,
1164 850 1199 882 et
1231 845 1311 893 plc-

282 916 374 953 bem
393 914 648 960 aedificando,
672 912 934 950 fructificare?

620 1003 808 1040 Articulus
831 1003 971 1038 tertius.

325 1090 492 1127 Tertium
512 1092 641 1126 actum
659 1085 933 1135 pronuntians,
960 1084 1135 1131 scripsit:
1162 1083 1311 1119 Judz'cz'a

273 1154 430 1198 justitio:
458 1155 551 1187 tuoe:
585 1150 666 1186 haec
699 1151 788 1185 sunt
820 1147 970 1195 judicia
1004 1145 1194 1194 aequitatis
1224 1156 1312 1181 exc·

278 1214 459 1263 quendae.
481 1216 523 1250 Et
540 1215 647 1257 nota,
662 1212 772 1260 quod
791 1210 953 1260 aequitas
969 1208 1207 1255 sivejustitia
1227 1218 1312 1244 exe-

277 1274 437 1324 quenda
460 1273 701 1321 dignoscitur
725 1274 921 1322 praecipue
948 1273 1108 1319 propter
1138 1269 1230 1315 tria,
1256 1269 1311 1304 vi—

278 1338 416 1375 delicet
444 1339 605 1385 propter
636 1336 789 1373 bonum
817 1333 981 1378 morale,
1012 1332 1243 1380 temporale,
1266 1342 1309 1367 ae

277 1401 472 1446 :eternale3
490 1401 566 1437 hoc
581 1401 650 1445 est,
669 1399 822 1435 bonum
839 1396 1004 1442 virtutis,
1019 1395 1141 1444 pacis,
1161 1394 1309 1430 salutis.

279 1466 326 1499 De
347 1464 475 1510 primo
493 1463 536 1498 ³:
567 1476 584 1496 α
609 1461 757 1508 Diligite
792 1459 1001 1507 justitiam,
1029 1457 1097 1505 qui
1128 1456 1311 1503 judicatis

276 1529 419 1562 terram
438 1536 447 1561 ε
481 1539 497 1557 ι)
527 1534 615 1561 ecce
653 1523 805 1560 bonum
824 1520 986 1558 virtutis.
1008 1521 1057 1556 De
1077 1518 1251 1555 secundo
1273 1517 1308 1554 ⁶:

281 1603 297 1621 (ι
319 1588 394 1625 Erit
420 1597 519 1635 opus
548 1586 704 1633 justitiae
728 1596 832 1633 pax:
857 1598 873 1617 »
898 1594 987 1620 ecce
1013 1583 1164 1619 bonum
1187 1580 1307 1628 pacis.

279 1653 327 1687 Dc
360 1649 470 1687 tertio
490 1650 502 1671 ⁵
526 1661 533 1685 :
563 1662 581 1683 «
608 1648 732 1685 Facite
755 1646 964 1694 justitiam,
995 1645 1089 1693 quia
1117 1645 1227 1690 juxta
1257 1646 1311 1679 cst

278 1713 382 1750 salus
401 1722 513 1749 mea:
538 1725 555 1745 n
579 1721 667 1748 ecee
687 1710 840 1746 bonum
862 1708 1008 1745 salutis

607 1815 791 1851 Articulus
817 1817 980 1860 quartus.

325 1903 511 1946 Quartum
531 1901 661 1936 actum
691 1897 938 1942 denuntians,
957 1896 1075 1933 dixit:
1106 1896 1309 1941 Cusc01lz're,

278 1965 345 2002 Cui
378 1961 602 2000 custodire?
636 1961 753 1997 Plane
784 1959 979 2007 iniquitati
1005 1957 1308 2006 persequendae3

278 2026 371 2073 quia
399 2035 537 2062 revera
571 2034 641 2072 per
669 2022 862 2070 aequitalis
884 2021 1035 2069 Judicia
1055 2019 1309 2068 exequenda,

279 2091 366 2124 sunt
381 2086 594 2135 iniquitatis
606 2085 833 2133 praejudicia
844 2082 1130 2132 persequenda.
1149 2085 1189 2119 Et
1202 2085 1311 2128 nota,

279 2150 387 2198 quod
404 2150 486 2187 haec
507 2148 684 2186 custodia
709 2150 764 2184 est
791 2146 1009 2184 necessaria
1032 2147 1192 2193 propter
1212 2144 1310 2181 tria:

278 2227 289 2261 ῃ
307 2217 439 2261 ropter
463 2212 681 2249 custodiam
702 2210 825 2257 regiS,
847 2208 1068 2245 custodiam
1087 2207 1204 2254 legis,
1228 2217 1313 2243 cus-

281 2277 432 2313 todiam
459 2275 600 2322 gregis.
630 2273 761 2310 Prima
786 2271 963 2308 custodia
988 2270 1202 2317 iniquitatis
1224 2279 1312 2316 per-

282 2340 501 2375 secutorem
539 2335 695 2373 ordinat
732 2334 783 2370 ad
821 2333 1012 2380 seipsum3
1049 2331 1222 2367 secunda
1261 2331 1312 2367 ad

287 2403 430 2444 Deum‚·
453 2399 564 2436 tertia
584 2398 635 2434 ad
654 2396 895 2445 proximum.
912 2397 962 2431 De
980 2394 1149 2442 primae:
1178 2393 1312 2429 «Mise-

281 2462 451 2500 ricordia
475 2463 512 2498 et
536 2460 675 2497 veritas
701 2457 925 2496 custodiunt
953 2467 1108 2503 regem,
1129 2469 1146 2489 n
1170 2456 1314 2493 scilicet

282 2523 550 2562 misericordia
568 2525 745 2571 respectu
765 2521 948 2567 injuriam
968 2519 1169 2567 patientis,
1193 2520 1229 2554 et
1249 2529 1312 2553 ve-

282 2588 372 2624 ritas
396 2589 575 2634 respectu
597 2584 782 2632 inJ‘uriam
806 2582 1003 2619 facientis:
1029 2590 1117 2617 ecce
1137 2580 1313 2618 custodia

282 2649 395 2696 regis.
430 2650 478 2685 De
514 2646 710 2691 secunda,
738 2645 806 2682 ubi
840 2644 933 2681 dicit
967 2643 1088 2680 David
1114 2642 1314 2680 Salomoni

283 2711 365 2748 filio
391 2721 462 2748 suo
481 2712 519 2745 ⁷:
547 2722 565 2743 «
587 2712 653 2746 Det
686 2708 756 2745 tibi
785 2706 974 2744 Dominus
1001 2705 1252 2754 prudentiam
1279 2709 1315 2742 et

284 2785 453 2819 sensum,
473 2776 515 2810 ut
534 2782 667 2819 regere
688 2770 814 2819 possis
834 2769 962 2815 lsrael,
987 2772 1023 2805 et
1043 2768 1237 2805 custodire
1258 2768 1313 2804 le·-

285 2847 373 2883 gem
391 2835 543 2872 Domini
564 2834 628 2871 Dei
649 2834 702 2870 tui
720 2846 728 2869 :
752 2836 843 2870 tune
867 2832 971 2868 enim
991 2831 1182 2878 proficere
1203 2833 1314 2877 pote-

285 2899 358 2944 ris,
388 2898 418 2934 si
445 2896 671 2933 custodieris
697 2894 884 2932 mandata
915 2896 951 2929 et
979 2892 1147 2940 judicia,
1174 2906 1190 2926 »
1213 2895 1283 2928 ete.
1305 2904 1312 2927 :

288 2971 375 2998 ecee
389 2959 486 3007 legis
502 2957 679 2995 custodia
698 2957 909 3003 legislatori
928 2955 1189 3000 obsecutoria,
1205 2965 1315 2991 man·

287 3023 469 3060 datorum
494 3019 780 3069 prosecutoria,
807 3017 1049 3064 judiciorum
1078 3017 1312 3062 executoria,

285 3079 607 3130 praejudiciorum
631 3076 908 3125 persecutoria.
931 3077 979 3111 De
1009 3075 1119 3111 tertia
1140 3077 1152 3095 ‘⁴
1173 3087 1180 3111 :
1207 3090 1222 3107 «
1244 3075 1314 3120 Qui

286 3143 465 3192 dispersit
493 3140 627 3187 lsrael,
649 3138 905 3185 congregabit
931 3147 1042 3181 eum,
1070 3140 1105 3172 et
1126 3137 1317 3174 custodiet

285 3218 388 3253 eum,
411 3206 508 3243 sieut
526 3207 660 3253 pastor
683 3212 843 3250 gregem
866 3210 1006 3245 suum3
1027 3198 1191 3235 redemit
1211 3199 1314 3236 enirn

284 3269 472 3307 Dominus
499 3266 641 3312 Jacob,
666 3268 703 3301 et
727 3263 909 3300 liberavit
929 3272 1020 3298 eum
1041 3260 1089 3296 de
1108 3271 1226 3296 manu
1249 3272 1315 3308 po-

285 3330 478 3368 tentioris:
503 3344 520 3365 »
537 3339 626 3366 ecee
647 3326 824 3364 custodia
843 3323 987 3372 gregis,
1007 3322 1212 3360 liberativa
1232 3323 1313 3360 vio-

332 3445 386 3477 ¹11
403 3444 525 3483 Mac-h„
544 3450 602 3482 XV,
624 3443 672 3474 Π.
693 3459 733 3464 -
753 3441 764 3459 ²
785 3440 939 3480 Iit.,111,
962 3440 1011 3470 12.
1034 3454 1069 3460 -
1091 3436 1104 3458 ²
1122 3437 1215 3477 Sap„
1239 3444 1261 3476 1,
1288 3440 1312 3467 ι.

287 3511 326 3516 -
346 3494 355 3510 ³
377 3493 456 3530 Im„
482 3498 593 3521 xxxii.
615 3490 663 3521 ΓΙ.
688 3506 723 3512 -
750 3486 764 3509 ⁸
784 3488 861 3527 Im,
890 3493 958 3526 Lvi,
982 3487 1010 3515 t.
1032 3502 1070 3508 —
1091 3485 1102 3500 ‘¹
1121 3484 1232 3522 Pron,
1256 3493 1313 3524 xx,

286 3543 337 3573 28.
358 3557 393 3562 -
416 3540 424 3544 “
444 3541 450 3570 Ι
471 3538 634 3577 Feralis„
657 3544 740 3575 xxii,
766 3539 812 3575 iz,
839 3538 883 3566 125.
903 3551 943 3555 —
962 3533 1122 3571 ‘'Jerem„
1145 3539 1238 3570 xxxi,
1263 3534 1310 3563 ’,(ι,

979 257 1252 301 izxrosirio
1284 257 1333 298 ιΝ
1367 233 1717 298 PsAisuziuiui.

1385 346 1546 384 lentiam
1568 345 1799 391 sufferentiS‚
1815 348 1852 382 et
1865 347 2106 393 pei-secutiva
2119 349 2346 388 violentiam
2359 351 2416 388 in-

1385 409 1556 448 ferentis.

1816 457 1989 499 Epilogus.

1434 537 1475 571 Et
1494 534 1568 570 hoc
1590 537 1664 579 est,
1685 534 1794 581 quod
1811 534 1863 570 ait
1888 535 2103 582 Propheta:
2132 538 2274 582 Juravi,
2297 548 2418 585 quan-

1385 597 1467 631 tum
1497 596 1548 632 ad
1568 595 1832 640 severitatem,
1858 597 1968 643 eujus
1995 608 2081 633 sum
2113 598 2342 645 obsecutor;
2370 602 2416 637 Et

1383 660 1524 698 statui,
1547 660 1738 704 quantum
1768 657 1819 693 ad
1846 657 2048 705 pietatem,
2080 660 2189 706 cujus
2216 672 2302 697 sum
2331 673 2418 709 pro-

1385 721 1558 761 sceutor;
1581 719 1727 755 Juttice'a
1748 722 1816 755 {we
1829 720 2001 767 justitiae,
2019 725 2210 769 quantum
2227 723 2278 759 ad
2298 724 2418 772 aiqui-

1385 784 1523 826 tatem,
1553 781 1663 826 cujus
1699 792 1787 818 sum
1824 786 2032 830 executor3
2074 784 2281 831 Czcstodtw,
2315 786 2418 823 scili-

1385 846 1443 880 cet
1465 843 1678 890 injiistitiae,
1710 847 1902 892 quantum
1932 845 1983 882 ad
2012 845 2278 893 iniquitatem,
2306 849 2418 896 cujus

1384 917 1470 942 sum
1490 908 1726 954 persecutor.

1751 1056 1972 1084 VERsthLus
1999 1057 2049 1083 ΧΙ.

1438 1158 1513 1193 107.
1538 1159 1761 1196 Humilt'cttus
1776 1170 1850 1195 sum
1870 1170 2133 1207 usquequaque,
2162 1163 2327 1206 Domine,
2345 1164 2418 1198 ete.

1386 1221 1594 1267 Postquam
1625 1220 1778 1267 paravit
1816 1221 1981 1258 charitas
2015 1222 2117 1258 viam
2151 1222 2257 1259 bona
2288 1233 2420 1270 prose-

1385 1282 1618 1328 quentihus,
1641 1285 1676 1319 et
1705 1282 1805 1319 mala
1832 1283 2158 1331 persequentibus
2185 1295 2418 1331 congruam,

1384 1343 1446 1379 hic
1482 1344 1613 1390 dirigit
1644 1344 1748 1381 viam
1781 1345 1886 1382 mala
1916 1345 2201 1392 perferentibus
2231 1349 2420 1394 opportu-

1385 1416 1490 1442 nam.
1514 1408 1581 1443 Per
1603 1407 1704 1443 hanc
1734 1407 1838 1444 viam
1858 1407 1968 1445 toties
1993 1419 2016 1444 a
2036 1408 2200 1444 Domino
2221 1408 2418 1455 ducimur,

1385 1468 1538 1515 quoties
1560 1469 1610 1505 ab
1637 1480 1683 1506 eo
1705 1470 1951 1517 percutimur
1969 1472 2007 1507 et
2025 1481 2223 1507 sanamur.
2245 1472 2419 1515 Quorum

1384 1534 1595 1579 utrumque
1623 1532 1803 1579 promisit
1827 1533 1840 1554 ⁹
1865 1544 1872 1568 :
1899 1546 1917 1566 «
1943 1533 2178 1578 Pereutiam,
2201 1531 2350 1580 inquit,
2384 1535 2420 1570 et

1386 1604 1459 1640 ego
1482 1594 1646 1631 sanabo.
1669 1596 1823 1632 »Porro
1849 1595 2035 1632 Dominus
2055 1595 2233 1643 percutit,
2256 1595 2418 1643 quando

1384 1659 1555 1692 mentem
1596 1658 1810 1693 tumentem
1845 1657 1898 1694 sie
1941 1657 2183 1704 flagellando
2223 1657 2418 1704 concutit,

1385 1719 1494 1766 quod
1528 1722 1723 1755 tumorem
1751 1720 1906 1765 excutit,
1936 1719 2117 1756 timorem
2156 1719 2311 1766 incutit;
2350 1721 2418 1757 sed

1384 1784 1476 1817 tune
1497 1783 1626 1827 sanat,
1651 1792 1741 1818 cum
1770 1781 1912 1818 mentis
1938 1781 2159 1828 languentis
2186 1782 2418 1829 languorem

1384 1843 1590 1888 terminat,
1624 1847 1659 1879 ct
1690 1843 1869 1889 vigorem
1893 1843 2071 1880 redonat.
2094 1844 2202 1881 Unde
2227 1845 2420 1893 Propheta

1383 1905 1555 1952 psallens
1584 1907 1774 1953 tanquam
1800 1916 1970 1953 persona
1999 1917 2038 1942 se
2060 1906 2244 1943 divinitus
2263 1918 2419 1955 pereus-

1385 1978 1469 2003 sam
1508 1967 1697 2014 sentiens,
1735 1967 1864 2004 sanari
1897 1968 2081 2015 cupiens,
2117 1968 2419 2016 promissionem

1384 2029 1650 2076 percussionis
1672 2041 1904 2077 agnoscens,
1922 2030 2227 2078 promissionem
2251 2032 2418 2069 sanatio-

1384 2091 1444 2127 nis
1476 2103 1711 2140 exposeens,
1734 2092 1990 2129 intentionem
2009 2104 2121 2130 suam
2145 2094 2347 2142 exprimit,
2366 2095 2419 2132 ita

1386 2154 1552 2191 dicens:
1588 2157 1813 2191 Humiliatus
1841 2166 1940 2200 sum,
1969 2158 2062 2202 ete.;
2097 2156 2208 2204 quasi
2243 2158 2418 2204 patenter

1385 2216 1588 2263 inquiens:
1620 2219 1674 2253 En
1701 2217 1811 2253 emisi
1831 2218 2048 2263 tumorem,
2080 2218 2268 2265 quoniam
2287 2219 2418 2256 immi-

1386 2278 1465 2314 sisti
1494 2277 1675 2315 timorem
1695 2290 1703 2314 :
1726 2279 1807 2322 fae,
1829 2279 1939 2325 quod
1963 2269 2137 2316 amittam
2161 2280 2414 2327 languorem,

1387 2340 1573 2387 quoniam
1591 2340 1803 2388 promisisti
1825 2341 2014 2387 vigorem.
2035 2342 2208 2386 Quatuor
2228 2353 2321 2389 ergo
2340 2353 2415 2379 no-

1386 2404 1514 2437 tantur
1543 2401 1581 2437 in
1610 2402 1838 2449 proposito:
1871 2403 2033 2439 tumoriS
2065 2403 2241 2450 emissio,
2267 2403 2417 2441 timoris

1387 2463 1591 2508 immissio,
1614 2463 1816 2510 languoris
1836 2464 2010 2509 amissio,
2025 2464 2173 2511 vigoris
2193 2466 2414 2513 promissio.

1388 2525 1445 2562 Ad
1459 2525 1707 2562 humiliatum
1728 2528 1875 2572 spectat
1894 2526 2050 2563 emissio
2072 2527 2253 2574 tumoris,
2276 2528 2327 2565 ad
2349 2530 2418 2566 Do-

1387 2588 1558 2632 minum,
1589 2587 1778 2623 immissio
1811 2587 1983 2634 timoris,
2015 2589 2066 2625 ad
2092 2588 2414 2636 vivificationem,

1388 2649 1545 2686 amissio
1578 2649 1802 2695 languoris3
1831 2649 1882 2686 ad
1915 2650 2103 2695 verbum,
2128 2652 2332 2698 promissio
2360 2653 2416 2690 vi-

1388 2723 1506 2758 goris.

1720 2759 1908 2795 Articulus
1933 2760 2085 2805 primus.

1436 2835 1585 2872 Primus
1602 2838 1852 2883 praenotatur,
1867 2838 1956 2873 cum
1976 2837 2174 2884 psallitur:
2193 2840 2416 2877 Humilc'atus

1387 2909 1465 2934 sum
1493 2908 1755 2945 usquequaque.
1778 2898 1880 2942 Quid
1907 2899 2012 2935 enim
2044 2904 2099 2937 est
2129 2911 2416 2950 usquequaque

1388 2960 1612 3006 humiliari,
1644 2960 1718 2996 nisi
1753 2964 1904 2997 tumore
1936 2962 2110 3010 undique
2143 2963 2325 3011 expiari?
2354 2966 2417 3004 ilie

1386 3023 1515 3069 potest
1528 3021 1652 3058 notari
1670 3022 1809 3070 triplex
1823 3023 1977 3068 signum
1996 3024 2204 3071 humiliati,
2225 3030 2417 3075 quantum

1388 3084 1439 3121 ad
1468 3087 1641 3130 motum,
1673 3085 1723 3120 ad
1753 3084 1904 3131 locum,
1937 3086 1988 3122 ad
2014 3087 2203 3125 affatum:
2231 3089 2263 3125 si
2288 3093 2416 3128 motus

1388 3147 1563 3193 curvior3
1595 3146 1625 3182 si
1645 3146 1756 3183 locus
1775 3147 1953 3194 interior,
1975 3149 2005 3184 si
2025 3149 2165 3186 affatus
2184 3150 2342 3188 tardior.
2366 3153 2415 3188 De

1387 3208 1515 3255 primo
1539 3209 1589 3244 ¹⁰:
1617 3221 1634 3242 «
1654 3208 1690 3245 Si
1706 3209 1934 3246 humiliatus
1958 3211 2078 3248 vadat
2097 3222 2262 3249 curvus:
2285 3225 2302 3247 »
2326 3223 2414 3249 ecce

1388 3273 1517 3307 motus
1548 3271 1717 3307 curvior.
1752 3273 1802 3308 De
1841 3272 2015 3309 seeundo
2049 3273 2141 3310 dicit
2170 3273 2413 3320 psalmogra-

1387 3333 1488 3380 phus
1510 3335 1533 3355 ¹¹
1551 3345 1560 3369 ε
1587 3345 1604 3367 (ε
1630 3333 1834 3370 Humiliata
1853 3336 1908 3370 est
1926 3334 1966 3370 in
1984 3334 2148 3382 pulvere
2167 3334 2298 3371 anima
2323 3345 2414 3372 nos-

1387 3398 1443 3431 tra
1460 3407 1467 3431 :
1491 3409 1509 3430 »
1529 3405 1617 3432 eece
1638 3395 1749 3433 locus
1769 3395 1941 3432 inferior.
1967 3398 2017 3432 De
2036 3396 2147 3433 tertio
2174 3395 2305 3444 psallit
2323 3399 2412 3435 Pro-

1391 3484 1437 3512 11.
1462 3495 1501 3503 —
1527 3479 1540 3501 ⁹
1568 3480 1678 3519 Deus„
1702 3486 1819 3520 xxxn,
1846 3481 1897 3510 39.
1923 3495 1961 3502 —-
1994 3480 2019 3502 ¹⁰
2050 3480 2166 3522 Eccli.,
2193 3489 2262 3522 ΧΗ,
2297 3485 2346 3515 11.
2373 3501 2413 3507 -

1390 3529 1407 3545 u
1432 3527 1522 3560 psal,
1543 3535 1643 3567 xLiii,
1668 3529 1720 3560 23).
