2633 3878
1049 155 1291 198 PSALMUS
1321 155 1494 197 CXVIII.

205 250 327 288 animi
343 249 689 287 mortificationem
703 250 864 296 propter
884 245 1047 283 maximi
1069 245 1115 292 (a)
1137 254 1236 292 prae-

205 311 502 355 varicationem‚
520 314 555 347 et
578 310 700 357 ipsius
719 308 1027 345 vivificationem
1045 317 1116 354 per
1133 306 1238 342 illius

201 372 519 419 justificationem
527 384 538 417 3
552 372 630 408 hoc
645 375 713 415 est,
723 369 1037 417 compassionem
1052 369 1094 416 (b)
1110 378 1238 404 mora-

205 434 253 470 lis
261 436 330 480 ,‘et
351 432 729 480 congratulationem
748 431 836 467 vitae
855 429 1080 478 spiritualis.

545 536 735 571 Articulus
751 536 906 580 primus.

254 618 427 655 Primum
462 616 674 653 insinuavit
707 616 898 663 Propheta
917 644 928 662 ‚
968 625 1058 652 cum
1096 614 1193 651 dixit
1229 627 1237 650 :

211 680 315 725 Vide,
337 681 504 724 Domine,
526 678 594 726 qui
611 678 772 714 intueris
794 689 874 723 cor,
893 677 1055 724 qualiter
1074 675 1240 712 inimicis

206 742 303 778 meis
331 740 571 788 compatior,
596 739 764 786 qualiter
782 738 1041 775 morientibus
1061 748 1239 774 commo-

205 803 310 839 rior:
334 801 453 849 quia¹
473 814 491 835 «
508 801 618 838 fortis
629 803 698 846 est,
717 803 759 837 ut
778 811 898 846 mors,
921 799 1101 845 dilectio;
1124 799 1238 845 dura,

205 863 304 900 sicut
328 862 528 908 infernus,
550 862 760 898 aemulatio.
792 875 809 895 η
834 864 876 897 Et
901 864 1016 906 nota,
1039 860 1149 908 quod
1169 860 1241 897 tria

204 924 312 961 videt
346 924 534 960 Dominus
577 923 744 960 libenter
782 923 822 958 in
865 922 998 958 anima
1011 935 1022 967 3
1058 922 1242 958 videlicet

204 985 478 1029 humilitatem,
500 985 744 1028 charitatem,
763 986 799 1020 et
812 983 997 1031 pietatem
1016 996 1023 1019 :
1040 986 1076 1019 ct
1096 983 1240 1030 specia-

204 1048 291 1085 liter
313 1047 574 1083 humilitatem
601 1045 770 1091 orantis,
799 1045 1025 1081 charitatem
1053 1045 1213 1081 zelantis
1228 1057 1239 1091 3

203 1109 388 1157 pietatem
425 1108 596 1144 alienam
626 1107 919 1144 tribulationem
954 1107 1157 1153 portantis
1190 1108 1241 1142 De

204 1170 333 1218 primo
348 1169 531 1206 scribitur
548 1170 562 1191 ²
587 1181 595 1204 :
619 1182 637 1203 (ι
659 1168 755 1205 Vide
775 1167 1036 1204 humilitatem
1055 1178 1187 1204 meam
1207 1170 1243 1204 et

206 1234 389 1271 laborem
408 1243 543 1269 meum
566 1245 575 1269 ε
596 1246 613 1266 »
640 1243 729 1268 eece
757 1231 857 1268 visio
877 1230 1106 1268 humilitatis
1125 1241 1242 1267 oran-

205 1296 267 1341 tis,
288 1299 326 1332 et
342 1295 495 1332 orando
515 1293 745 1331 laborantis.
772 1296 823 1330 De
844 1293 1019 1330 secundo
1037 1293 1050 1315 ³
1073 1305 1081 1329 :
1111 1306 1127 1326 «
1146 1292 1242 1329 Vide

206 1357 333 1394 zelum
360 1367 495 1393 meum
523 1367 597 1404 pro
627 1355 793 1392 Domino
817 1368 825 1391 :
862 1368 880 1389 »
907 1365 994 1391 ecce
1025 1354 1125 1391 visio
1152 1354 1243 1391 cha-

205 1418 327 1455 ritatis
347 1418 524 1463 zelantis,
546 1419 583 1454 et
602 1417 697 1453 vitia
710 1415 991 1464 persequentis.
1012 1417 1062 1452 De
1081 1416 1194 1453 tertio
1208 1415 1240 1453 ¹⁰:

211 1493 229 1514 «
248 1480 357 1526 Vide,
378 1480 555 1524 Domine,
579 1479 770 1526 quoniam
789 1477 983 1514 tribulor:
1001 1490 1018 1511 >³
1038 1488 1127 1514 ecce
1142 1477 1241 1514 visio

205 1541 359 1589 pietatis
379 1541 549 1578 alienam
568 1540 864 1577 tribulationem
883 1539 1088 1586 portantis.

521 1644 713 1680 Articulus
738 1643 925 1679 secundus.

253 1727 478 1764 Secundum
514 1726 728 1772 indicavit,
766 1737 856 1762 cum
896 1726 1106 1772 adjunxit:
1148 1727 1244 1769 Quo-

207 1790 307 1825 niam
345 1789 518 1825 mandata
561 1792 626 1824 tua
659 1788 775 1824 dileaei
811 1799 818 1823 :
853 1788 999 1835 quibus
1048 1788 1244 1824 mandatis

207 1850 387 1887 inimicos
418 1850 601 1897 diligere,
638 1849 863 1886 odientibus
890 1849 1136 1895 benefacere,
1169 1861 1243 1897 pro

208 1912 536 1960 prosequentibus
561 1915 598 1949 et
625 1911 961 1949 calumniantibus
995 1921 1107 1947 orare
1137 1922 1244 1948 mau-

208 1973 321 2010 dasti.
352 1976 395 2010 Et
422 1977 516 2010 nota
537 1974 640 2010 circa
670 1973 951 2010 mandatorum
977 1972 1242 2019 dilectionem,

208 2035 319 2083 quod
337 2036 529 2083 probatur
548 2046 619 2082 per
638 2035 841 2083 triplicem·
853 2034 1047 2071 rationem
1068 2047 1076 2070 :
1099 2035 1246 2071 scilicet

207 2107 278 2144 per
297 2097 515 2134 studiosam
533 2096 749 2133 moralium
773 2095 1131 2133 considerationem
1142 2108 1152 2142 3
1174 2106 1245 2143 per

206 2158 433 2205 religiosam
470 2159 750 2206 temporalium
788 2158 1134 2206 aspernationem3
1173 2168 1245 2205 per

206 2220 447 2258 fructuosam
475 2220 663 2258 laborum
691 2221 960 2270 corporalium
998 2221 1243 2257 exercitatio-

206 2293 299 2320 nem
322 2294 332 2318 :
366 2293 537 2330 quarum
568 2283 698 2330 prima
729 2286 876 2330 spectat
904 2283 957 2320 ad
977 2283 1242 2326 intellectuum

206 2345 399 2389 secunda,
429 2345 482 2381 ad
512 2344 719 2392 aflectum3
747 2345 859 2382 tertia
890 2345 942 2381 ad
969 2345 1164 2381 eflectum.
1192 2347 1244 2381 De

206 2406 334 2453 prima
360 2407 374 2428 ⁵
403 2417 412 2441 :
445 2418 462 2439 α
491 2406 706 2442 Meditabar
734 2406 775 2442 in
803 2406 999 2442 mandatis
1027 2406 1244 2458 tuis,⁴quae

207 2468 358 2504 dilexi:
392 2479 410 2502 »
444 2467 508 2504 hic
540 2468 734 2515 probatur
760 2468 1042 2504 mandatorum
1081 2468 1241 2505 dilectio

206 2540 277 2576 per
312 2529 625 2566 meditationem.
664 2531 716 2566 De
753 2529 929 2566 secunda
964 2530 978 2551 ⁶
1014 2541 1023 2565 :
1069 2543 1087 2564 «
1120 2529 1243 2566 Dilexi

205 2591 395 2628 mandata
422 2594 489 2627 tua
515 2601 633 2639 super
662 2601 805 2627 aurum
831 2593 869 2627 et
891 2591 1105 2638 topazion:
1132 2605 1149 2624 »
1178 2591 1242 2627 hic

206 2653 398 2700 probatur
416 2653 698 2689 mandatorum
724 2652 881 2689 dilectio
909 2663 982 2701 per
1001 2654 1242 2700 aspernatio-

206 2724 311 2752 nem.
342 2716 393 2751 De
429 2715 540 2752 tertia
569 2716 582 2737 ⁷
612 2728 623 2750 :
654 2729 671 2748 «
701 2715 843 2751 Levavi
879 2726 1020 2752 manus
1052 2727 1159 2753 meas
1191 2716 1243 2752 ad

205 2777 394 2814 mandata
413 2779 493 2822 tua,
517 2787 603 2824 quae
625 2775 746 2813 dilexi
768 2788 777 2813 :
798 2791 816 2811 »
840 2776 904 2814 hic
922 2777 1114 2825 probatur
1133 2788 1243 2815 man-

207 2837 392 2876 datorum
413 2838 571 2875 dilectio
590 2849 662 2886 per
680 2838 1013 2876 exercitationem.

546 2942 736 2978 Articulus
764 2943 904 2978 tertius.

253 3025 423 3061 Tertium
454 3024 662 3070 intimavit,
692 3035 782 3061 cum
814 3025 998 3072 apposuit
1032 3038 1042 3061 :
1087 3027 1241 3071 Vivifica

206 3098 280 3131 me,
302 3086 415 3134 quasi
436 3086 541 3123 dicat
563 3098 572 3122 ε
594 3085 864 3123 Mortificatum
890 3096 963 3134 per
990 3086 1242 3125 inimicorum

207 3148 538 3195 compassionem,
571 3147 730 3184 vivifica
767 3158 841 3195 per
877 3148 1039 3185 illorum
1075 3159 1240 3196 congra-

206 3209 453 3255 tulationem,
472 3212 515 3246 ut
534 3209 633 3246 sicut
651 3209 872 3257 compatior
890 3210 1068 3258 ipsorum
1089 3221 1240 3259 praeva-

252 3307 258 3323 ¹
282 3305 395 3345 Cant„
421 3315 498 3347 vni,
523 3308 553 3338 6.
575 3323 611 3329 —
635 3306 650 3328 ²
669 3306 762 3338 Psal.
787 3315 883 3348 xxw,
914 3309 963 3339 18.
984 3325 1018 3330 —-
1047 3308 1060 3329 ³
1081 3308 1122 3340 lv
1148 3309 1241 3349 Κεφ,

208 3353 365 3390 x,16.—
380 3353 394 3375 δ
413 3353 544 3394 Thr-en„
564 3360 590 3392 1,
607 3354 659 3385 20.
679 3370 720 3376 —
738 3354 750 3372 ⁵
767 3353 862 3386 Psal.
882 3354 962 3395 hoc,
983 3356 1035 3386 47.
1052 3372 1087 3377 —
1107 3355 1121 3377 ⁶
1142 3354 1242 3393 ibid„

210 3399 280 3430 ¹27.
302 3415 343 3422 —
376 3400 385 3417 ⁷
419 3400 516 3440 ibid„
551 3401 601 3432 48.
635 3417 675 3423 -
708 3401 718 3417 ⁵
747 3401 853 3439 loon„
892 3409 923 3442 ν,
952 3403 1003 3433 21.
1035 3419 1068 3424 -
1103 3404 1114 3420 ²⁸
1147 3400 1237 3433 Psal.

2265 165 2342 205 523

1311 244 1512 289 ricationi,
1541 244 1596 280 sic
1619 246 1869 292 congratuler
1895 256 2033 284 eorum
2061 249 2342 295 justificationi.

1315 306 1380 342 Hic
1416 308 1542 353 potest
1574 307 1729 352 notari,
1770 308 1880 354 quod
1921 310 2110 356 contingit
2146 311 2346 359 tripliciter

1312 366 1502 403 vivificari
1534 379 1542 402 :
1570 377 1640 414 per
1677 368 1991 414 suscitationem,
2024 381 2095 416 per
2121 373 2344 410 conversio-

1313 437 1423 473 nem,
1445 438 1516 475 per
1542 427 1853 465 consolationem
1873 440 1881 464 ε
1912 431 2041 476 prima
2060 432 2270 470 vivificatio
2291 436 2346 471 est

1314 498 1337 524 a
1356 492 1480 526 morte
1513 489 1565 525 ad
1593 489 1736 535 vitam3
1771 491 1955 536 secunda,
1981 501 2004 527 a
2032 493 2149 540 culpa
2177 495 2228 530 ad
2260 505 2346 541 gra-

1314 549 1409 585 tiam
1425 562 1435 595 ;
1457 551 1583 595 tertia,
1598 561 1620 587 a
1639 551 1790 587 tristitia
1811 551 1864 587 ad
1882 552 2067 588 laetitiam.
2091 555 2141 590 De
2152 555 2281 601 prImo
2298 557 2312 578 Β
2335 570 2343 593 ;

1318 624 1335 643 «
1351 611 1453 647 Sicut
1469 613 1578 647 Pater
1594 612 1749 648 suscitat
1761 614 1952 658 mortuos,
1969 616 2005 649 et
2018 613 2203 661 vivificat,
2219 629 2237 651 n
2252 618 2342 653 etc.:

1315 682 1405 708 ecce
1434 672 1740 709 vivificationem
1765 684 1835 720 per
1864 674 2168 712 suscitationem.
2203 679 2254 713 De
2284 689 2346 714 se-

1315 733 1449 770 cundo
1488 733 1581 769 dicit
1615 735 1816 770 psalmista
1836 737 1849 757 ⁹
1878 747 1886 771 :
1912 748 1930 769 «
1960 738 2082 782 Deus,
2121 740 2161 773 tu
2187 748 2349 776 conver-

1315 807 1395 841 sus,
1408 810 1426 831 »
1440 795 1504 832 vel
1520 796 1739 832 secundum
1753 797 1872 833 aliam
1886 798 2066 845 litteram,
2087 805 2348 839 «convertens

1314 857 1534 894 vivificabis
1544 868 1617 894 nos
1630 870 1638 893 :
1655 871 1673 892 »
1686 868 1774 894 ecce
1785 858 2092 897 vivificationem
2105 872 2177 909 per
2190 873 2349 901 conver-

1314 919 1479 956 sionem.
1503 921 1552 955 De
1572 919 1682 955 tertio
1697 920 1829 967 psallit
1848 921 2040 968 Propheta
2056 922 2082 944 ¹⁰
2099 935 2107 958 :
2122 924 2190 960 «Si
2210 925 2349 962 ambu-

1315 982 1450 1018 lavero
1468 982 1508 1017 in
1528 981 1662 1018 medio
1682 981 1962 1028 tribulationis,
1980 983 2200 1021 vivificabis
2217 997 2280 1023 me
2297 998 2306 1023 ι
2328 1001 2346 1021 »

1317 1053 1405 1080 ecce
1426 1042 1734 1080 vivificationem
1752 1053 1824 1090 per
1845 1044 2171 1082 consolationem.

1645 1147 1831 1182 Articulus
1857 1150 2023 1192 quartus.

1365 1229 1552 1272 Quartum
1572 1227 1725 1273 innuit,
1745 1238 1836 1264 cum
1864 1228 2096 1275 interposuit
2117 1241 2125 1266 :
2146 1231 2190 1266 In
2209 1232 2350 1267 miseri-

1317 1291 1442 1326 cordia
1469 1295 1530 1325 tua
1542 1302 1554 1336 3
1585 1289 1731 1326 scilicet
1753 1300 1776 1326 a
1801 1292 1837 1326 te
1862 1291 2050 1337 requisita
2065 1319 2077 1337 ‚
2106 1291 2176 1327 sed
2200 1302 2270 1339 per
2288 1303 2351 1328 me

1319 1351 1502 1398 expetita,
1524 1354 1559 1387 et
1575 1351 1672 1387 meis
1685 1351 2002 1398 persecutoribus
2016 1352 2225 1400 impartita.
2246 1353 2352 1390 Mise-

1316 1412 1490 1449 ricordia
1510 1412 1649 1458 igitur,
1671 1423 1759 1460 quae
1783 1423 1854 1460 per
1882 1414 2116 1460 prophetam
2145 1415 2350 1462 expetitur,

1316 1484 1390 1521 pro
1425 1474 1585 1510 miseria
1619 1474 1775 1521 petitur,
1810 1485 1891 1510 non
1927 1485 2001 1522 pro
2038 1476 2195 1513 miseria
2231 1487 2353 1524 quam

1317 1535 1512 1582 Propheta
1531 1535 1691 1583 patitur,
1713 1535 1782 1572 sed
1807 1546 1880 1583 pro
1901 1536 2059 1573 miseria
2079 1537 2141 1574 cui
2160 1538 2354 1585 Propheta

1320 1596 1567 1644 compatitur.
1608 1598 1651 1633 Et
1688 1600 1781 1634 nota
1795 1625 1807 1642 ,
1847 1597 1958 1644 quod
1994 1600 2050 1634 est
2085 1599 2355 1638 misericordia

1317 1656 1508 1704 tripartita
1543 1668 1551 1692 :
1590 1656 1736 1694 seilicet
1772 1657 2045 1694 misericordia
2082 1658 2353 1705 immissioniS‚

1318 1718 1591 1755 misericordia
1615 1718 1879 1763 remissionis,
1900 1723 1937 1756 et
1967 1719 2238 1757 misericordia
2263 1732 2354 1769 pro-

1317 1780 1528 1817 missionis.
1559 1780 1824 1818 Misericordia
1843 1781 1972 1829 prima
1992 1784 2047 1818 est
2067 1783 2352 1830 compatientis,

1318 1844 1417 1879 sicut
1436 1842 1551 1879 amici
1566 1855 1577 1888 3
1600 1842 1874 1879 misericordia
1889 1843 2064 1880 secunda
2084 1846 2141 1880 est
2157 1845 2351 1892 patientis,

1317 1904 1425 1941 velut
1453 1904 1669 1952 phrenetici
1679 1917 1690 1950 ;
1718 1904 1989 1941 misericordia
2010 1905 2121 1942 tertia
2151 1909 2206 1943 est
2231 1906 2353 1944 bene-

1317 1966 1516 2012 facientis,
1536 1969 1578 2003 ut
1596 1966 1754 2002 medici.
1772 1969 1824 2003 De
1846 1966 1975 2014 prima
2002 1967 2272 2005 misericordia
2292 1970 2320 1992 ¹¹
2342 1982 2350 2006 :

1323 2040 1341 2062 «
1359 2028 1486 2065 Gratia
1506 2028 1572 2064 Dei
1593 2030 1631 2064 et
1658 2028 1930 2065 misericordIa
1958 2028 1999 2064 in
2022 2031 2177 2065 sanctos
2196 2030 2280 2076 eius
2302 2041 2310 2066 :
2330 2043 2349 2065 »

1319 2100 1409 2127 ecee
1432 2089 1702 2127 misericordia
1721 2089 1987 2126 immissionis.
2022 2092 2072 2127 De
2101 2091 2275 2128 secunda
2295 2093 2318 2113 ¹²
2341 2103 2350 2127 ε

1322 2165 1340 2186 «
1360 2153 1433 2196 Qui
1453 2151 1660 2188 abscondit
1679 2151 1826 2189 scelera
1844 2162 1929 2198 sua,
1950 2162 2033 2189 non
2052 2152 2263 2199 dirigetur;
2283 2154 2352 2201 qui

1319 2217 1451 2251 autem
1469 2212 1671 2250 confessus
1693 2213 1820 2257 fuerit,
1845 2216 1882 2250 et
1900 2214 2103 2261 reliquerit
2120 2225 2180 2259 ea,
2199 2215 2352 2252 miseri-

1319 2275 1497 2313 cordiam
1538 2278 1801 2323 consequetur
1840 2288 1848 2312 :
1889 2289 1907 2310 »
1953 2287 2041 2312 ecce
2084 2276 2355 2316 misericordia

1317 2336 1570 2374 remissionis,
1605 2339 1655 2373 De
1683 2337 1794 2373 tertia
1833 2338 1858 2359 ¹³
1887 2349 1896 2373 ε
1920 2348 1937 2370 «
1957 2338 2261 2375 Insustentabilis
2294 2339 2354 2376 ira

1319 2408 1437 2445 super
1455 2400 1681 2446 peccatores
1701 2397 2020 2434 comminationis
2040 2402 2138 2445 tuae3
2160 2399 2354 2437 immensa

1318 2470 1412 2496 vero
1430 2462 1465 2495 et
1489 2459 1772 2506 investigabilis
1787 2459 2058 2496 misericordia
2076 2460 2353 2507 promissionis

1317 2524 1392 2558 tuae
1408 2532 1445 2557 z»
1469 2531 1558 2558 ecce
1578 2512 1850 2558 misericordia
1868 2521 2153 2568 promissionis.

1747 2625 1918 2668 Epilogus.

1365 2710 1419 2744 Ex
1437 2707 1497 2743 his
1522 2709 1650 2754 potest
1674 2706 1887 2742 clarescere
1915 2717 1994 2744 vox
2015 2707 2215 2755 Prophetae
2234 2719 2351 2746 oran-

1318 2770 1363 2806 tis
1380 2780 1428 2806 ex
1448 2769 1623 2806 maxima
1641 2767 1915 2815 compassione
1934 2779 2008 2816 pro
2028 2770 2352 2818 persequentium

1313 2830 1602 2878 justificatione.
1624 2829 1684 2866 Ait
1702 2839 1876 2876 namque
1896 2841 1904 2865 :
1933 2830 2040 2876 Vide,
2059 2833 2221 2876 Domine,
2240 2831 2351 2868 vide-

1316 2893 1406 2930 licet
1430 2892 1551 2929 animi
1579 2891 1658 2928 mei
1688 2890 2052 2938 mortificationem,
2083 2892 2153 2930 ubi
2189 2893 2350 2930 affectus

1317 2954 1602 3003 compassionis
1613 2966 1625 3000 3
1645 2954 1820 2998 Quoniam
1836 2953 2011 2990 mandata
2029 2957 2093 2991 tua
2112 2955 2242 3000 dile-tri,
2262 2965 2350 3002 quae

1317 3016 1512 3054 mandasti
1556 3016 1661 3053 circa
1699 3015 1870 3064 proximi
1914 3015 2278 3063 praeJudicationem
2313 3019 2351 3053 et

1315 3078 1706 3127 praevaricationem,
1739 3077 1808 3114 ubi
1839 3087 1947 3113 mors
1978 3077 2161 3121 moralis3
2198 3079 2350 3123 Vivifica

1315 3152 1388 3187 me,
1407 3151 1479 3189 per
1497 3139 1619 3177 animi
1638 3139 1714 3176 mei
1744 3138 2067 3185 laetificationem,
2090 3138 2156 3175 ubi
2189 3138 2348 3176 affectus

1315 3201 1682 3249 congratulationis3
1710 3202 1754 3237 In
1780 3200 2028 3237 misericordia
2054 3205 2136 3247 tua,
2158 3202 2349 3248 quantum

1315 3303 1434 3335 Lxxix‚
1459 3296 1507 3326 19.
1526 3311 1566 3316 —
1597 3294 1621 3315 ¹⁰
1645 3292 1738 3324 Psal.
1762 3299 1924 3330 cxxxvii,
1946 3293 1976 3323 7.
1996 3309 2038 3316 —
2064 3292 2084 3311 ¹¹
2103 3291 2197 3333 Sap„
2219 3299 2264 3332 iv,
2297 3294 2346 3324 15.

1315 3358 1355 3366 -—
1390 3342 1411 3360 ¹²
1437 3342 1552 3378 Pron„
1583 3347 1713 3380 xxvm,
1746 3341 1795 3370 13.
1827 3355 1862 3360 -
1895 3339 1920 3360 ¹³
1945 3339 2040 3371 Orat.
2066 3340 2227 3379 Manass„
2261 3339 2349 3371 inter

1315 3397 1520 3440 apocrypha.
1543 3413 1582 3421 —
1601 3396 1646 3437 (α)
1669 3396 1743 3436 Leq.
1765 3394 1925 3436 proximi.
1947 3393 1993 3419 —'
2017 3395 2060 3436 (b)
2079 3395 2195 3438 Suppl.
2216 3395 2347 3428 mortis.
