2633 3878
54 2406 128 2432 Tres

18 2445 129 2481 gratiae.

54 2908 158 2934 Lutum

18 2946 134 2982 triplex.

1048 221 1291 264 PSALMUS
1320 221 1481 266 XXXIX

244 318 282 356 8.
297 314 351 357 Et
368 325 482 356 nunc
497 325 592 368 quoe
610 319 671 359 est
688 314 923 368 empectatio
936 311 1059 355 mea?
1075 311 1223 355 Nonne

189 387 427 430 Dominus?
446 388 520 441 qui
539 390 602 429 est
623 399 750 441 super
767 385 926 436 omnia,
947 385 990 426 id
1009 387 1072 426 est
1089 384 1223 426 Chris-

188 461 273 500 tus.
301 459 433 501 Nota:
467 459 656 501 Christus
679 459 832 500 dieitur
857 469 946 499 esse
973 469 1101 510 super
1131 469 1222 498 om—

189 544 288 573 nem
320 531 482 582 locum,
512 531 580 572 vel
612 530 755 571 omnia
787 529 901 580 loca,
931 528 1046 569 unde
1077 527 1220 569 hoc¹:

195 618 215 642 «
234 603 417 655 Attingit
437 614 542 654 ergo
563 614 587 643 a
617 603 701 642 sine
719 613 856 654 usque
884 600 1084 641 adfinem
1104 599 1221 640 forti—

187 677 305 716 ter.»
338 673 553 723 Potentia;
585 685 688 713 nam
713 672 751 713 ei
780 673 794 694 ²
838 687 857 709 «
882 671 1065 712 flectitur
1095 682 1223 711 omne

188 757 320 798 genu,
343 759 361 782 n
388 744 540 784 scilicet
569 759 587 783 c<
608 743 857 793 coelestium,
880 741 1160 791 terrestrium,
1183 743 1223 781 et

188 813 466 857 infernorum.
488 830 507 853 »
534 814 584 856 Et
614 814 843 867 dignitate,
867 812 982 854 unde
1001 811 1156 853 dieitur
1173 811 1186 834 ³
1209 826 1217 851 z

192 903 212 927 α
230 887 547 940 Primogenitus
566 890 662 928 ante
681 897 852 927 omnem
871 886 1126 926 creaturam.
1142 899 1162 922 »

341 1047 609 1092 PSALMUS
642 1047 823 1092 DAVID
854 1046 1063 1090 XXXIX.

239 1176 278 1213 2.
300 1173 561 1225 Expectans,
585 1172 807 1225 eoepectavz·
821 1171 1064 1220 Dominum,
1087 1174 1128 1213 et
1149 1171 1219 1212 in-

187 1243 326 1287 tendit
347 1244 471 1286 mihi.
497 1242 599 1285 Vide
626 1255 711 1296 quo
743 1242 884 1283 modo.
916 1240 1024 1282 Nam
1057 1244 1223 1283 montes

189 1318 412 1369 expectant
438 1315 655 1365 durando,
684 1314 881 1355 homines
915 1314 1216 1355 desiderando:

187 1390 351 1428 montes
369 1390 591 1440 expectant
611 1378 818 1439 pluviam,
839 1398 892 1426 ne
912 1388 1126 1436 arescant3
1150 1386 1223 1426 ho-

188 1459 325 1499 mines
341 1458 539 1511 gratiam,
561 1470 614 1498 ne
634 1459 822 1510 pereant.
848 1456 927 1506 Qui
948 1457 1155 1508 durando,
1182 1460 1222 1498 et

186 1543 272 1572 non
293 1530 617 1583 perseverando,
654 1531 862 1581 expectat,
893 1534 1119 1582 expectans
1136 1541 1222 1570 non

186 1604 401 1654 expectat;
436 1601 510 1654 qui
543 1603 798 1653 perseverat,
833 1602 875 1640 ct
897 1600 1121 1650 desiderat,
1143 1612 1221 1640 ex-

184 1675 354 1725 pectans
381 1675 587 1726 expectat.
623 1672 739 1723 Ergo
770 1675 1001 1724 expectans
1030 1677 1219 1724 expecta,

184 1743 227 1784 id
257 1746 334 1795 est,
367 1755 641 1797 perseverans
672 1743 877 1794 desidera,
908 1746 950 1784 et
977 1743 1221 1784 desiderans

184 1827 409 1868 persevera
431 1815 482 1868 (a)
504 1830 513 1855 ε
548 1817 588 1855 et
612 1814 734 1855 faciet
760 1814 967 1855 Dominus
994 1814 1108 1868 quod
1133 1827 1221 1856 non

182 1887 444 1929 fraudaberis
463 1900 488 1928 a
507 1887 719 1929 desiderio
740 1890 829 1928 tuo.

239 1959 286 2012 (b)
306 1958 432 2001 Nota:
443 1971 541 2000 cum
552 1959 705 2000 dicitur
721 1972 730 1999 :
744 1960 990 2012 Eoepeetcms
999 1962 1222 2012 expectavi

182 2031 422 2083 Dominum,
441 2035 480 2074 et
500 2030 690 2074 intendit
711 2031 839 2082 milti,
860 2043 936 2084 pro
952 2030 1035 2072 alio
1051 2031 1109 2072 sic
1124 2044 1221 2085 sup-

180 2114 307 2156 pono,
336 2114 411 2155 per
442 2102 693 2143 antecedens
722 2105 763 2143 et
789 2114 1050 2155 consequens
1077 2117 1086 2143 :
1118 2115 1218 2144 nam

179 2174 256 2227 qui
276 2176 608 2227 expectaverunt
628 2173 857 2224 Christum,
880 2186 967 2215 non
1002 2174 1215 2226 viderunt,

180 2245 252 2286 sed
269 2245 356 2286 alii.

234 2319 273 2357 3.
295 2317 468 2361 Eduxit
489 2328 552 2359 me
575 2317 626 2359 cte
647 2317 745 2359 lacu
766 2318 969 2369 miserita,
1001 2322 1039 2361 et
1058 2318 1110 2362 de
1131 2319 1218 2362 luto

172 2390 313 2448 foecis.
337 2389 440 2431 Tres
472 2390 625 2443 gratiae
650 2392 869 2440 notantur,
897 2390 1054 2432 seilicet
1074 2406 1082 2431 :
1107 2391 1218 2432 inei-

178 2461 311 2514 piens,
334 2461 408 2502 ubi
424 2461 523 2502 dicit
543 2476 551 2502 :
575 2461 745 2503 Eduxit
762 2461 886 2504 mede
901 2462 996 2504 lacu
1010 2463 1217 2508 miseriae:

180 2534 416 2586 proficienS,
444 2533 518 2574 ubi
538 2533 636 2574 dicit
659 2547 667 2573 :
701 2534 870 2576 Diremit
888 2545 1056 2587 gressus
1078 2546 1214 2586 meos3

178 2605 415 2658 perficiens,
445 2604 520 2645 ubi
551 2604 686 2645 dixit:
719 2606 907 2649 Immisit
925 2607 974 2648 in
1006 2617 1051 2649 os
1082 2618 1218 2650 meum

178 2677 393 2719 canticum
408 2686 581 2719 novum.

231 2750 291 2792 Et
309 2748 360 2792 de
379 2748 466 2791 luto
488 2749 622 2800 foecis.
645 2746 752 2790 Nota
780 2763 789 2790 :
811 2751 874 2790 est
897 2749 1038 2791 lutum
1058 2749 1215 2804 platea-

177 2833 298 2873 rum,
332 2821 472 2872 faecis,
505 2832 560 2861 ex
590 2822 729 2873 stupo.
763 2819 820 2861 De
852 2821 992 2874 primo
1023 2821 1136 2863 hoc:
1169 2822 1218 2866 Ut

177 2891 313 2935 lutum
350 2892 587 2945 platearum
614 2891 754 2934 delebo
787 2903 854 2935 eos
877 2905 891 2934 .·
925 2895 967 2934 et
1003 2893 1217 2946 significat

178 2964 398 3006 luxuriam
430 2976 506 3017 per
535 2963 666 3004 latam
697 2964 814 3005 viam
843 2964 1109 3005 incedentem
1132 2979 1141 3006 :
1164 2965 1216 3007 de

179 3035 366 3076 secundo
384 3034 466 3075 hoe
488 3035 501 3057 ⁵
522 3049 532 3075 :
557 3050 576 3073 «
599 3033 723 3076 Viam
741 3035 875 3076 fecisti
900 3035 946 3076 in
966 3036 1076 3077 mari
1095 3037 1216 3090 equis

179 3105 262 3147 tuis
282 3105 328 3145 in
346 3104 436 3145 luto
460 3116 670 3157 aquarum
690 3106 947 3156 multarum3
970 3120 990 3143 ›>
1018 3109 1059 3147 et
1077 3106 1216 3159 signi-

180 3177 275 3218 fieat
296 3187 444 3217 curam
477 3176 799 3229 temporalium:
833 3177 885 3219 de
916 3176 1038 3220 tertio
1067 3177 1152 3230 hic,
1174 3183 1216 3221 et

179 3248 406 3302 exponitur
426 3247 496 3290 vel
515 3247 567 3289 de
585 3247 940 3301 concupiscentia,
956 3248 1026 3291 vel
1042 3248 1093 3291 de
1112 3261 1216 3303 gen-

152 3371 156 3378 .
223 3358 233 3379 ¹
253 3356 435 3397 5ap.,v111,
458 3359 487 3389 1.
511 3372 551 3379 -
567 3355 578 3374 ²
599 3355 739 3397 Philip„
761 3363 800 3396 11,
818 3358 869 3389 10.
884 3374 924 3379 —
943 3356 956 3378 ³
976 3356 1094 3396 Eccli.‚
1117 3366 1212 3400 xxw,

181 3405 211 3437 5.
231 3405 296 3429 —b
313 3403 403 3436 Psal.
421 3410 507 3443 xvix,
527 3404 580 3435 43.
599 3420 640 3426 -—
659 3404 670 3422 ⁵
691 3402 810 3436 [labae.
830 3430 837 3444 ,
859 3411 917 3442 111,
948 3405 998 3436 15.
1014 3421 1052 3428 -
1076 3405 1088 3424 ‘⁵
1102 3405 1211 3449 loon„

182 3457 232 3491 ix,
248 3453 278 3483 6.
293 3469 333 3476 —-
347 3451 359 3474 ⁷
380 3451 525 3491 Job,v11,
546 3452 595 3483 19.
617 3469 657 3475 -
672 3450 790 3483 8Psal.
809 3459 883 3493 xvi,
901 3453 951 3484 15.
975 3452 1038 3475 -9
1056 3453 1212 3496 Luc.,1x,

181 3498 232 3529 62.
252 3515 292 3522 —
307 3500 331 3523 ¹⁰
347 3498 434 3532 Psal.
455 3506 529 3539 cm,
551 3500 602 3531 25.
621 3517 656 3523 —-
681 3500 703 3519 ¹¹
726 3498 818 3531 Psal.
841 3501 1081 3538 Lxxv1‚16.—
1099 3502 1122 3520 ¹²
1140 3502 1210 3544 Joh,

182 3551 245 3584 vn,
262 3547 310 3579 12.

2251 238 2327 277 207

1298 313 1413 354 tibus
1430 313 1542 355 idola
1562 314 1810 370 colentibus,
1832 320 1901 362 vel
1933 321 1984 363 de
2003 322 2174 364 miseria
2195 322 2328 376 hujus

1297 384 1456 425 saeculi.
1493 384 1670 438 Lutum,
1713 389 1866 431 scilicet
1898 396 2097 445 sputum,
2139 394 2254 436 unde
2283 395 2328 435 in

1297 454 1531 509 Evangelio
1553 459 1566 480 ⁶
1585 459 1789 502 Dominus
1808 462 1898 505 luto
1916 467 2083 507 sanavit
2096 467 2240 508 oculos
2253 479 2329 510 cae-

1297 528 1354 580 ci,
1389 531 1579 584 apposita
1610 533 1755 575 saliva.
1791 535 1928 577 Nota:
1965 538 2105 579 lutum
2138 543 2200 580 est
2231 552 2328 582 earo

1297 597 1447 641 Christi
1457 616 1466 651 ;
1502 602 1635 644 saliva
1655 607 1716 646 est
1741 607 1942 659 sapientia
1972 608 2122 661 Patris,
2158 624 2254 664 quae
2275 624 2330 653 ex

1296 682 1368 712 ore
1386 671 1590 714 Altissimi
1620 676 1784 728 prodiit.
1808 676 1925 720 Unde
1943 678 2020 720 Job
2042 680 2054 701 ⁷
2073 694 2082 721 ε
2109 696 2128 719 <‹
2147 681 2241 723 Non
2263 683 2329 724 di-

1296 742 1428 783 mittis
1447 755 1530 794 me,
1548 748 1596 786 ut
1610 747 1790 799 glutiam
1804 749 1982 791 salivam
1997 765 2006 791 t
2021 764 2040 788 »
2065 752 2165 805 quia
2185 754 2330 805 cogni-

1295 813 1354 855 tio
1374 815 1590 868 sapientiae
1620 818 1754 861 Patris
1775 821 1954 862 venitin
1972 824 2172 875 praesenti
2194 836 2330 877 usque

1295 885 1348 926 ad
1379 889 1542 938 guttur,
1573 901 1660 930 non
1690 903 1827 944 usque
1858 893 1911 934 ad
1938 896 2147 945 ventrem,
2180 894 2222 936 id
2251 899 2328 946 est,

1295 968 1382 998 non
1396 971 1532 1012 usque
1545 960 1597 1002 ad
1608 962 1856 1015 satietatem,
1870 964 2032 1006 habens
2045 966 2330 1018 cognitionem

1294 1028 1344 1070 de
1364 1031 1570 1084 sapientia
1601 1033 1736 1076 Patris
1758 1048 1768 1077 :
1794 1036 1866 1077 sed
1884 1040 1898 1061 ⁸
1926 1048 1936 1077 :
1965 1052 1984 1075 «
2003 1036 2210 1087 Satiabor,
2233 1050 2331 1079 eum

1294 1103 1541 1154 apparuerit
1558 1104 1697 1157 gloria
1726 1108 1854 1148 tua.»
1883 1107 2070 1149 Salivam
2093 1108 2229 1162 igitur
2256 1122 2328 1164 ap-

1294 1173 1436 1225 posuit
1463 1174 1552 1216 luto
1579 1176 1632 1217 ad
1659 1178 1898 1219 sanandum
1920 1191 2083 1221 caecum
2108 1195 2116 1222 :
2143 1193 2244 1222 nam
2264 1194 2333 1222 sa-

1294 1244 1453 1296 pientia
1479 1249 1542 1287 est
1575 1247 1793 1291 incarnata
1823 1250 1876 1291 ad
1921 1252 2159 1294 sanandum
2192 1265 2331 1306 genus

1294 1314 1551 1359 humanum.
2166 1323 2170 1327 '

1348 1389 1409 1430 Et
1427 1388 1591 1433 direxit
1604 1401 1773 1443 qresszcs
1794 1403 1904 1436 meos
1922 1395 1951 1434 ⁹.
1974 1410 1992 1433 α
2006 1394 2139 1436 Nemo
2160 1395 2330 1438 mittens

1295 1533 1356 1570 est
1385 1543 1524 1583 regno
1545 1532 1653 1573 coeli.
1675 1548 1694 1571 »
1718 1533 1837 1575 Unde
1856 1537 2068 1588 sacerdOS,
2103 1540 2328 1591 postquam

1295 1602 1494 1654 apposuit
1514 1615 1691 1644 manum
1709 1605 1762 1646 ad
1782 1606 1970 1658 calicem,
1987 1608 2145 1649 scilicet
2165 1609 2218 1650 ad
2238 1622 2329 1652 ara-

1294 1675 1425 1723 trum,
1447 1686 1532 1715 non
1564 1677 1772 1718 convertit
1794 1689 1838 1719 se
1864 1678 1918 1719 ad
1947 1679 2172 1733 populum,
2200 1681 2332 1724 donee

1294 1745 1415 1786 finita
1435 1746 1488 1786 sit
1508 1747 1652 1789 missa.

1347 1820 1386 1856 4.
1408 1817 1593 1862 Immisit
1612 1821 1661 1862 in
1687 1831 1732 1863 os
1762 1832 1901 1865 meum
1920 1825 2138 1867 canticum
2155 1836 2327 1869 novum.

1292 1886 1400 1929 Nota
1428 1901 1438 1929 ε
1476 1888 1716 1932 Cardinales
1743 1892 1786 1933 in
1819 1894 1934 1935 festis
1964 1896 2114 1938 diebus
2144 1899 2329 1941 resident

1293 1959 1414 2012 equis
1439 1962 1559 2002 tectis
1578 1962 1684 2003 albis
1704 1965 1869 2017 pannis.
1886 1965 1967 2007 Per
1986 1980 2145 2021 equum
2165 1970 2308 2012 album

2367 480 2482 511 Lutum,

2382 520 2489 548 Saliva.

2386 1415 2490 1444 Decla-

2350 1457 2424 1484 ratio
2447 1458 2488 1484 ri-

1294 1458 1346 1499 ad
1366 1462 1557 1500 aratrum
1570 1473 1763 1514 manum,
1785 1466 1826 1504 et
1838 1464 2044 1517 aspiciens
2064 1470 2192 1518 retro,
2207 1471 2330 1521 aptus
2349 1499 2407 1524 tus·

2391 1919 2487 1947 Caere-

2373 1967 2472 1987 monla

2316 2005 2325 2024 ⁹
2351 2001 2486 2028 cardina-

1293 2043 1410 2081 caro;
1441 2045 1516 2085 per
1541 2046 1732 2086 pannum
1758 2037 1920 2089 album,
1946 2040 2157 2082 munditia
2175 2042 2328 2084 intelli·
2350 2043 2423 2070 ”um
2461 2043 2490 2069 ³¹³

1292 2103 1410 2155 gitur
1434 2104 1498 2157 (0),
1520 2105 1573 2146 ad
1592 2107 1924 2159 significandum
1942 2113 2056 2164 quod
2083 2113 2236 2156 debent
2255 2128 2331 2157 su-

1293 2186 1472 2227 peresse,
1495 2177 1538 2218 id
1557 2181 1636 2229 est,
1653 2179 1863 2221 domiiiari
1881 2183 2011 2234 carni,
2029 2196 2117 2225 non
2135 2197 2232 2226 caro
2252 2187 2327 2239 els,

1292 2249 1334 2287 et
1351 2258 1449 2288 caro
1469 2248 1592 2290 debet
1621 2262 1712 2292 esse
1732 2252 1912 2294 munda.
1944 2253 2043 2295 Inde
2073 2258 2114 2296 et
2134 2268 2330 2300 summus

1294 2316 1489 2360 Pontifex
1509 2332 1676 2374 semper
1690 2323 1853 2376 equitat
1864 2325 1984 2378 equis
1997 2327 2118 2379 albis,
2141 2331 2183 2370 et
2198 2342 2330 2383 quan-

1293 2390 1431 2444 doque
1450 2393 1570 2433 tectis
1587 2395 1739 2446 pannis
1754 2395 1912 2447 sericis,
1931 2398 1984 2438 ad
1997 2399 2329 2452 significandum

1291 2461 1404 2514 quod
1425 2462 1548 2504 debet
1567 2463 1724 2507 habere
1743 2466 1934 2520 virtuteS,
1959 2481 2065 2523 quas
2084 2471 2330 2524 significant

1290 2543 1422 2584 panni
1440 2546 1575 2576 seriel.

1345 2607 1384 2645 6.
1406 2605 1548 2649 Multa
1569 2607 1726 2658 fecisti.
1760 2608 1889 2661 Mare,
1911 2613 2136 2667 saeculum,
2157 2621 2330 2671 propter

1290 2677 1636 2730 amaritudinem,
1659 2680 1773 2721 unde
1792 2681 1873 2723 hoe
1890 2683 1919 2708 ¹⁰
1943 2696 1953 2725 ε
1977 2685 2102 2728 «Hoc
2122 2700 2329 2732 marema·

1291 2759 1430 2800 gnum
1448 2752 1489 2790 et
1507 2750 1740 2803 spatiosum
1755 2765 1764 2803 ;
1780 2767 1798 2790 n
1817 2754 1891 2795 ubi
1914 2768 2099 2809 magnus
2119 2759 2244 2813 piscis
2261 2762 2330 2804 de-

1289 2823 1412 2861 vorat
1432 2820 1654 2862 minorem.
1684 2822 1739 2875 (d)
1757 2823 1944 2878 Gentilis,
1962 2833 2135 2883 propter
2154 2832 2330 2876 fluctua-

1289 2891 1472 2944 tionem,
1514 2893 1616 2946 quia
1651 2894 1808 2936 scilicet
1841 2897 2021 2941 fluctuat
2064 2901 2111 2954 (e)
2154 2902 2199 2944 in
2248 2904 2330 2946 hoc

1289 2963 1467 3014 mundo,
1490 2965 1602 3006 unde
1620 2965 1702 3007 hoc
1723 2968 1750 2993 ¹¹
1771 2981 1780 3008 ε
1807 2983 1826 3007 <‹
1841 2967 1889 3010 In
1909 2971 2018 3011 mari
2037 2972 2108 3014 via
2126 2976 2214 3015 tua.
2231 2991 2251 3014 »
2278 2976 2327 3017 Et

1289 3034 1452 3076 dieitur
1469 3035 1615 3088 homo,
1650 3042 1824 3092 propter
1845 3041 2191 3098 profunditatem,
2215 3047 2328 3089 unde

1289 3105 1365 3148 ι101)
1388 3107 1441 3148 ¹²:
1463 3107 1710 3162 «Numquid
1730 3121 1815 3162 ego
1836 3124 1931 3153 sum
1953 3116 2098 3157 mare?
2117 3130 2137 3155 ›>
2160 3115 2211 3158 Et
2229 3117 2328 3158 diei-

1289 3181 1360 3219 tur
1378 3178 1640 3233 Baptismus,
1656 3181 1768 3223 unde
1787 3194 1797 3224 :
1816 3182 1929 3226 Mare
1950 3184 2144 3230 Rubrum
2164 3188 2327 3241 signifi-

1330 3314 1372 3355 (a)
1402 3315 1483 3348 Coet.
1501 3315 1582 3348 edit.
1610 3318 1808 3358 expectat...
1829 3316 2034 3353 desiderat...
2056 3325 2266 3364 perseverat.
2287 3343 2323 3349 —

1290 3361 1338 3404 (b)
1358 3363 1393 3395 111
1418 3366 1491 3396 etet.
1517 3364 1598 3398 edit.
1623 3364 1794 3397 habentur
1820 3365 1968 3399 ibinotoe
1988 3368 2079 3402 eirea
2101 3371 2273 3405 diabolum
2293 3375 2327 3406 et

1288 3410 1377 3443 circa
1399 3411 1597 3444 tentationis
1625 3412 1790 3453 originem
1804 3437 1814 3453 ,
1833 3422 1916 3454 quas
1936 3416 2049 3455 potius
2073 3419 2326 3454 transferendas

1287 3459 1482 3495 censuimus
1501 3460 1543 3492 ad
1563 3459 1652 3492 Psal.
1670 3468 1726 3500 xc,
1760 3462 1817 3500 13,
1844 3462 1878 3492 et
1905 3463 1947 3494 ad
1966 3463 2057 3496 Psal.
2085 3474 2171 3508 xvii,
2204 3470 2256 3501 30.
2284 3486 2326 3494 -

1290 3506 1331 3546 (c)
1355 3507 1434 3540 Coet.
1457 3507 1537 3539 edit.
1558 3505 1760 3538 munditiam
1781 3506 1947 3549 intelligit.
1965 3528 2007 3535 —
2031 3512 2080 3555 (d)
2107 3514 2209 3557 Supp,
2233 3517 2324 3549 Mare

1287 3553 1419 3587 dicitur.
1437 3572 1476 3578 —
1497 3555 1540 3596 (e)
1562 3555 1645 3587 Caet.
1668 3553 1747 3586 edit.
1769 3554 1941 3587 fluctuant.

2351 2084 2442 2112 sestis.

2377 2639 2469 2666 Mare.

2347 3169 2428 3197 Mare
2442 3177 2487 3196 ru-

2346 3211 2443 3239 brum-
