<?xml version="1.0" encoding="UTF-8"?>
<!DOCTYPE html PUBLIC "-//W3C//DTD XHTML 1.0 Transitional//EN"
    "http://www.w3.org/TR/xhtml1/DTD/xhtml1-transitional.dtd">
<html xmlns="http://www.w3.org/1999/xhtml" xml:lang="en" lang="en">
 <head>
  <title>
</title>
<meta http-equiv="Content-Type" content="text/html;charset=utf-8" />
  <meta name='ocr-system' content='tesseract 3.04.00' />
  <meta name='ocr-capabilities' content='ocr_page ocr_carea ocr_par ocr_line ocrx_word'/>
</head>
<body>
  <div class='ocr_page' id='page_1' title='image "./operaomniasixtiv09bonauoft_0433.png"; bbox 0 0 2633 3878; ppageno 0'>
   <div class='ocr_carea' id='block_1_1' title="bbox 1046 193 1486 237">
    <p class='ocr_par' dir='ltr' id='par_1_1' title="bbox 1046 193 1486 237">
     <span class='ocr_line' id='line_1_1' title="bbox 1046 193 1486 237; baseline -0.002 0"><span class='ocrx_word' id='word_1_1' title='bbox 1046 193 1284 237; x_wconf 71' lang='lat' dir='ltr'>PSALMUS</span> <span class='ocrx_word' id='word_1_2' title='bbox 1314 195 1486 237; x_wconf 62' lang='lat' dir='ltr'>ttxvm.</span> 
     </span>
    </p>
   </div>
   <div class='ocr_carea' id='block_1_2' title="bbox 207 285 1247 1019">
    <p class='ocr_par' dir='ltr' id='par_1_2' title="bbox 207 285 1247 1019">
     <span class='ocr_line' id='line_1_2' title="bbox 207 285 1237 334; baseline -0.002 -12"><span class='ocrx_word' id='word_1_3' title='bbox 207 288 326 324; x_wconf 88' lang='lat' dir='ltr'>tatem</span> <span class='ocrx_word' id='word_1_4' title='bbox 351 297 360 323; x_wconf 94' lang='lat'>:</span> <span class='ocrx_word' id='word_1_5' title='bbox 381 296 555 334; x_wconf 88' lang='lat' dir='ltr'>quorum</span> <span class='ocrx_word' id='word_1_6' title='bbox 580 287 754 334; x_wconf 87' lang='lat' dir='ltr'>primum</span> <span class='ocrx_word' id='word_1_7' title='bbox 781 288 929 334; x_wconf 88' lang='lat' dir='ltr'>spectat</span> <span class='ocrx_word' id='word_1_8' title='bbox 956 285 1007 323; x_wconf 92' lang='lat' dir='ltr'>ad</span> <span class='ocrx_word' id='word_1_9' title='bbox 1034 285 1237 329; x_wconf 82' lang='lat' dir='ltr'>meritum3</span> 
     </span>
     <span class='ocr_line' id='line_1_3' title="bbox 208 345 1240 396; baseline -0.002 -11"><span class='ocrx_word' id='word_1_10' title='bbox 208 348 452 394; x_wconf 81' lang='lat' dir='ltr'>secundum,</span> <span class='ocrx_word' id='word_1_11' title='bbox 485 349 536 386; x_wconf 88' lang='lat' dir='ltr'>ad</span> <span class='ocrx_word' id='word_1_12' title='bbox 568 348 834 396; x_wconf 88' lang='lat' dir='ltr'>supplicium;</span> <span class='ocrx_word' id='word_1_13' title='bbox 872 348 942 385; x_wconf 89' lang='lat' dir='ltr'>sed</span> <span class='ocrx_word' id='word_1_14' title='bbox 974 347 1155 391; x_wconf 87' lang='lat' dir='ltr'>tertium,</span> <span class='ocrx_word' id='word_1_15' title='bbox 1188 345 1240 383; x_wconf 86' lang='lat' dir='ltr'>ad</span> 
     </span>
     <span class='ocr_line' id='line_1_4' title="bbox 208 409 1241 459; baseline -0.002 -12"><span class='ocrx_word' id='word_1_16' title='bbox 208 411 428 458; x_wconf 79' lang='lat' dir='ltr'>praemium.</span> <span class='ocrx_word' id='word_1_17' title='bbox 452 414 502 448; x_wconf 93' lang='lat' dir='ltr'>De</span> <span class='ocrx_word' id='word_1_18' title='bbox 522 412 650 459; x_wconf 90' lang='lat' dir='ltr'>primo</span> <span class='ocrx_word' id='word_1_19' title='bbox 666 411 676 431; x_wconf 94' lang='lat'>¹</span> <span class='ocrx_word' id='word_1_20' title='bbox 699 421 708 445; x_wconf 75' lang='grc' dir='ltr'><strong><em>ε</em></strong></span> <span class='ocrx_word' id='word_1_21' title='bbox 735 423 754 444; x_wconf 84' lang='lat'>«</span> <span class='ocrx_word' id='word_1_22' title='bbox 772 411 926 458; x_wconf 76' lang='lat' dir='ltr'>Aperite</span> <span class='ocrx_word' id='word_1_23' title='bbox 947 412 1094 458; x_wconf 84' lang='lat' dir='ltr'>portas,</span> <span class='ocrx_word' id='word_1_24' title='bbox 1116 409 1241 455; x_wconf 85' lang='lat' dir='ltr'>ingre·</span> 
     </span>
     <span class='ocr_line' id='line_1_5' title="bbox 210 471 1241 522; baseline -0.005 -11"><span class='ocrx_word' id='word_1_25' title='bbox 210 473 339 511; x_wconf 90' lang='lat' dir='ltr'>diatur</span> <span class='ocrx_word' id='word_1_26' title='bbox 358 485 454 521; x_wconf 88' lang='lat' dir='ltr'>gens</span> <span class='ocrx_word' id='word_1_27' title='bbox 470 475 587 522; x_wconf 81' lang='lat' dir='ltr'>J&#39;usta,</span> <span class='ocrx_word' id='word_1_28' title='bbox 609 472 833 510; x_wconf 86' lang='lat' dir='ltr'>custodiens</span> <span class='ocrx_word' id='word_1_29' title='bbox 853 473 1055 510; x_wconf 83' lang='lat' dir='ltr'>veritatem</span> <span class='ocrx_word' id='word_1_30' title='bbox 1069 501 1080 519; x_wconf 92' lang='lat'>,</span> <span class='ocrx_word' id='word_1_31' title='bbox 1105 485 1121 506; x_wconf 69' lang='lat' dir='ltr'>n</span> <span class='ocrx_word' id='word_1_32' title='bbox 1145 482 1190 508; x_wconf 91' lang='lat' dir='ltr'>ac</span> <span class='ocrx_word' id='word_1_33' title='bbox 1210 471 1241 506; x_wconf 89' lang='lat' dir='ltr'>si</span> 
     </span>
     <span class='ocr_line' id='line_1_6' title="bbox 210 533 1241 584; baseline -0.002 -12"><span class='ocrx_word' id='word_1_34' title='bbox 210 536 363 574; x_wconf 88' lang='lat' dir='ltr'>dicatur</span> <span class='ocrx_word' id='word_1_35' title='bbox 389 539 519 584; x_wconf 89' lang='lat' dir='ltr'>aperte</span> <span class='ocrx_word' id='word_1_36' title='bbox 542 548 550 572; x_wconf 92' lang='lat'><strong>:</strong></span> <span class='ocrx_word' id='word_1_37' title='bbox 576 537 692 572; x_wconf 89' lang='lat' dir='ltr'>Notas</span> <span class='ocrx_word' id='word_1_38' title='bbox 709 535 822 572; x_wconf 81' lang='lat' dir='ltr'>facite</span> <span class='ocrx_word' id='word_1_39' title='bbox 842 535 927 572; x_wconf 89' lang='lat' dir='ltr'>vias</span> <span class='ocrx_word' id='word_1_40' title='bbox 951 535 1059 582; x_wconf 65' lang='lat' dir='ltr'>vitre,</span> <span class='ocrx_word' id='word_1_41' title='bbox 1080 536 1122 570; x_wconf 91' lang='lat' dir='ltr'>ut</span> <span class='ocrx_word' id='word_1_42' title='bbox 1141 533 1241 571; x_wconf 90' lang='lat' dir='ltr'>acci-</span> 
     </span>
     <span class='ocr_line' id='line_1_7' title="bbox 209 597 1243 647; baseline -0.003 -12"><span class='ocrx_word' id='word_1_43' title='bbox 209 598 319 647; x_wconf 91' lang='lat' dir='ltr'>piant</span> <span class='ocrx_word' id='word_1_44' title='bbox 355 609 545 636; x_wconf 89' lang='lat' dir='ltr'>coronam</span> <span class='ocrx_word' id='word_1_45' title='bbox 584 598 674 634; x_wconf 75' lang='lat' dir='ltr'>vitae</span> <span class='ocrx_word' id='word_1_46' title='bbox 690 625 702 644; x_wconf 88' lang='lat'>,</span> <span class='ocrx_word' id='word_1_47' title='bbox 739 598 1001 635; x_wconf 77' lang='lat' dir='ltr'>custodientes</span> <span class='ocrx_word' id='word_1_48' title='bbox 1039 597 1243 634; x_wconf 88' lang='lat' dir='ltr'>veritatem</span> 
     </span>
     <span class='ocr_line' id='line_1_8' title="bbox 209 658 1244 698; baseline -0.004 0"><span class='ocrx_word' id='word_1_49' title='bbox 209 661 311 698; x_wconf 71' lang='lat' dir='ltr'>vitae.</span> <span class='ocrx_word' id='word_1_50' title='bbox 329 662 379 698; x_wconf 87' lang='lat' dir='ltr'>De</span> <span class='ocrx_word' id='word_1_51' title='bbox 399 660 572 698; x_wconf 86' lang='lat' dir='ltr'>secundo</span> <span class='ocrx_word' id='word_1_52' title='bbox 592 662 606 682; x_wconf 72' lang='lat'>‘³</span> <span class='ocrx_word' id='word_1_53' title='bbox 629 672 637 696; x_wconf 90' lang='lat'>:</span> <span class='ocrx_word' id='word_1_54' title='bbox 664 673 680 694; x_wconf 90' lang='lat'>«</span> <span class='ocrx_word' id='word_1_55' title='bbox 702 660 874 696; x_wconf 77' lang='lat' dir='ltr'>Verbum</span> <span class='ocrx_word' id='word_1_56' title='bbox 896 659 1118 697; x_wconf 82' lang='lat' dir='ltr'>custodiens</span> <span class='ocrx_word' id='word_1_57' title='bbox 1139 658 1244 695; x_wconf 84' lang='lat' dir='ltr'>filius</span> 
     </span>
     <span class='ocr_line' id='line_1_9' title="bbox 211 723 1245 772; baseline -0.001 -11"><span class='ocrx_word' id='word_1_58' title='bbox 211 726 318 761; x_wconf 80' lang='lat' dir='ltr'>extra</span> <span class='ocrx_word' id='word_1_59' title='bbox 339 723 600 772; x_wconf 84' lang='lat' dir='ltr'>perditionem</span> <span class='ocrx_word' id='word_1_60' title='bbox 621 723 713 770; x_wconf 86' lang='lat' dir='ltr'>erit,</span> <span class='ocrx_word' id='word_1_61' title='bbox 738 726 773 760; x_wconf 89' lang='lat' dir='ltr'>ct</span> <span class='ocrx_word' id='word_1_62' title='bbox 794 725 848 761; x_wconf 88' lang='lat' dir='ltr'>sic</span> <span class='ocrx_word' id='word_1_63' title='bbox 865 724 1129 761; x_wconf 75' lang='lat' dir='ltr'>infelicitatem</span> <span class='ocrx_word' id='word_1_64' title='bbox 1149 723 1245 760; x_wconf 86' lang='lat' dir='ltr'>vita-</span> 
     </span>
     <span class='ocr_line' id='line_1_10' title="bbox 210 785 1245 824; baseline -0.003 0"><span class='ocrx_word' id='word_1_65' title='bbox 210 786 278 824; x_wconf 88' lang='lat' dir='ltr'>bit.</span> <span class='ocrx_word' id='word_1_66' title='bbox 301 799 318 822; x_wconf 71' lang='lat'>»</span> <span class='ocrx_word' id='word_1_67' title='bbox 344 788 393 824; x_wconf 89' lang='lat' dir='ltr'>De</span> <span class='ocrx_word' id='word_1_68' title='bbox 419 786 531 824; x_wconf 81' lang='lat' dir='ltr'>tertio</span> <span class='ocrx_word' id='word_1_69' title='bbox 552 788 565 809; x_wconf 78' lang='lat'><strong>³</strong></span> <span class='ocrx_word' id='word_1_70' title='bbox 589 798 597 823; x_wconf 92' lang='lat'><strong>:</strong></span> <span class='ocrx_word' id='word_1_71' title='bbox 630 800 649 821; x_wconf 84' lang='lat'>«</span> <span class='ocrx_word' id='word_1_72' title='bbox 679 787 748 823; x_wconf 90' lang='lat' dir='ltr'>Via</span> <span class='ocrx_word' id='word_1_73' title='bbox 767 787 854 824; x_wconf 71' lang='lat' dir='ltr'>vitre</span> <span class='ocrx_word' id='word_1_74' title='bbox 875 786 1109 824; x_wconf 86' lang='lat' dir='ltr'>custodienti</span> <span class='ocrx_word' id='word_1_75' title='bbox 1130 785 1245 822; x_wconf 85' lang='lat' dir='ltr'>disci—</span> 
     </span>
     <span class='ocr_line' id='line_1_11' title="bbox 209 848 1247 897; baseline -0.001 -12"><span class='ocrx_word' id='word_1_76' title='bbox 209 848 384 895; x_wconf 88' lang='lat' dir='ltr'>plinam,</span> <span class='ocrx_word' id='word_1_77' title='bbox 411 862 428 883; x_wconf 88' lang='lat'>»</span> <span class='ocrx_word' id='word_1_78' title='bbox 455 848 569 896; x_wconf 84' lang='lat' dir='ltr'>quasi</span> <span class='ocrx_word' id='word_1_79' title='bbox 595 848 698 886; x_wconf 91' lang='lat' dir='ltr'>dicat</span> <span class='ocrx_word' id='word_1_80' title='bbox 719 861 728 886; x_wconf 90' lang='lat'>:</span> <span class='ocrx_word' id='word_1_81' title='bbox 750 849 817 886; x_wconf 85' lang='lat' dir='ltr'>Via</span> <span class='ocrx_word' id='word_1_82' title='bbox 845 849 933 886; x_wconf 79' lang='lat' dir='ltr'>vitae</span> <span class='ocrx_word' id='word_1_83' title='bbox 957 848 1155 897; x_wconf 87' lang='lat' dir='ltr'>procedit,</span> <span class='ocrx_word' id='word_1_84' title='bbox 1178 848 1247 896; x_wconf 89' lang='lat' dir='ltr'>qui</span> 
     </span>
     <span class='ocr_line' id='line_1_12' title="bbox 211 909 1245 959; baseline -0.001 -13"><span class='ocrx_word' id='word_1_85' title='bbox 211 909 461 957; x_wconf 85' lang='lat' dir='ltr'>disciplinam</span> <span class='ocrx_word' id='word_1_86' title='bbox 490 911 659 949; x_wconf 87' lang='lat' dir='ltr'>custodit</span> <span class='ocrx_word' id='word_1_87' title='bbox 669 924 680 958; x_wconf 90' lang='lat'>;</span> <span class='ocrx_word' id='word_1_88' title='bbox 707 911 775 959; x_wconf 89' lang='lat' dir='ltr'>qui</span> <span class='ocrx_word' id='word_1_89' title='bbox 803 914 934 948; x_wconf 88' lang='lat' dir='ltr'>autem</span> <span class='ocrx_word' id='word_1_90' title='bbox 968 912 1021 948; x_wconf 91' lang='lat' dir='ltr'>sic</span> <span class='ocrx_word' id='word_1_91' title='bbox 1052 911 1245 959; x_wconf 89' lang='lat' dir='ltr'>procedit,</span> 
     </span>
     <span class='ocr_line' id='line_1_13' title="bbox 211 971 976 1019; baseline 0.003 -11"><span class='ocrx_word' id='word_1_92' title='bbox 211 971 477 1019; x_wconf 84' lang='lat' dir='ltr'>proculdubio</span> <span class='ocrx_word' id='word_1_93' title='bbox 499 973 551 1011; x_wconf 87' lang='lat' dir='ltr'>ad</span> <span class='ocrx_word' id='word_1_94' title='bbox 569 973 793 1011; x_wconf 78' lang='lat' dir='ltr'>felicitatem</span> <span class='ocrx_word' id='word_1_95' title='bbox 814 974 976 1012; x_wconf 86' lang='lat' dir='ltr'>accedit.</span> 
     </span>
    </p>
   </div>
   <div class='ocr_carea' id='block_1_3' title="bbox 645 1082 816 1123">
    <p class='ocr_par' dir='ltr' id='par_1_3' title="bbox 645 1082 816 1123">
     <span class='ocr_line' id='line_1_14' title="bbox 645 1082 816 1123; baseline -0.006 -9"><span class='ocrx_word' id='word_1_96' title='bbox 645 1082 816 1123; x_wconf 80' lang='lat' dir='ltr'>Epilogus.</span> 
     </span>
    </p>
   </div>
   <div class='ocr_carea' id='block_1_4' title="bbox 211 1162 1256 1823">
    <p class='ocr_par' dir='ltr' id='par_1_4' title="bbox 211 1162 1256 1823">
     <span class='ocr_line' id='line_1_15' title="bbox 258 1162 1247 1210; baseline -0.001 -11"><span class='ocrx_word' id='word_1_97' title='bbox 258 1163 317 1200; x_wconf 83' lang='lat' dir='ltr'>Ait</span> <span class='ocrx_word' id='word_1_98' title='bbox 335 1173 429 1210; x_wconf 87' lang='lat' dir='ltr'>ergo</span> <span class='ocrx_word' id='word_1_99' title='bbox 450 1163 640 1210; x_wconf 80' lang='lat' dir='ltr'>Propheta</span> <span class='ocrx_word' id='word_1_100' title='bbox 661 1163 735 1200; x_wconf 86' lang='lat' dir='ltr'>sub</span> <span class='ocrx_word' id='word_1_101' title='bbox 753 1162 882 1200; x_wconf 80' lang='lat' dir='ltr'>inanis</span> <span class='ocrx_word' id='word_1_102' title='bbox 903 1163 1073 1200; x_wconf 85' lang='lat' dir='ltr'>membri</span> <span class='ocrx_word' id='word_1_103' title='bbox 1093 1162 1221 1209; x_wconf 83' lang='lat' dir='ltr'>figura</span> <span class='ocrx_word' id='word_1_104' title='bbox 1239 1174 1247 1198; x_wconf 76' lang='grc' dir='ltr'>ε</span> 
     </span>
     <span class='ocr_line' id='line_1_16' title="bbox 212 1225 1250 1273; baseline 0.001 -13"><span class='ocrx_word' id='word_1_105' title='bbox 212 1225 421 1272; x_wconf 77' lang='lat' dir='ltr'>Partz‘ceps,</span> <span class='ocrx_word' id='word_1_106' title='bbox 463 1227 656 1273; x_wconf 85' lang='lat' dir='ltr'>quantum</span> <span class='ocrx_word' id='word_1_107' title='bbox 696 1225 747 1262; x_wconf 86' lang='lat' dir='ltr'>ad</span> <span class='ocrx_word' id='word_1_108' title='bbox 786 1225 863 1262; x_wconf 86' lang='lat' dir='ltr'>cibi</span> <span class='ocrx_word' id='word_1_109' title='bbox 899 1225 1222 1262; x_wconf 79' lang='lat' dir='ltr'>communitatem</span> <span class='ocrx_word' id='word_1_110' title='bbox 1238 1252 1250 1271; x_wconf 90' lang='lat'><em>‚</em></span> 
     </span>
     <span class='ocr_line' id='line_1_17' title="bbox 211 1287 1250 1335; baseline -0.001 -11"><span class='ocrx_word' id='word_1_111' title='bbox 211 1287 357 1324; x_wconf 87' lang='lat' dir='ltr'>scilicet</span> <span class='ocrx_word' id='word_1_112' title='bbox 373 1288 561 1326; x_wconf 88' lang='lat' dir='ltr'>orationis</span> <span class='ocrx_word' id='word_1_113' title='bbox 579 1287 899 1335; x_wconf 82' lang='lat' dir='ltr'>generalitatem3</span> <span class='ocrx_word' id='word_1_114' title='bbox 918 1290 991 1334; x_wconf 78' lang='lat'>1390</span> <span class='ocrx_word' id='word_1_115' title='bbox 1008 1298 1102 1334; x_wconf 75' lang='lat' dir='ltr'>sum,</span> <span class='ocrx_word' id='word_1_116' title='bbox 1125 1297 1250 1335; x_wconf 85' lang='lat' dir='ltr'>quan-</span> 
     </span>
     <span class='ocr_line' id='line_1_18' title="bbox 212 1350 1253 1398; baseline 0 -11"><span class='ocrx_word' id='word_1_117' title='bbox 212 1352 295 1387; x_wconf 90' lang='lat' dir='ltr'>tum</span> <span class='ocrx_word' id='word_1_118' title='bbox 329 1350 380 1387; x_wconf 92' lang='lat' dir='ltr'>ad</span> <span class='ocrx_word' id='word_1_119' title='bbox 407 1350 578 1388; x_wconf 85' lang='lat' dir='ltr'>membri</span> <span class='ocrx_word' id='word_1_120' title='bbox 607 1350 864 1396; x_wconf 87' lang='lat' dir='ltr'>inanitatem,</span> <span class='ocrx_word' id='word_1_121' title='bbox 897 1350 1045 1387; x_wconf 86' lang='lat' dir='ltr'>scilicet</span> <span class='ocrx_word' id='word_1_122' title='bbox 1075 1360 1253 1398; x_wconf 74' lang='lat' dir='ltr'>personae</span> 
     </span>
     <span class='ocr_line' id='line_1_19' title="bbox 214 1411 1254 1461; baseline 0.001 -13"><span class='ocrx_word' id='word_1_123' title='bbox 214 1411 480 1458; x_wconf 84' lang='lat' dir='ltr'>debilitatem3</span> <span class='ocrx_word' id='word_1_124' title='bbox 504 1413 670 1449; x_wconf 79' lang='lat' dir='ltr'>Omnium</span> <span class='ocrx_word' id='word_1_125' title='bbox 690 1415 895 1449; x_wconf 75' lang='lat' dir='ltr'>timentium</span> <span class='ocrx_word' id='word_1_126' title='bbox 916 1416 963 1459; x_wconf 79' lang='lat' dir='ltr'>te,</span> <span class='ocrx_word' id='word_1_127' title='bbox 987 1415 1180 1461; x_wconf 85' lang='lat' dir='ltr'>quantum</span> <span class='ocrx_word' id='word_1_128' title='bbox 1201 1412 1254 1450; x_wconf 88' lang='lat' dir='ltr'>ad</span> 
     </span>
     <span class='ocr_line' id='line_1_20' title="bbox 212 1474 1254 1523; baseline 0.002 -13"><span class='ocrx_word' id='word_1_129' title='bbox 212 1474 379 1511; x_wconf 88' lang='lat' dir='ltr'>vitantes</span> <span class='ocrx_word' id='word_1_130' title='bbox 399 1474 740 1520; x_wconf 79' lang='lat' dir='ltr'>inhumanitatem,</span> <span class='ocrx_word' id='word_1_131' title='bbox 757 1475 902 1512; x_wconf 89' lang='lat' dir='ltr'>scilicet</span> <span class='ocrx_word' id='word_1_132' title='bbox 923 1475 1113 1512; x_wconf 85' lang='lat' dir='ltr'>orationis</span> <span class='ocrx_word' id='word_1_133' title='bbox 1131 1476 1254 1523; x_wconf 90' lang='lat' dir='ltr'>parci-</span> 
     </span>
     <span class='ocr_line' id='line_1_21' title="bbox 214 1538 1255 1585; baseline 0.001 -12"><span class='ocrx_word' id='word_1_134' title='bbox 214 1539 345 1583; x_wconf 79' lang='lat' dir='ltr'>tatem3</span> <span class='ocrx_word' id='word_1_135' title='bbox 360 1539 407 1574; x_wconf 83' lang='lat' dir='ltr'>Et</span> <span class='ocrx_word' id='word_1_136' title='bbox 421 1538 700 1573; x_wconf 64' lang='lat' dir='ltr'>custodientium</span> <span class='ocrx_word' id='word_1_137' title='bbox 715 1538 978 1581; x_wconf 68' lang='lat' dir='ltr'>mandamina,</span> <span class='ocrx_word' id='word_1_138' title='bbox 996 1539 1189 1585; x_wconf 83' lang='lat' dir='ltr'>quantum</span> <span class='ocrx_word' id='word_1_139' title='bbox 1203 1538 1255 1575; x_wconf 88' lang='lat' dir='ltr'>ad</span> 
     </span>
     <span class='ocr_line' id='line_1_22' title="bbox 212 1599 1255 1648; baseline 0.001 -12"><span class='ocrx_word' id='word_1_140' title='bbox 212 1601 412 1636; x_wconf 88' lang='lat' dir='ltr'>servantes</span> <span class='ocrx_word' id='word_1_141' title='bbox 431 1599 735 1645; x_wconf 82' lang='lat' dir='ltr'>humanitatem,</span> <span class='ocrx_word' id='word_1_142' title='bbox 757 1600 903 1637; x_wconf 88' lang='lat' dir='ltr'>scilicet</span> <span class='ocrx_word' id='word_1_143' title='bbox 930 1600 1116 1637; x_wconf 88' lang='lat' dir='ltr'>orationis</span> <span class='ocrx_word' id='word_1_144' title='bbox 1136 1600 1255 1648; x_wconf 86' lang='lat' dir='ltr'>largi-</span> 
     </span>
     <span class='ocr_line' id='line_1_23' title="bbox 213 1661 1256 1710; baseline 0 -12"><span class='ocrx_word' id='word_1_145' title='bbox 213 1662 347 1699; x_wconf 87' lang='lat' dir='ltr'>tatem.</span> <span class='ocrx_word' id='word_1_146' title='bbox 379 1663 497 1698; x_wconf 90' lang='lat' dir='ltr'>Parce</span> <span class='ocrx_word' id='word_1_147' title='bbox 524 1664 635 1707; x_wconf 86' lang='lat' dir='ltr'>orat,</span> <span class='ocrx_word' id='word_1_148' title='bbox 657 1662 726 1710; x_wconf 87' lang='lat' dir='ltr'>qui</span> <span class='ocrx_word' id='word_1_149' title='bbox 744 1672 817 1709; x_wconf 90' lang='lat' dir='ltr'>pro</span> <span class='ocrx_word' id='word_1_150' title='bbox 845 1662 982 1710; x_wconf 79' lang='lat' dir='ltr'>paucis</span> <span class='ocrx_word' id='word_1_151' title='bbox 995 1673 1006 1708; x_wconf 86' lang='lat'>3</span> <span class='ocrx_word' id='word_1_152' title='bbox 1030 1661 1138 1709; x_wconf 88' lang='lat' dir='ltr'>large</span> <span class='ocrx_word' id='word_1_153' title='bbox 1153 1689 1164 1708; x_wconf 93' lang='lat'><em>‚</em></span> <span class='ocrx_word' id='word_1_154' title='bbox 1187 1663 1256 1710; x_wconf 89' lang='lat' dir='ltr'>qui</span> 
     </span>
     <span class='ocr_line' id='line_1_24' title="bbox 212 1723 1255 1772; baseline 0.001 -12"><span class='ocrx_word' id='word_1_155' title='bbox 212 1734 286 1772; x_wconf 87' lang='lat' dir='ltr'>pro</span> <span class='ocrx_word' id='word_1_156' title='bbox 314 1723 448 1761; x_wconf 90' lang='lat' dir='ltr'>multis</span> <span class='ocrx_word' id='word_1_157' title='bbox 462 1736 473 1770; x_wconf 79' lang='lat'><em>3</em></span> <span class='ocrx_word' id='word_1_158' title='bbox 504 1727 540 1761; x_wconf 89' lang='lat' dir='ltr'>et</span> <span class='ocrx_word' id='word_1_159' title='bbox 565 1726 673 1761; x_wconf 86' lang='lat' dir='ltr'>tanto</span> <span class='ocrx_word' id='word_1_160' title='bbox 705 1724 874 1771; x_wconf 76' lang='lat' dir='ltr'>largius,</span> <span class='ocrx_word' id='word_1_161' title='bbox 901 1727 1051 1772; x_wconf 84' lang='lat' dir='ltr'>quanto</span> <span class='ocrx_word' id='word_1_162' title='bbox 1072 1735 1146 1772; x_wconf 87' lang='lat' dir='ltr'>pro</span> <span class='ocrx_word' id='word_1_163' title='bbox 1166 1723 1255 1772; x_wconf 88' lang='lat' dir='ltr'>plu·</span> 
     </span>
     <span class='ocr_line' id='line_1_25' title="bbox 213 1786 336 1823; baseline -0.008 0"><span class='ocrx_word' id='word_1_164' title='bbox 213 1786 336 1823; x_wconf 87' lang='lat' dir='ltr'>ribus.</span> 
     </span>
    </p>
   </div>
   <div class='ocr_carea' id='block_1_5' title="bbox 571 1884 903 1912">
    <p class='ocr_par' dir='ltr' id='par_1_5' title="bbox 571 1884 903 1912">
     <span class='ocr_line' id='line_1_26' title="bbox 571 1884 903 1912; baseline 0.003 -2"><span class='ocrx_word' id='word_1_165' title='bbox 571 1884 797 1912; x_wconf 83' lang='lat' dir='ltr'>VERSICULUS</span> <span class='ocrx_word' id='word_1_166' title='bbox 823 1885 903 1911; x_wconf 81' lang='lat' dir='ltr'>XVI.</span> 
     </span>
    </p>
   </div>
   <div class='ocr_carea' id='block_1_6' title="bbox 215 1976 1258 2520">
    <p class='ocr_par' dir='ltr' id='par_1_6' title="bbox 215 1976 1258 2520">
     <span class='ocr_line' id='line_1_27' title="bbox 264 1976 1256 2021; baseline -0.001 -9"><span class='ocrx_word' id='word_1_167' title='bbox 264 1978 322 2012; x_wconf 69' lang='lat'>64.</span> <span class='ocrx_word' id='word_1_168' title='bbox 337 1976 593 2012; x_wconf 76' lang='lat' dir='ltr'>Misericordia</span> <span class='ocrx_word' id='word_1_169' title='bbox 613 1979 691 2021; x_wconf 82' lang='lat' dir='ltr'>tua,</span> <span class='ocrx_word' id='word_1_170' title='bbox 717 1977 875 2021; x_wconf 78' lang='lat' dir='ltr'>Domine,</span> <span class='ocrx_word' id='word_1_171' title='bbox 896 1977 967 2011; x_wconf 88' lang='lat' dir='ltr'>etc.</span> <span class='ocrx_word' id='word_1_172' title='bbox 989 1976 1177 2019; x_wconf 87' lang='lat' dir='ltr'>Quartum</span> <span class='ocrx_word' id='word_1_173' title='bbox 1191 1985 1256 2011; x_wconf 91' lang='lat' dir='ltr'>su-</span> 
     </span>
     <span class='ocr_line' id='line_1_28' title="bbox 215 2037 1257 2085; baseline -0.001 -11"><span class='ocrx_word' id='word_1_174' title='bbox 215 2039 344 2085; x_wconf 90' lang='lat' dir='ltr'>perest</span> <span class='ocrx_word' id='word_1_175' title='bbox 359 2037 662 2074; x_wconf 82' lang='lat' dir='ltr'>instrumentum</span> <span class='ocrx_word' id='word_1_176' title='bbox 680 2037 719 2073; x_wconf 92' lang='lat' dir='ltr'>in</span> <span class='ocrx_word' id='word_1_177' title='bbox 739 2047 856 2074; x_wconf 88' lang='lat' dir='ltr'>versu</span> <span class='ocrx_word' id='word_1_178' title='bbox 882 2037 1087 2085; x_wconf 78' lang='lat' dir='ltr'>proposito</span> <span class='ocrx_word' id='word_1_179' title='bbox 1108 2047 1257 2085; x_wconf 84' lang='lat' dir='ltr'>propo·</span> 
     </span>
     <span class='ocr_line' id='line_1_29' title="bbox 215 2099 1257 2148; baseline 0.001 -12"><span class='ocrx_word' id='word_1_180' title='bbox 215 2099 422 2144; x_wconf 91' lang='lat' dir='ltr'>nendum,</span> <span class='ocrx_word' id='word_1_181' title='bbox 461 2099 645 2136; x_wconf 86' lang='lat' dir='ltr'>videlicet</span> <span class='ocrx_word' id='word_1_182' title='bbox 673 2099 835 2147; x_wconf 86' lang='lat' dir='ltr'>propria</span> <span class='ocrx_word' id='word_1_183' title='bbox 873 2099 1136 2148; x_wconf 87' lang='lat' dir='ltr'>supplicatio,</span> <span class='ocrx_word' id='word_1_184' title='bbox 1170 2110 1257 2147; x_wconf 81' lang='lat' dir='ltr'>quae</span> 
     </span>
     <span class='ocr_line' id='line_1_30' title="bbox 216 2161 1258 2210; baseline 0 -11"><span class='ocrx_word' id='word_1_185' title='bbox 216 2161 397 2199; x_wconf 88' lang='lat' dir='ltr'>resistens</span> <span class='ocrx_word' id='word_1_186' title='bbox 416 2164 578 2210; x_wconf 87' lang='lat' dir='ltr'>peccato</span> <span class='ocrx_word' id='word_1_187' title='bbox 601 2162 795 2210; x_wconf 83' lang='lat' dir='ltr'>supplicat</span> <span class='ocrx_word' id='word_1_188' title='bbox 809 2172 881 2209; x_wconf 89' lang='lat' dir='ltr'>pro</span> <span class='ocrx_word' id='word_1_189' title='bbox 903 2162 1048 2209; x_wconf 88' lang='lat' dir='ltr'>seipso.</span> <span class='ocrx_word' id='word_1_190' title='bbox 1071 2162 1258 2209; x_wconf 83' lang='lat' dir='ltr'>Proponit</span> 
     </span>
     <span class='ocr_line' id='line_1_31' title="bbox 218 2223 1256 2272; baseline 0 -12"><span class='ocrx_word' id='word_1_191' title='bbox 218 2223 349 2272; x_wconf 87' lang='lat' dir='ltr'>itaque</span> <span class='ocrx_word' id='word_1_192' title='bbox 386 2234 522 2261; x_wconf 88' lang='lat' dir='ltr'>versus</span> <span class='ocrx_word' id='word_1_193' title='bbox 565 2225 636 2261; x_wconf 86' lang='lat' dir='ltr'>iste</span> <span class='ocrx_word' id='word_1_194' title='bbox 679 2224 1006 2271; x_wconf 87' lang='lat' dir='ltr'>supplicationem</span> <span class='ocrx_word' id='word_1_195' title='bbox 1044 2234 1228 2272; x_wconf 85' lang='lat' dir='ltr'>sagacem</span> <span class='ocrx_word' id='word_1_196' title='bbox 1243 2252 1256 2271; x_wconf 91' lang='lat'><em>‚</em></span> 
     </span>
     <span class='ocr_line' id='line_1_32' title="bbox 217 2286 1256 2336; baseline 0.002 -13"><span class='ocrx_word' id='word_1_197' title='bbox 217 2286 416 2331; x_wconf 87' lang='lat' dir='ltr'>vivacem,</span> <span class='ocrx_word' id='word_1_198' title='bbox 436 2287 704 2336; x_wconf 86' lang='lat' dir='ltr'>perspicacem</span> <span class='ocrx_word' id='word_1_199' title='bbox 717 2315 729 2333; x_wconf 89' lang='lat'>,</span> <span class='ocrx_word' id='word_1_200' title='bbox 757 2289 793 2323; x_wconf 89' lang='lat' dir='ltr'>et</span> <span class='ocrx_word' id='word_1_201' title='bbox 812 2286 1034 2332; x_wconf 79' lang='lat' dir='ltr'>efficacem3</span> <span class='ocrx_word' id='word_1_202' title='bbox 1055 2287 1256 2335; x_wconf 88' lang='lat' dir='ltr'>tangendo</span> 
     </span>
     <span class='ocr_line' id='line_1_33' title="bbox 219 2349 1256 2397; baseline 0.001 -11"><span class='ocrx_word' id='word_1_203' title='bbox 219 2349 364 2386; x_wconf 86' lang='lat' dir='ltr'>divinae</span> <span class='ocrx_word' id='word_1_204' title='bbox 383 2349 622 2396; x_wconf 86' lang='lat' dir='ltr'>dignationis</span> <span class='ocrx_word' id='word_1_205' title='bbox 641 2349 928 2386; x_wconf 83' lang='lat' dir='ltr'>humanitatem</span> <span class='ocrx_word' id='word_1_206' title='bbox 940 2379 952 2396; x_wconf 93' lang='lat'>,</span> <span class='ocrx_word' id='word_1_207' title='bbox 975 2349 1256 2397; x_wconf 80' lang='lat' dir='ltr'>indignationis</span> 
     </span>
     <span class='ocr_line' id='line_1_34' title="bbox 217 2411 1257 2458; baseline 0 -10"><span class='ocrx_word' id='word_1_208' title='bbox 217 2411 517 2456; x_wconf 82' lang='lat' dir='ltr'>humanitatem,</span> <span class='ocrx_word' id='word_1_209' title='bbox 532 2411 780 2458; x_wconf 86' lang='lat' dir='ltr'>justificantis</span> <span class='ocrx_word' id='word_1_210' title='bbox 801 2411 1044 2458; x_wconf 86' lang='lat' dir='ltr'>dignitatem,</span> <span class='ocrx_word' id='word_1_211' title='bbox 1067 2415 1104 2448; x_wconf 92' lang='lat' dir='ltr'>et</span> <span class='ocrx_word' id='word_1_212' title='bbox 1116 2412 1257 2458; x_wconf 85' lang='lat' dir='ltr'>justifi-</span> 
     </span>
     <span class='ocr_line' id='line_1_35' title="bbox 219 2472 662 2520; baseline 0.005 -12"><span class='ocrx_word' id='word_1_213' title='bbox 219 2472 358 2510; x_wconf 89' lang='lat' dir='ltr'>cabilis</span> <span class='ocrx_word' id='word_1_214' title='bbox 374 2473 662 2520; x_wconf 84' lang='lat' dir='ltr'>indignitatem.</span> 
     </span>
    </p>
   </div>
   <div class='ocr_carea' id='block_1_7' title="bbox 559 2582 913 2628">
    <p class='ocr_par' dir='ltr' id='par_1_7' title="bbox 559 2582 913 2628">
     <span class='ocr_line' id='line_1_36' title="bbox 559 2582 913 2628; baseline 0 -12"><span class='ocrx_word' id='word_1_215' title='bbox 559 2582 743 2618; x_wconf 76' lang='lat' dir='ltr'>Articulus</span> <span class='ocrx_word' id='word_1_216' title='bbox 761 2583 913 2628; x_wconf 77' lang='lat' dir='ltr'>primus.</span> 
     </span>
    </p>
   </div>
   <div class='ocr_carea' id='block_1_8' title="bbox 216 2663 1255 3403">
    <p class='ocr_par' dir='ltr' id='par_1_8' title="bbox 216 2663 1255 3403">
     <span class='ocr_line' id='line_1_37' title="bbox 265 2663 1254 2713; baseline -0.001 -11"><span class='ocrx_word' id='word_1_217' title='bbox 265 2664 459 2712; x_wconf 87' lang='lat' dir='ltr'>Sagaciter</span> <span class='ocrx_word' id='word_1_218' title='bbox 483 2664 603 2712; x_wconf 87' lang='lat' dir='ltr'>igitur</span> <span class='ocrx_word' id='word_1_219' title='bbox 632 2664 880 2713; x_wconf 83' lang='lat' dir='ltr'>supplicans,</span> <span class='ocrx_word' id='word_1_220' title='bbox 914 2663 1153 2710; x_wconf 82' lang='lat' dir='ltr'>dignationis</span> <span class='ocrx_word' id='word_1_221' title='bbox 1181 2664 1254 2701; x_wconf 89' lang='lat' dir='ltr'>hu-</span> 
     </span>
     <span class='ocr_line' id='line_1_38' title="bbox 217 2727 1253 2775; baseline -0.003 -9"><span class='ocrx_word' id='word_1_222' title='bbox 217 2729 445 2766; x_wconf 86' lang='lat' dir='ltr'>manitatem</span> <span class='ocrx_word' id='word_1_223' title='bbox 466 2728 663 2775; x_wconf 81' lang='lat' dir='ltr'>allegavit,</span> <span class='ocrx_word' id='word_1_224' title='bbox 686 2739 777 2764; x_wconf 90' lang='lat' dir='ltr'>cum</span> <span class='ocrx_word' id='word_1_225' title='bbox 797 2727 849 2764; x_wconf 90' lang='lat' dir='ltr'>ait</span> <span class='ocrx_word' id='word_1_226' title='bbox 870 2739 878 2764; x_wconf 91' lang='lat'>:</span> <span class='ocrx_word' id='word_1_227' title='bbox 901 2727 1156 2764; x_wconf 74' lang='lat' dir='ltr'>Misericordia</span> <span class='ocrx_word' id='word_1_228' title='bbox 1176 2731 1253 2774; x_wconf 80' lang='lat' dir='ltr'>tua,</span> 
     </span>
     <span class='ocr_line' id='line_1_39' title="bbox 217 2790 1254 2836; baseline -0.001 -8"><span class='ocrx_word' id='word_1_229' title='bbox 217 2793 377 2828; x_wconf 81' lang='lat' dir='ltr'>Domine.</span> <span class='ocrx_word' id='word_1_230' title='bbox 400 2791 514 2836; x_wconf 84' lang='lat' dir='ltr'>Quod</span> <span class='ocrx_word' id='word_1_231' title='bbox 541 2791 646 2828; x_wconf 89' lang='lat' dir='ltr'>enim</span> <span class='ocrx_word' id='word_1_232' title='bbox 667 2790 854 2828; x_wconf 84' lang='lat' dir='ltr'>Dominus</span> <span class='ocrx_word' id='word_1_233' title='bbox 879 2790 1085 2827; x_wconf 87' lang='lat' dir='ltr'>miseretur</span> <span class='ocrx_word' id='word_1_234' title='bbox 1112 2793 1254 2828; x_wconf 69' lang='lat' dir='ltr'>nostras</span> 
     </span>
     <span class='ocr_line' id='line_1_40' title="bbox 216 2852 1254 2906; baseline 0 -16"><span class='ocrx_word' id='word_1_235' title='bbox 216 2853 406 2906; x_wconf 81' lang='lat' dir='ltr'>miseriae,</span> <span class='ocrx_word' id='word_1_236' title='bbox 435 2853 687 2890; x_wconf 87' lang='lat' dir='ltr'>humanitatis</span> <span class='ocrx_word' id='word_1_237' title='bbox 716 2855 772 2890; x_wconf 89' lang='lat' dir='ltr'>est</span> <span class='ocrx_word' id='word_1_238' title='bbox 802 2853 1024 2900; x_wconf 81' lang='lat' dir='ltr'>dignativae.</span> <span class='ocrx_word' id='word_1_239' title='bbox 1056 2852 1132 2890; x_wconf 90' lang='lat' dir='ltr'>Sed</span> <span class='ocrx_word' id='word_1_240' title='bbox 1160 2855 1254 2890; x_wconf 91' lang='lat' dir='ltr'>nota</span> 
     </span>
     <span class='ocr_line' id='line_1_41' title="bbox 217 2915 1254 2964; baseline 0 -12"><span class='ocrx_word' id='word_1_241' title='bbox 217 2915 530 2953; x_wconf 87' lang='lat' dir='ltr'>misericordiam</span> <span class='ocrx_word' id='word_1_242' title='bbox 552 2915 704 2952; x_wconf 90' lang='lat' dir='ltr'>Domini</span> <span class='ocrx_word' id='word_1_243' title='bbox 718 2915 913 2964; x_wconf 84' lang='lat' dir='ltr'>triplicem</span> <span class='ocrx_word' id='word_1_244' title='bbox 931 2915 1096 2953; x_wconf 82' lang='lat' dir='ltr'>miseriae</span> <span class='ocrx_word' id='word_1_245' title='bbox 1112 2917 1254 2953; x_wconf 82' lang='lat' dir='ltr'>nostrae</span> 
     </span>
     <span class='ocr_line' id='line_1_42' title="bbox 217 2977 1254 3027; baseline 0.003 -14"><span class='ocrx_word' id='word_1_246' title='bbox 217 2977 357 3026; x_wconf 90' lang='lat' dir='ltr'>triplici</span> <span class='ocrx_word' id='word_1_247' title='bbox 399 2981 683 3025; x_wconf 86' lang='lat' dir='ltr'>congruentem</span> <span class='ocrx_word' id='word_1_248' title='bbox 701 3006 714 3025; x_wconf 95' lang='lat'>,</span> <span class='ocrx_word' id='word_1_249' title='bbox 760 2980 897 3027; x_wconf 89' lang='lat' dir='ltr'>utpote</span> <span class='ocrx_word' id='word_1_250' title='bbox 941 2978 1254 3016; x_wconf 86' lang='lat' dir='ltr'>misericordiam</span> 
     </span>
     <span class='ocr_line' id='line_1_43' title="bbox 216 3040 1253 3090; baseline 0.003 -13"><span class='ocrx_word' id='word_1_251' title='bbox 216 3040 422 3078; x_wconf 82' lang='lat' dir='ltr'>medicinoe</span> <span class='ocrx_word' id='word_1_252' title='bbox 433 3069 447 3088; x_wconf 92' lang='lat'>,</span> <span class='ocrx_word' id='word_1_253' title='bbox 465 3041 781 3080; x_wconf 88' lang='lat' dir='ltr'>misericordiam</span> <span class='ocrx_word' id='word_1_254' title='bbox 811 3042 1051 3090; x_wconf 78' lang='lat' dir='ltr'>disciplinae,</span> <span class='ocrx_word' id='word_1_255' title='bbox 1073 3044 1109 3079; x_wconf 89' lang='lat' dir='ltr'>et</span> <span class='ocrx_word' id='word_1_256' title='bbox 1136 3042 1253 3080; x_wconf 87' lang='lat' dir='ltr'>mise-</span> 
     </span>
     <span class='ocr_line' id='line_1_44' title="bbox 217 3102 1255 3152; baseline 0.003 -13"><span class='ocrx_word' id='word_1_257' title='bbox 217 3102 430 3140; x_wconf 89' lang='lat' dir='ltr'>ricordiam</span> <span class='ocrx_word' id='word_1_258' title='bbox 469 3103 655 3141; x_wconf 84' lang='lat' dir='ltr'>doctrinae</span> <span class='ocrx_word' id='word_1_259' title='bbox 678 3116 686 3141; x_wconf 91' lang='lat'>:</span> <span class='ocrx_word' id='word_1_260' title='bbox 725 3115 896 3152; x_wconf 88' lang='lat' dir='ltr'>quarum</span> <span class='ocrx_word' id='word_1_261' title='bbox 925 3104 1035 3152; x_wconf 88' lang='lat' dir='ltr'>prior</span> <span class='ocrx_word' id='word_1_262' title='bbox 1073 3105 1255 3152; x_wconf 88' lang='lat' dir='ltr'>congruit</span> 
     </span>
     <span class='ocr_line' id='line_1_45' title="bbox 217 3166 1253 3214; baseline 0.004 -12"><span class='ocrx_word' id='word_1_263' title='bbox 217 3168 359 3203; x_wconf 86' lang='lat' dir='ltr'>nostrae</span> <span class='ocrx_word' id='word_1_264' title='bbox 378 3166 436 3203; x_wconf 91' lang='lat' dir='ltr'>vis</span> <span class='ocrx_word' id='word_1_265' title='bbox 455 3166 661 3204; x_wconf 88' lang='lat' dir='ltr'>irascibilis</span> <span class='ocrx_word' id='word_1_266' title='bbox 682 3167 916 3211; x_wconf 74' lang='lat' dir='ltr'>infirmitati5</span> <span class='ocrx_word' id='word_1_267' title='bbox 941 3167 1136 3214; x_wconf 85' lang='lat' dir='ltr'>secunda,</span> <span class='ocrx_word' id='word_1_268' title='bbox 1159 3179 1253 3206; x_wconf 88' lang='lat' dir='ltr'>con-</span> 
     </span>
     <span class='ocr_line' id='line_1_46' title="bbox 218 3229 1255 3278; baseline 0.002 -13"><span class='ocrx_word' id='word_1_269' title='bbox 218 3229 459 3277; x_wconf 89' lang='lat' dir='ltr'>cupiscibilis</span> <span class='ocrx_word' id='word_1_270' title='bbox 478 3229 712 3277; x_wconf 88' lang='lat' dir='ltr'>lubricitati;</span> <span class='ocrx_word' id='word_1_271' title='bbox 734 3230 860 3278; x_wconf 85' lang='lat' dir='ltr'>tertia,</span> <span class='ocrx_word' id='word_1_272' title='bbox 881 3230 1127 3267; x_wconf 73' lang='lat' dir='ltr'>rationabilis</span> <span class='ocrx_word' id='word_1_273' title='bbox 1146 3231 1255 3269; x_wconf 91' lang='lat' dir='ltr'>rudi-</span> 
     </span>
     <span class='ocr_line' id='line_1_47' title="bbox 218 3291 1250 3340; baseline 0.003 -12"><span class='ocrx_word' id='word_1_274' title='bbox 218 3291 297 3328; x_wconf 87' lang='lat' dir='ltr'>tati.</span> <span class='ocrx_word' id='word_1_275' title='bbox 329 3293 379 3329; x_wconf 92' lang='lat' dir='ltr'>De</span> <span class='ocrx_word' id='word_1_276' title='bbox 406 3291 537 3340; x_wconf 89' lang='lat' dir='ltr'>prima</span> <span class='ocrx_word' id='word_1_277' title='bbox 565 3292 836 3330; x_wconf 87' lang='lat' dir='ltr'>misericordia</span> <span class='ocrx_word' id='word_1_278' title='bbox 869 3292 961 3330; x_wconf 90' lang='lat' dir='ltr'>dicit</span> <span class='ocrx_word' id='word_1_279' title='bbox 985 3292 1181 3340; x_wconf 88' lang='lat' dir='ltr'>Scriptura</span> <span class='ocrx_word' id='word_1_280' title='bbox 1206 3294 1218 3315; x_wconf 72' lang='lat'>²·</span> <span class='ocrx_word' id='word_1_281' title='bbox 1242 3306 1250 3331; x_wconf 88' lang='lat'>:</span> 
     </span>
     <span class='ocr_line' id='line_1_48' title="bbox 224 3353 1253 3403; baseline 0.004 -13"><span class='ocrx_word' id='word_1_282' title='bbox 224 3353 376 3392; x_wconf 84' lang='lat' dir='ltr'>«Filios</span> <span class='ocrx_word' id='word_1_283' title='bbox 400 3357 489 3394; x_wconf 90' lang='lat' dir='ltr'>tuos</span> <span class='ocrx_word' id='word_1_284' title='bbox 509 3365 582 3392; x_wconf 91' lang='lat' dir='ltr'>nec</span> <span class='ocrx_word' id='word_1_285' title='bbox 611 3355 850 3403; x_wconf 90' lang='lat' dir='ltr'>draconum,</span> <span class='ocrx_word' id='word_1_286' title='bbox 871 3365 944 3392; x_wconf 91' lang='lat' dir='ltr'>nec</span> <span class='ocrx_word' id='word_1_287' title='bbox 968 3358 1253 3394; x_wconf 83' lang='lat' dir='ltr'>venenatorum</span> 
     </span>
    </p>
   </div>
   <div class='ocr_carea' id='block_1_9' title="bbox 266 3487 1251 3591">
    <p class='ocr_par' dir='ltr' id='par_1_9' title="bbox 266 3487 1251 3591">
     <span class='ocr_line' id='line_1_49' title="bbox 266 3487 1251 3530; baseline 0.002 -11"><span class='ocrx_word' id='word_1_288' title='bbox 266 3487 271 3505; x_wconf 87' lang='lat'><strong>¹</strong></span> <span class='ocrx_word' id='word_1_289' title='bbox 294 3487 370 3526; x_wconf 75' lang='lat' dir='ltr'>Iso..</span> <span class='ocrx_word' id='word_1_290' title='bbox 398 3496 489 3530; x_wconf 73' lang='lat' dir='ltr'>xxvi,</span> <span class='ocrx_word' id='word_1_291' title='bbox 514 3491 546 3520; x_wconf 71' lang='lat'>2.</span> <span class='ocrx_word' id='word_1_292' title='bbox 566 3506 608 3513; x_wconf 89' lang='lat'>—</span> <span class='ocrx_word' id='word_1_293' title='bbox 634 3490 643 3507; x_wconf 81' lang='lat'>²</span> <span class='ocrx_word' id='word_1_294' title='bbox 667 3492 770 3527; x_wconf 64' lang='lat' dir='ltr'>Proin,</span> <span class='ocrx_word' id='word_1_295' title='bbox 798 3497 892 3528; x_wconf 78' lang='lat' dir='ltr'>xxix,</span> <span class='ocrx_word' id='word_1_296' title='bbox 918 3491 968 3521; x_wconf 76' lang='lat'>27.</span> <span class='ocrx_word' id='word_1_297' title='bbox 992 3507 1026 3513; x_wconf 91' lang='lat'><em>-</em></span> <span class='ocrx_word' id='word_1_298' title='bbox 1054 3491 1063 3505; x_wconf 57' lang='lat'>&gt;¹</span> <span class='ocrx_word' id='word_1_299' title='bbox 1084 3490 1192 3529; x_wconf 60' lang='lat' dir='ltr'>Pron„</span> <span class='ocrx_word' id='word_1_300' title='bbox 1219 3500 1251 3530; x_wconf 78' lang='lat' dir='ltr'>x,</span> 
     </span>
     <span class='ocr_line' id='line_1_50' title="bbox 382 3559 571 3591; baseline 0.011 -2"><span class='ocrx_word' id='word_1_301' title='bbox 382 3559 480 3590; x_wconf 74' lang='lat' dir='ltr'>Tou.</span> <span class='ocrx_word' id='word_1_302' title='bbox 511 3561 571 3591; x_wconf 79' lang='lat' dir='ltr'>IX.</span> 
     </span>
    </p>
   </div>
   <div class='ocr_carea' id='block_1_10' title="bbox 2266 209 2337 247">
    <p class='ocr_par' dir='ltr' id='par_1_10' title="bbox 2266 209 2337 247">
     <span class='ocr_line' id='line_1_51' title="bbox 2266 209 2337 247; baseline 0 -1"><span class='ocrx_word' id='word_1_303' title='bbox 2266 209 2337 247; x_wconf 73' lang='lat'>401</span> 
     </span>
    </p>
   </div>
   <div class='ocr_carea' id='block_1_11' title="bbox 1313 283 2348 713">
    <p class='ocr_par' dir='ltr' id='par_1_11' title="bbox 1313 283 2348 713">
     <span class='ocr_line' id='line_1_52' title="bbox 1313 283 2343 331; baseline 0.013 -13"><span class='ocrx_word' id='word_1_304' title='bbox 1313 283 1490 321; x_wconf 88' lang='lat' dir='ltr'>vicerunt</span> <span class='ocrx_word' id='word_1_305' title='bbox 1516 284 1651 321; x_wconf 85' lang='lat' dir='ltr'>dentes</span> <span class='ocrx_word' id='word_1_306' title='bbox 1674 297 1681 320; x_wconf 93' lang='lat'>:</span> <span class='ocrx_word' id='word_1_307' title='bbox 1714 286 1983 326; x_wconf 85' lang='lat' dir='ltr'>misericordia</span> <span class='ocrx_word' id='word_1_308' title='bbox 2009 290 2114 327; x_wconf 90' lang='lat' dir='ltr'>enim</span> <span class='ocrx_word' id='word_1_309' title='bbox 2134 292 2200 329; x_wconf 90' lang='lat' dir='ltr'>tua</span> <span class='ocrx_word' id='word_1_310' title='bbox 2224 292 2343 331; x_wconf 89' lang='lat' dir='ltr'>adve-</span> 
     </span>
     <span class='ocr_line' id='line_1_53' title="bbox 1314 346 2346 393; baseline 0.012 -12"><span class='ocrx_word' id='word_1_311' title='bbox 1314 346 1426 382; x_wconf 87' lang='lat' dir='ltr'>niens</span> <span class='ocrx_word' id='word_1_312' title='bbox 1446 346 1612 383; x_wconf 84' lang='lat' dir='ltr'>sanabat</span> <span class='ocrx_word' id='word_1_313' title='bbox 1639 357 1707 383; x_wconf 85' lang='lat' dir='ltr'>eos</span> <span class='ocrx_word' id='word_1_314' title='bbox 1730 360 1737 384; x_wconf 92' lang='lat'><strong>:</strong></span> <span class='ocrx_word' id='word_1_315' title='bbox 1768 362 1783 380; x_wconf 65' lang='grc' dir='ltr'>ι)</span> <span class='ocrx_word' id='word_1_316' title='bbox 1817 360 1904 386; x_wconf 86' lang='lat' dir='ltr'>ecce</span> <span class='ocrx_word' id='word_1_317' title='bbox 1931 351 2201 391; x_wconf 85' lang='lat' dir='ltr'>misericordia</span> <span class='ocrx_word' id='word_1_318' title='bbox 2219 355 2346 393; x_wconf 90' lang='lat' dir='ltr'>medi·</span> 
     </span>
     <span class='ocr_line' id='line_1_54' title="bbox 1316 408 2348 464; baseline 0.012 -20"><span class='ocrx_word' id='word_1_319' title='bbox 1316 408 1423 445; x_wconf 77' lang='lat' dir='ltr'>cinae.</span> <span class='ocrx_word' id='word_1_320' title='bbox 1460 410 1509 446; x_wconf 89' lang='lat' dir='ltr'>De</span> <span class='ocrx_word' id='word_1_321' title='bbox 1542 409 1716 446; x_wconf 88' lang='lat' dir='ltr'>secunda</span> <span class='ocrx_word' id='word_1_322' title='bbox 1741 412 1753 432; x_wconf 79' lang='lat'><strong>⁵</strong></span> <span class='ocrx_word' id='word_1_323' title='bbox 1787 423 1794 447; x_wconf 93' lang='lat'><strong>:</strong></span> <span class='ocrx_word' id='word_1_324' title='bbox 1825 425 1842 446; x_wconf 85' lang='lat'>«</span> <span class='ocrx_word' id='word_1_325' title='bbox 1875 414 1970 450; x_wconf 90' lang='lat' dir='ltr'>Cum</span> <span class='ocrx_word' id='word_1_326' title='bbox 2002 416 2136 453; x_wconf 90' lang='lat' dir='ltr'>tentati</span> <span class='ocrx_word' id='word_1_327' title='bbox 2166 420 2281 464; x_wconf 90' lang='lat' dir='ltr'>sunt,</span> <span class='ocrx_word' id='word_1_328' title='bbox 2311 421 2348 455; x_wconf 90' lang='lat' dir='ltr'>et</span> 
     </span>
     <span class='ocr_line' id='line_1_55' title="bbox 1317 471 2347 528; baseline 0.013 -23"><span class='ocrx_word' id='word_1_329' title='bbox 1317 471 1479 517; x_wconf 85' lang='lat' dir='ltr'>quidem</span> <span class='ocrx_word' id='word_1_330' title='bbox 1513 482 1603 508; x_wconf 90' lang='lat' dir='ltr'>cum</span> <span class='ocrx_word' id='word_1_331' title='bbox 1623 472 1894 511; x_wconf 83' lang='lat' dir='ltr'>misericordia</span> <span class='ocrx_word' id='word_1_332' title='bbox 1913 475 2163 524; x_wconf 86' lang='lat' dir='ltr'>disciplinam</span> <span class='ocrx_word' id='word_1_333' title='bbox 2184 490 2347 528; x_wconf 89' lang='lat' dir='ltr'>accepe-</span> 
     </span>
     <span class='ocr_line' id='line_1_56' title="bbox 1317 534 2345 585; baseline 0.01 -17"><span class='ocrx_word' id='word_1_334' title='bbox 1317 535 1429 569; x_wconf 87' lang='lat' dir='ltr'>runt:</span> <span class='ocrx_word' id='word_1_335' title='bbox 1446 546 1463 566; x_wconf 69' lang='lat' dir='ltr'>n</span> <span class='ocrx_word' id='word_1_336' title='bbox 1483 544 1570 570; x_wconf 90' lang='lat' dir='ltr'>ecce</span> <span class='ocrx_word' id='word_1_337' title='bbox 1585 534 1854 574; x_wconf 85' lang='lat' dir='ltr'>misericordia</span> <span class='ocrx_word' id='word_1_338' title='bbox 1869 537 2094 585; x_wconf 57' lang='lat' dir='ltr'>disciplinae.</span> <span class='ocrx_word' id='word_1_339' title='bbox 2114 542 2163 577; x_wconf 87' lang='lat' dir='ltr'>De</span> <span class='ocrx_word' id='word_1_340' title='bbox 2179 542 2310 580; x_wconf 77' lang='lat' dir='ltr'>tertia⁶</span> <span class='ocrx_word' id='word_1_341' title='bbox 2336 556 2345 578; x_wconf 90' lang='lat'>:</span> 
     </span>
     <span class='ocr_line' id='line_1_57' title="bbox 1322 595 2346 647; baseline 0.011 -16"><span class='ocrx_word' id='word_1_342' title='bbox 1322 609 1338 626; x_wconf 93' lang='lat'>«</span> <span class='ocrx_word' id='word_1_343' title='bbox 1366 595 1628 634; x_wconf 86' lang='lat' dir='ltr'>Misericordia</span> <span class='ocrx_word' id='word_1_344' title='bbox 1653 598 1807 635; x_wconf 90' lang='lat' dir='ltr'>Domini</span> <span class='ocrx_word' id='word_1_345' title='bbox 1833 610 1951 647; x_wconf 89' lang='lat' dir='ltr'>super</span> <span class='ocrx_word' id='word_1_346' title='bbox 1971 611 2130 638; x_wconf 90' lang='lat' dir='ltr'>omnem</span> <span class='ocrx_word' id='word_1_347' title='bbox 2158 614 2316 642; x_wconf 86' lang='lat' dir='ltr'>carnem</span> <span class='ocrx_word' id='word_1_348' title='bbox 2338 617 2346 642; x_wconf 77' lang='grc' dir='ltr'><strong><em>ε</em></strong></span> 
     </span>
     <span class='ocr_line' id='line_1_58' title="bbox 1319 657 2348 713; baseline 0.011 -21"><span class='ocrx_word' id='word_1_349' title='bbox 1319 657 1386 704; x_wconf 79' lang='lat' dir='ltr'>qui</span> <span class='ocrx_word' id='word_1_350' title='bbox 1422 658 1734 697; x_wconf 84' lang='lat' dir='ltr'>misericordiam</span> <span class='ocrx_word' id='word_1_351' title='bbox 1752 660 1891 708; x_wconf 88' lang='lat' dir='ltr'>habet,</span> <span class='ocrx_word' id='word_1_352' title='bbox 1915 665 1950 699; x_wconf 88' lang='lat' dir='ltr'>et</span> <span class='ocrx_word' id='word_1_353' title='bbox 1984 663 2122 710; x_wconf 88' lang='lat' dir='ltr'>docet,</span> <span class='ocrx_word' id='word_1_354' title='bbox 2145 667 2181 701; x_wconf 89' lang='lat' dir='ltr'>ct</span> <span class='ocrx_word' id='word_1_355' title='bbox 2198 664 2348 713; x_wconf 83' lang='lat' dir='ltr'>crudit,</span> 
     </span>
    </p>
   </div>
   <div class='ocr_carea' id='block_1_12' title="bbox 1320 724 2354 825">
    <p class='ocr_par' dir='ltr' id='par_1_12' title="bbox 1320 724 2354 825">
     <span class='ocr_line' id='line_1_59' title="bbox 1320 724 2354 774; baseline 0.011 -16"><span class='ocrx_word' id='word_1_356' title='bbox 1320 724 1432 770; x_wconf 84' lang='lat' dir='ltr'>quasi</span> <span class='ocrx_word' id='word_1_357' title='bbox 1471 727 1603 771; x_wconf 84' lang='lat' dir='ltr'>pastor</span> <span class='ocrx_word' id='word_1_358' title='bbox 1638 737 1798 774; x_wconf 83' lang='lat' dir='ltr'>gregem</span> <span class='ocrx_word' id='word_1_359' title='bbox 1836 738 1983 765; x_wconf 78' lang='lat' dir='ltr'>suum:</span> <span class='ocrx_word' id='word_1_360' title='bbox 2022 743 2038 763; x_wconf 74' lang='lat' dir='ltr'>n</span> <span class='ocrx_word' id='word_1_361' title='bbox 2081 740 2170 768; x_wconf 88' lang='lat' dir='ltr'>ecce</span> <span class='ocrx_word' id='word_1_362' title='bbox 2208 732 2354 770; x_wconf 89' lang='lat' dir='ltr'>miseri·</span> 
     </span>
     <span class='ocr_line' id='line_1_60' title="bbox 1321 784 1675 825; baseline 0.008 -4"><span class='ocrx_word' id='word_1_363' title='bbox 1321 784 1455 824; x_wconf 87' lang='lat' dir='ltr'>cordia</span> <span class='ocrx_word' id='word_1_364' title='bbox 1476 785 1675 825; x_wconf 84' lang='lat' dir='ltr'>doctrinae.</span> 
     </span>
    </p>
   </div>
   <div class='ocr_carea' id='block_1_13' title="bbox 1636 895 2036 934">
    <p class='ocr_par' dir='ltr' id='par_1_13' title="bbox 1636 895 2036 934">
     <span class='ocr_line' id='line_1_61' title="bbox 1636 895 2036 934; baseline 0.013 -5"><span class='ocrx_word' id='word_1_365' title='bbox 1636 895 1825 931; x_wconf 76' lang='lat' dir='ltr'>Articulus</span> <span class='ocrx_word' id='word_1_366' title='bbox 1849 897 2036 934; x_wconf 78' lang='lat' dir='ltr'>secundus.</span> 
     </span>
    </p>
   </div>
   <div class='ocr_carea' id='block_1_14' title="bbox 1323 974 2368 2275">
    <p class='ocr_par' dir='ltr' id='par_1_14' title="bbox 1323 974 2368 2275">
     <span class='ocr_line' id='line_1_62' title="bbox 1371 974 2358 1027; baseline 0.013 -18"><span class='ocrx_word' id='word_1_367' title='bbox 1371 974 1561 1012; x_wconf 81' lang='lat' dir='ltr'>Vivaciter</span> <span class='ocrx_word' id='word_1_368' title='bbox 1580 978 1711 1014; x_wconf 86' lang='lat' dir='ltr'>autem</span> <span class='ocrx_word' id='word_1_369' title='bbox 1737 988 1854 1016; x_wconf 87' lang='lat' dir='ltr'>orans</span> <span class='ocrx_word' id='word_1_370' title='bbox 1872 978 2153 1027; x_wconf 89' lang='lat' dir='ltr'>indignationis</span> <span class='ocrx_word' id='word_1_371' title='bbox 2172 982 2358 1022; x_wconf 89' lang='lat' dir='ltr'>immuni-</span> 
     </span>
     <span class='ocr_line' id='line_1_63' title="bbox 1323 1037 2357 1086; baseline 0.011 -14"><span class='ocrx_word' id='word_1_372' title='bbox 1323 1037 1441 1073; x_wconf 82' lang='lat' dir='ltr'>tatem</span> <span class='ocrx_word' id='word_1_373' title='bbox 1461 1039 1709 1086; x_wconf 86' lang='lat' dir='ltr'>aggregavit,</span> <span class='ocrx_word' id='word_1_374' title='bbox 1728 1051 1817 1077; x_wconf 90' lang='lat' dir='ltr'>cum</span> <span class='ocrx_word' id='word_1_375' title='bbox 1837 1041 2015 1080; x_wconf 83' lang='lat' dir='ltr'>addidit:</span> <span class='ocrx_word' id='word_1_376' title='bbox 2034 1045 2145 1081; x_wconf 82' lang='lat' dir='ltr'>Plena</span> <span class='ocrx_word' id='word_1_377' title='bbox 2165 1048 2215 1082; x_wconf 84' lang='lat' dir='ltr'>e‘st</span> <span class='ocrx_word' id='word_1_378' title='bbox 2237 1050 2357 1083; x_wconf 82' lang='lat' dir='ltr'>terra:</span> 
     </span>
     <span class='ocr_line' id='line_1_64' title="bbox 1324 1099 2360 1154; baseline 0.011 -19"><span class='ocrx_word' id='word_1_379' title='bbox 1324 1108 1397 1135; x_wconf 90' lang='lat' dir='ltr'>nec</span> <span class='ocrx_word' id='word_1_380' title='bbox 1419 1099 1525 1137; x_wconf 91' lang='lat' dir='ltr'>enim</span> <span class='ocrx_word' id='word_1_381' title='bbox 1544 1103 1645 1138; x_wconf 90' lang='lat' dir='ltr'>terra</span> <span class='ocrx_word' id='word_1_382' title='bbox 1670 1102 1941 1141; x_wconf 87' lang='lat' dir='ltr'>misericordia</span> <span class='ocrx_word' id='word_1_383' title='bbox 1958 1105 2198 1154; x_wconf 87' lang='lat' dir='ltr'>repleretur,</span> <span class='ocrx_word' id='word_1_384' title='bbox 2220 1108 2251 1145; x_wconf 88' lang='lat' dir='ltr'>si</span> <span class='ocrx_word' id='word_1_385' title='bbox 2276 1108 2360 1146; x_wconf 89' lang='lat' dir='ltr'>cui-</span> 
     </span>
     <span class='ocr_line' id='line_1_65' title="bbox 1327 1163 2361 1215; baseline 0.013 -19"><span class='ocrx_word' id='word_1_386' title='bbox 1327 1170 1447 1208; x_wconf 86' lang='lat' dir='ltr'>quam</span> <span class='ocrx_word' id='word_1_387' title='bbox 1477 1163 1681 1210; x_wconf 73' lang='lat' dir='ltr'>terrigenm</span> <span class='ocrx_word' id='word_1_388' title='bbox 1709 1165 1895 1203; x_wconf 89' lang='lat' dir='ltr'>Dominus</span> <span class='ocrx_word' id='word_1_389' title='bbox 1929 1167 2230 1215; x_wconf 89' lang='lat' dir='ltr'>indignaretur:</span> <span class='ocrx_word' id='word_1_390' title='bbox 2254 1170 2361 1208; x_wconf 90' lang='lat' dir='ltr'>viva-</span> 
     </span>
     <span class='ocr_line' id='line_1_66' title="bbox 1327 1223 2361 1283; baseline 0.013 -24"><span class='ocrx_word' id='word_1_391' title='bbox 1327 1223 1421 1260; x_wconf 89' lang='lat' dir='ltr'>citer</span> <span class='ocrx_word' id='word_1_392' title='bbox 1450 1227 1582 1263; x_wconf 87' lang='lat' dir='ltr'>autem</span> <span class='ocrx_word' id='word_1_393' title='bbox 1610 1226 1662 1263; x_wconf 91' lang='lat' dir='ltr'>ad</span> <span class='ocrx_word' id='word_1_394' title='bbox 1692 1227 1962 1266; x_wconf 87' lang='lat' dir='ltr'>miserandum</span> <span class='ocrx_word' id='word_1_395' title='bbox 1995 1235 2195 1279; x_wconf 82' lang='lat' dir='ltr'>movetur,</span> <span class='ocrx_word' id='word_1_396' title='bbox 2225 1244 2247 1270; x_wconf 91' lang='lat' dir='ltr'>a</span> <span class='ocrx_word' id='word_1_397' title='bbox 2281 1245 2361 1283; x_wconf 89' lang='lat' dir='ltr'>quo</span> 
     </span>
     <span class='ocr_line' id='line_1_67' title="bbox 1326 1287 2363 1336; baseline 0.013 -14"><span class='ocrx_word' id='word_1_398' title='bbox 1326 1296 1489 1333; x_wconf 87' lang='lat' dir='ltr'>prorsus</span> <span class='ocrx_word' id='word_1_399' title='bbox 1517 1287 1737 1336; x_wconf 86' lang='lat' dir='ltr'>indignatio</span> <span class='ocrx_word' id='word_1_400' title='bbox 1763 1294 2000 1329; x_wconf 88' lang='lat' dir='ltr'>removetur.</span> <span class='ocrx_word' id='word_1_401' title='bbox 2032 1294 2106 1330; x_wconf 89' lang='lat' dir='ltr'>Sed</span> <span class='ocrx_word' id='word_1_402' title='bbox 2138 1298 2232 1333; x_wconf 89' lang='lat' dir='ltr'>nota</span> <span class='ocrx_word' id='word_1_403' title='bbox 2260 1297 2363 1336; x_wconf 89' lang='lat' dir='ltr'>circa</span> 
     </span>
     <span class='ocr_line' id='line_1_68' title="bbox 1328 1349 2363 1403; baseline 0.012 -18"><span class='ocrx_word' id='word_1_404' title='bbox 1328 1351 1440 1386; x_wconf 81' lang='lat' dir='ltr'>terrae</span> <span class='ocrx_word' id='word_1_405' title='bbox 1484 1349 1805 1400; x_wconf 86' lang='lat' dir='ltr'>plenitudinem,</span> <span class='ocrx_word' id='word_1_406' title='bbox 1845 1355 1956 1402; x_wconf 88' lang='lat' dir='ltr'>quod</span> <span class='ocrx_word' id='word_1_407' title='bbox 2004 1355 2171 1403; x_wconf 87' lang='lat' dir='ltr'>legimus</span> <span class='ocrx_word' id='word_1_408' title='bbox 2219 1361 2363 1397; x_wconf 90' lang='lat' dir='ltr'>terram</span> 
     </span>
     <span class='ocr_line' id='line_1_69' title="bbox 1329 1410 2362 1469; baseline 0.014 -23"><span class='ocrx_word' id='word_1_409' title='bbox 1329 1410 1522 1459; x_wconf 90' lang='lat' dir='ltr'>triplicem</span> <span class='ocrx_word' id='word_1_410' title='bbox 1562 1426 1569 1450; x_wconf 78' lang='grc' dir='ltr'>ε</span> <span class='ocrx_word' id='word_1_411' title='bbox 1609 1417 1773 1463; x_wconf 90' lang='lat' dir='ltr'>terram,</span> <span class='ocrx_word' id='word_1_412' title='bbox 1811 1428 1932 1464; x_wconf 87' lang='lat' dir='ltr'>quam</span> <span class='ocrx_word' id='word_1_413' title='bbox 1970 1419 2156 1468; x_wconf 87' lang='lat' dir='ltr'>terimus;</span> <span class='ocrx_word' id='word_1_414' title='bbox 2196 1424 2362 1469; x_wconf 89' lang='lat' dir='ltr'>terram,</span> 
     </span>
     <span class='ocr_line' id='line_1_70' title="bbox 1330 1476 2362 1531; baseline 0.014 -22"><span class='ocrx_word' id='word_1_415' title='bbox 1330 1484 1452 1521; x_wconf 81' lang='lat' dir='ltr'>quam</span> <span class='ocrx_word' id='word_1_416' title='bbox 1480 1476 1719 1525; x_wconf 80' lang='lat' dir='ltr'>quaerimus3</span> <span class='ocrx_word' id='word_1_417' title='bbox 1760 1481 1797 1516; x_wconf 89' lang='lat' dir='ltr'>et</span> <span class='ocrx_word' id='word_1_418' title='bbox 1824 1482 1992 1527; x_wconf 89' lang='lat' dir='ltr'>terram,</span> <span class='ocrx_word' id='word_1_419' title='bbox 2020 1493 2140 1530; x_wconf 90' lang='lat' dir='ltr'>quam</span> <span class='ocrx_word' id='word_1_420' title='bbox 2175 1485 2362 1531; x_wconf 87' lang='lat' dir='ltr'>gerimus.</span> 
     </span>
     <span class='ocr_line' id='line_1_71' title="bbox 1330 1537 2365 1593; baseline 0.013 -20"><span class='ocrx_word' id='word_1_421' title='bbox 1330 1537 1458 1576; x_wconf 87' lang='lat' dir='ltr'>Prima</span> <span class='ocrx_word' id='word_1_422' title='bbox 1491 1541 1594 1576; x_wconf 89' lang='lat' dir='ltr'>terra</span> <span class='ocrx_word' id='word_1_423' title='bbox 1635 1540 1754 1588; x_wconf 87' lang='lat' dir='ltr'>plena</span> <span class='ocrx_word' id='word_1_424' title='bbox 1793 1544 1848 1579; x_wconf 90' lang='lat' dir='ltr'>est</span> <span class='ocrx_word' id='word_1_425' title='bbox 1884 1543 2003 1580; x_wconf 89' lang='lat' dir='ltr'>laude</span> <span class='ocrx_word' id='word_1_426' title='bbox 2037 1545 2196 1593; x_wconf 82' lang='lat' dir='ltr'>divina3</span> <span class='ocrx_word' id='word_1_427' title='bbox 2228 1559 2365 1585; x_wconf 91' lang='lat' dir='ltr'>secun-</span> 
     </span>
     <span class='ocr_line' id='line_1_72' title="bbox 1331 1598 2366 1655; baseline 0.013 -20"><span class='ocrx_word' id='word_1_428' title='bbox 1331 1598 1383 1636; x_wconf 87' lang='lat' dir='ltr'>da</span> <span class='ocrx_word' id='word_1_429' title='bbox 1413 1600 1533 1648; x_wconf 86' lang='lat' dir='ltr'>plena</span> <span class='ocrx_word' id='word_1_430' title='bbox 1568 1605 1624 1639; x_wconf 91' lang='lat' dir='ltr'>est</span> <span class='ocrx_word' id='word_1_431' title='bbox 1654 1603 1782 1649; x_wconf 89' lang='lat' dir='ltr'>gloria</span> <span class='ocrx_word' id='word_1_432' title='bbox 1792 1617 1802 1650; x_wconf 86' lang='lat'>3</span> <span class='ocrx_word' id='word_1_433' title='bbox 1837 1605 1907 1642; x_wconf 90' lang='lat' dir='ltr'>sed</span> <span class='ocrx_word' id='word_1_434' title='bbox 1937 1607 2050 1644; x_wconf 88' lang='lat' dir='ltr'>tertia</span> <span class='ocrx_word' id='word_1_435' title='bbox 2064 1607 2182 1655; x_wconf 89' lang='lat' dir='ltr'>plena</span> <span class='ocrx_word' id='word_1_436' title='bbox 2209 1613 2267 1647; x_wconf 92' lang='lat' dir='ltr'>est</span> <span class='ocrx_word' id='word_1_437' title='bbox 2294 1611 2366 1648; x_wconf 93' lang='lat' dir='ltr'>mi-</span> 
     </span>
     <span class='ocr_line' id='line_1_73' title="bbox 1331 1662 2368 1719; baseline 0.014 -22"><span class='ocrx_word' id='word_1_438' title='bbox 1331 1662 1445 1699; x_wconf 88' lang='lat' dir='ltr'>seria.</span> <span class='ocrx_word' id='word_1_439' title='bbox 1487 1665 1538 1700; x_wconf 90' lang='lat' dir='ltr'>De</span> <span class='ocrx_word' id='word_1_440' title='bbox 1572 1663 1702 1711; x_wconf 88' lang='lat' dir='ltr'>prima</span> <span class='ocrx_word' id='word_1_441' title='bbox 1728 1667 1741 1688; x_wconf 83' lang='lat'>⁷</span> <span class='ocrx_word' id='word_1_442' title='bbox 1773 1678 1781 1702; x_wconf 71' lang='grc' dir='ltr'>ε</span> <span class='ocrx_word' id='word_1_443' title='bbox 1820 1681 1838 1701; x_wconf 75' lang='grc' dir='ltr'>ι(</span> <span class='ocrx_word' id='word_1_444' title='bbox 1871 1668 2012 1706; x_wconf 88' lang='lat' dir='ltr'>Laudis</span> <span class='ocrx_word' id='word_1_445' title='bbox 2051 1670 2133 1717; x_wconf 87' lang='lat' dir='ltr'>ejus</span> <span class='ocrx_word' id='word_1_446' title='bbox 2163 1671 2282 1719; x_wconf 90' lang='lat' dir='ltr'>plena</span> <span class='ocrx_word' id='word_1_447' title='bbox 2311 1677 2368 1712; x_wconf 89' lang='lat' dir='ltr'>est</span> 
     </span>
     <span class='ocr_line' id='line_1_74' title="bbox 1331 1726 2367 1782; baseline 0.013 -22"><span class='ocrx_word' id='word_1_448' title='bbox 1331 1726 1459 1770; x_wconf 87' lang='lat' dir='ltr'>terra,</span> <span class='ocrx_word' id='word_1_449' title='bbox 1497 1738 1515 1759; x_wconf 90' lang='lat'>»</span> <span class='ocrx_word' id='word_1_450' title='bbox 1558 1737 1680 1774; x_wconf 87' lang='lat' dir='ltr'>quam</span> <span class='ocrx_word' id='word_1_451' title='bbox 1718 1727 1880 1766; x_wconf 90' lang='lat' dir='ltr'>terimus</span> <span class='ocrx_word' id='word_1_452' title='bbox 1921 1742 1929 1766; x_wconf 76' lang='grc' dir='ltr'><strong><em>ε</em></strong></span> <span class='ocrx_word' id='word_1_453' title='bbox 1974 1733 2054 1768; x_wconf 90' lang='lat' dir='ltr'>tam</span> <span class='ocrx_word' id='word_1_454' title='bbox 2099 1733 2367 1782; x_wconf 87' lang='lat' dir='ltr'>multipliciter</span> 
     </span>
     <span class='ocr_line' id='line_1_75' title="bbox 1332 1787 2367 1841; baseline 0.014 -19"><span class='ocrx_word' id='word_1_455' title='bbox 1332 1797 1424 1823; x_wconf 91' lang='lat' dir='ltr'>eum</span> <span class='ocrx_word' id='word_1_456' title='bbox 1455 1787 1614 1835; x_wconf 88' lang='lat' dir='ltr'>laudat,</span> <span class='ocrx_word' id='word_1_457' title='bbox 1653 1800 1774 1837; x_wconf 86' lang='lat' dir='ltr'>quam</span> <span class='ocrx_word' id='word_1_458' title='bbox 1817 1792 2084 1841; x_wconf 89' lang='lat' dir='ltr'>multipliciter</span> <span class='ocrx_word' id='word_1_459' title='bbox 2120 1795 2367 1836; x_wconf 88' lang='lat' dir='ltr'>laudabilem</span> 
     </span>
     <span class='ocr_line' id='line_1_76' title="bbox 1332 1849 2367 1908; baseline 0.014 -23"><span class='ocrx_word' id='word_1_460' title='bbox 1332 1849 1549 1897; x_wconf 85' lang='lat' dir='ltr'>significat,</span> <span class='ocrx_word' id='word_1_461' title='bbox 1582 1851 1631 1889; x_wconf 91' lang='lat' dir='ltr'>de</span> <span class='ocrx_word' id='word_1_462' title='bbox 1663 1863 1744 1900; x_wconf 87' lang='lat' dir='ltr'>quo</span> <span class='ocrx_word' id='word_1_463' title='bbox 1777 1854 1910 1892; x_wconf 88' lang='lat' dir='ltr'>nullus</span> <span class='ocrx_word' id='word_1_464' title='bbox 1942 1857 2132 1905; x_wconf 89' lang='lat' dir='ltr'>ambigit,</span> <span class='ocrx_word' id='word_1_465' title='bbox 2153 1860 2222 1908; x_wconf 84' lang='lat' dir='ltr'>qui</span> <span class='ocrx_word' id='word_1_466' title='bbox 2255 1861 2367 1908; x_wconf 87' lang='lat' dir='ltr'>signa</span> 
     </span>
     <span class='ocr_line' id='line_1_77' title="bbox 1333 1913 2368 1963; baseline 0.014 -15"><span class='ocrx_word' id='word_1_467' title='bbox 1333 1913 1416 1959; x_wconf 90' lang='lat' dir='ltr'>ejus</span> <span class='ocrx_word' id='word_1_468' title='bbox 1453 1913 1647 1960; x_wconf 86' lang='lat' dir='ltr'>intelligit.</span> <span class='ocrx_word' id='word_1_469' title='bbox 1690 1917 1740 1953; x_wconf 90' lang='lat' dir='ltr'>De</span> <span class='ocrx_word' id='word_1_470' title='bbox 1780 1919 1954 1956; x_wconf 90' lang='lat' dir='ltr'>secunda</span> <span class='ocrx_word' id='word_1_471' title='bbox 1989 1921 2002 1943; x_wconf 78' lang='lat'>⁸</span> <span class='ocrx_word' id='word_1_472' title='bbox 2048 1934 2056 1958; x_wconf 74' lang='grc' dir='ltr'><strong><em>ε</em></strong></span> <span class='ocrx_word' id='word_1_473' title='bbox 2099 1934 2118 1956; x_wconf 84' lang='lat'>&lt;‹</span> <span class='ocrx_word' id='word_1_474' title='bbox 2156 1923 2275 1962; x_wconf 87' lang='lat' dir='ltr'>Plena</span> <span class='ocrx_word' id='word_1_475' title='bbox 2312 1929 2368 1963; x_wconf 89' lang='lat' dir='ltr'>est</span> 
     </span>
     <span class='ocr_line' id='line_1_78' title="bbox 1333 1975 2367 2034; baseline 0.014 -23"><span class='ocrx_word' id='word_1_476' title='bbox 1333 1975 1461 2011; x_wconf 91' lang='lat' dir='ltr'>omnis</span> <span class='ocrx_word' id='word_1_477' title='bbox 1486 1978 1590 2015; x_wconf 89' lang='lat' dir='ltr'>terra</span> <span class='ocrx_word' id='word_1_478' title='bbox 1609 1977 1737 2024; x_wconf 86' lang='lat' dir='ltr'>gloria</span> <span class='ocrx_word' id='word_1_479' title='bbox 1766 1980 1850 2026; x_wconf 79' lang='lat' dir='ltr'>eJ&#39;us</span> <span class='ocrx_word' id='word_1_480' title='bbox 1875 1994 1884 2018; x_wconf 73' lang='grc' dir='ltr'><strong><em>ε</em></strong></span> <span class='ocrx_word' id='word_1_481' title='bbox 1907 1995 1925 2016; x_wconf 88' lang='lat'>»</span> <span class='ocrx_word' id='word_1_482' title='bbox 1946 1993 2026 2020; x_wconf 82' lang='lat' dir='ltr'>vox</span> <span class='ocrx_word' id='word_1_483' title='bbox 2053 1987 2110 2021; x_wconf 90' lang='lat' dir='ltr'>est</span> <span class='ocrx_word' id='word_1_484' title='bbox 2133 1987 2367 2034; x_wconf 88' lang='lat' dir='ltr'>angelorum</span> 
     </span>
     <span class='ocr_line' id='line_1_79' title="bbox 1331 2038 2365 2088; baseline 0.015 -15"><span class='ocrx_word' id='word_1_485' title='bbox 1331 2038 1581 2086; x_wconf 84' lang='lat' dir='ltr'>loquentium</span> <span class='ocrx_word' id='word_1_486' title='bbox 1614 2040 1664 2077; x_wconf 90' lang='lat' dir='ltr'>de</span> <span class='ocrx_word' id='word_1_487' title='bbox 1693 2042 1795 2079; x_wconf 89' lang='lat' dir='ltr'>terra</span> <span class='ocrx_word' id='word_1_488' title='bbox 1827 2042 2056 2082; x_wconf 77' lang='lat' dir='ltr'>viventium.</span> <span class='ocrx_word' id='word_1_489' title='bbox 2090 2048 2139 2085; x_wconf 93' lang='lat' dir='ltr'>De</span> <span class='ocrx_word' id='word_1_490' title='bbox 2170 2050 2281 2087; x_wconf 84' lang='lat' dir='ltr'>tertia</span> <span class='ocrx_word' id='word_1_491' title='bbox 2313 2052 2326 2073; x_wconf 84' lang='lat'>⁹</span> <span class='ocrx_word' id='word_1_492' title='bbox 2357 2064 2365 2088; x_wconf 93' lang='lat'>:</span> 
     </span>
     <span class='ocr_line' id='line_1_80' title="bbox 1338 2101 2368 2159; baseline 0.015 -24"><span class='ocrx_word' id='word_1_493' title='bbox 1338 2113 1355 2134; x_wconf 88' lang='lat'>«</span> <span class='ocrx_word' id='word_1_494' title='bbox 1374 2102 1448 2138; x_wconf 85' lang='lat' dir='ltr'>Fac</span> <span class='ocrx_word' id='word_1_495' title='bbox 1478 2101 1800 2150; x_wconf 86' lang='lat' dir='ltr'>conclusionem,</span> <span class='ocrx_word' id='word_1_496' title='bbox 1822 2107 2014 2153; x_wconf 86' lang='lat' dir='ltr'>quoniam</span> <span class='ocrx_word' id='word_1_497' title='bbox 2041 2111 2143 2147; x_wconf 85' lang='lat' dir='ltr'>terra</span> <span class='ocrx_word' id='word_1_498' title='bbox 2168 2110 2288 2159; x_wconf 89' lang='lat' dir='ltr'>plena</span> <span class='ocrx_word' id='word_1_499' title='bbox 2313 2117 2368 2150; x_wconf 89' lang='lat' dir='ltr'>est</span> 
     </span>
     <span class='ocr_line' id='line_1_81' title="bbox 1329 2163 2367 2214; baseline 0.014 -15"><span class='ocrx_word' id='word_1_500' title='bbox 1329 2163 1479 2209; x_wconf 79' lang='lat' dir='ltr'>J‘udicio</span> <span class='ocrx_word' id='word_1_501' title='bbox 1507 2165 1768 2214; x_wconf 87' lang='lat' dir='ltr'>sanguinum,</span> <span class='ocrx_word' id='word_1_502' title='bbox 1789 2180 1808 2202; x_wconf 86' lang='lat'>»</span> <span class='ocrx_word' id='word_1_503' title='bbox 1840 2167 1883 2205; x_wconf 91' lang='lat' dir='ltr'>id</span> <span class='ocrx_word' id='word_1_504' title='bbox 1912 2172 1968 2207; x_wconf 90' lang='lat' dir='ltr'>est</span> <span class='ocrx_word' id='word_1_505' title='bbox 1987 2171 2210 2212; x_wconf 88' lang='lat' dir='ltr'>testimonio</span> <span class='ocrx_word' id='word_1_506' title='bbox 2239 2175 2367 2213; x_wconf 89' lang='lat' dir='ltr'>crimi-</span> 
     </span>
     <span class='ocr_line' id='line_1_82' title="bbox 1332 2226 2248 2275; baseline 0.015 -14"><span class='ocrx_word' id='word_1_507' title='bbox 1332 2236 1429 2263; x_wconf 88' lang='lat' dir='ltr'>num</span> <span class='ocrx_word' id='word_1_508' title='bbox 1452 2238 1459 2262; x_wconf 91' lang='lat'>:</span> <span class='ocrx_word' id='word_1_509' title='bbox 1483 2226 1564 2264; x_wconf 85' lang='lat' dir='ltr'>haec</span> <span class='ocrx_word' id='word_1_510' title='bbox 1584 2230 1638 2265; x_wconf 89' lang='lat' dir='ltr'>est</span> <span class='ocrx_word' id='word_1_511' title='bbox 1654 2231 1756 2267; x_wconf 87' lang='lat' dir='ltr'>terra</span> <span class='ocrx_word' id='word_1_512' title='bbox 1775 2230 2011 2270; x_wconf 88' lang='lat' dir='ltr'>miserorum</span> <span class='ocrx_word' id='word_1_513' title='bbox 2027 2233 2248 2275; x_wconf 85' lang='lat' dir='ltr'>hominum.</span> 
     </span>
    </p>
   </div>
   <div class='ocr_carea' id='block_1_15' title="bbox 1669 2337 2028 2377">
    <p class='ocr_par' dir='ltr' id='par_1_15' title="bbox 1669 2337 2028 2377">
     <span class='ocr_line' id='line_1_83' title="bbox 1669 2337 2028 2377; baseline 0.014 -5"><span class='ocrx_word' id='word_1_514' title='bbox 1669 2337 1860 2374; x_wconf 79' lang='lat' dir='ltr'>Articulus</span> <span class='ocrx_word' id='word_1_515' title='bbox 1885 2341 2028 2377; x_wconf 80' lang='lat' dir='ltr'>tertius.</span> 
     </span>
    </p>
   </div>
   <div class='ocr_carea' id='block_1_16' title="bbox 1328 2418 2367 3353">
    <p class='ocr_par' dir='ltr' id='par_1_16' title="bbox 1328 2418 2367 3353">
     <span class='ocr_line' id='line_1_84' title="bbox 1380 2418 2366 2476; baseline 0.012 -22"><span class='ocrx_word' id='word_1_516' title='bbox 1380 2418 1656 2466; x_wconf 76' lang='lat' dir='ltr'>perspicaciter</span> <span class='ocrx_word' id='word_1_517' title='bbox 1705 2429 1896 2466; x_wconf 88' lang='lat' dir='ltr'>perorans</span> <span class='ocrx_word' id='word_1_518' title='bbox 1937 2423 2183 2470; x_wconf 89' lang='lat' dir='ltr'>justificantis</span> <span class='ocrx_word' id='word_1_519' title='bbox 2237 2428 2366 2476; x_wconf 90' lang='lat' dir='ltr'>digni—</span> 
     </span>
     <span class='ocr_line' id='line_1_85' title="bbox 1331 2480 2366 2538; baseline 0.014 -23"><span class='ocrx_word' id='word_1_520' title='bbox 1331 2481 1449 2516; x_wconf 87' lang='lat' dir='ltr'>tatem</span> <span class='ocrx_word' id='word_1_521' title='bbox 1486 2480 1802 2527; x_wconf 88' lang='lat' dir='ltr'>commendavit,</span> <span class='ocrx_word' id='word_1_522' title='bbox 1836 2494 1928 2520; x_wconf 90' lang='lat' dir='ltr'>cum</span> <span class='ocrx_word' id='word_1_523' title='bbox 1965 2485 2143 2526; x_wconf 91' lang='lat' dir='ltr'>subdidit</span> <span class='ocrx_word' id='word_1_524' title='bbox 2176 2501 2185 2524; x_wconf 89' lang='lat'>:</span> <span class='ocrx_word' id='word_1_525' title='bbox 2224 2491 2366 2538; x_wconf 85' lang='lat' dir='ltr'>Justifi-</span> 
     </span>
     <span class='ocr_line' id='line_1_86' title="bbox 1331 2544 2367 2597; baseline 0.014 -18"><span class='ocrx_word' id='word_1_526' title='bbox 1331 2545 1486 2580; x_wconf 73' lang='lat' dir='ltr'>cationes</span> <span class='ocrx_word' id='word_1_527' title='bbox 1521 2547 1617 2590; x_wconf 82' lang='lat' dir='ltr'>tuas,</span> <span class='ocrx_word' id='word_1_528' title='bbox 1649 2544 1691 2580; x_wconf 92' lang='lat' dir='ltr'>id</span> <span class='ocrx_word' id='word_1_529' title='bbox 1719 2547 1789 2591; x_wconf 87' lang='lat' dir='ltr'>est,</span> <span class='ocrx_word' id='word_1_530' title='bbox 1821 2546 1892 2583; x_wconf 91' lang='lat' dir='ltr'>tibi</span> <span class='ocrx_word' id='word_1_531' title='bbox 1931 2558 2140 2597; x_wconf 90' lang='lat' dir='ltr'>congruas.</span> <span class='ocrx_word' id='word_1_532' title='bbox 2172 2554 2258 2590; x_wconf 92' lang='lat' dir='ltr'>Non</span> <span class='ocrx_word' id='word_1_533' title='bbox 2294 2554 2367 2593; x_wconf 81' lang='lat' dir='ltr'>fuit</span> 
     </span>
     <span class='ocr_line' id='line_1_87' title="bbox 1330 2606 2364 2663; baseline 0.014 -22"><span class='ocrx_word' id='word_1_534' title='bbox 1330 2615 1462 2653; x_wconf 59' lang='lat' dir='ltr'>parvae</span> <span class='ocrx_word' id='word_1_535' title='bbox 1496 2606 1803 2654; x_wconf 88' lang='lat' dir='ltr'>perspicacitatis</span> <span class='ocrx_word' id='word_1_536' title='bbox 1830 2610 2052 2659; x_wconf 86' lang='lat' dir='ltr'>perspicere</span> <span class='ocrx_word' id='word_1_537' title='bbox 2088 2617 2364 2663; x_wconf 89' lang='lat' dir='ltr'>congruentias</span> 
     </span>
     <span class='ocr_line' id='line_1_88' title="bbox 1329 2667 2360 2720; baseline 0.014 -16"><span class='ocrx_word' id='word_1_538' title='bbox 1329 2667 1430 2706; x_wconf 88' lang='lat' dir='ltr'>inter</span> <span class='ocrx_word' id='word_1_539' title='bbox 1467 2669 1812 2718; x_wconf 75' lang='lat' dir='ltr'>Justificationem,</span> <span class='ocrx_word' id='word_1_540' title='bbox 1856 2674 1893 2709; x_wconf 89' lang='lat' dir='ltr'>et</span> <span class='ocrx_word' id='word_1_541' title='bbox 1924 2673 2221 2720; x_wconf 86' lang='lat' dir='ltr'>justificationes</span> <span class='ocrx_word' id='word_1_542' title='bbox 2257 2690 2360 2717; x_wconf 87' lang='lat' dir='ltr'>suas.</span> 
     </span>
     <span class='ocr_line' id='line_1_89' title="bbox 1329 2730 2361 2790; baseline 0.014 -24"><span class='ocrx_word' id='word_1_543' title='bbox 1329 2730 1553 2768; x_wconf 87' lang='lat' dir='ltr'>Notandum</span> <span class='ocrx_word' id='word_1_544' title='bbox 1573 2732 1703 2780; x_wconf 89' lang='lat' dir='ltr'>itaque</span> <span class='ocrx_word' id='word_1_545' title='bbox 1724 2733 1835 2782; x_wconf 89' lang='lat' dir='ltr'>quod</span> <span class='ocrx_word' id='word_1_546' title='bbox 1854 2734 1907 2772; x_wconf 88' lang='lat' dir='ltr'>ait</span> <span class='ocrx_word' id='word_1_547' title='bbox 1927 2747 1936 2772; x_wconf 73' lang='grc' dir='ltr'>ι</span> <span class='ocrx_word' id='word_1_548' title='bbox 1956 2737 2236 2784; x_wconf 70' lang='lat' dir='ltr'>Justcficationes</span> <span class='ocrx_word' id='word_1_549' title='bbox 2256 2745 2361 2790; x_wconf 83' lang='lat' dir='ltr'>tuas,</span> 
     </span>
     <span class='ocr_line' id='line_1_90' title="bbox 1330 2793 2363 2851; baseline 0.015 -22"><span class='ocrx_word' id='word_1_550' title='bbox 1330 2793 1442 2841; x_wconf 88' lang='lat' dir='ltr'>quasi</span> <span class='ocrx_word' id='word_1_551' title='bbox 1462 2794 1579 2841; x_wconf 88' lang='lat' dir='ltr'>dicat,</span> <span class='ocrx_word' id='word_1_552' title='bbox 1599 2797 1673 2832; x_wconf 84' lang='lat' dir='ltr'>tuae</span> <span class='ocrx_word' id='word_1_553' title='bbox 1693 2797 1891 2845; x_wconf 64' lang='lat' dir='ltr'>potentiae,</span> <span class='ocrx_word' id='word_1_554' title='bbox 1911 2799 2126 2848; x_wconf 74' lang='lat' dir='ltr'>sapientiae,</span> <span class='ocrx_word' id='word_1_555' title='bbox 2146 2813 2192 2841; x_wconf 88' lang='lat' dir='ltr'>ac</span> <span class='ocrx_word' id='word_1_556' title='bbox 2208 2803 2363 2851; x_wconf 77' lang='lat' dir='ltr'>justitiae</span> 
     </span>
     <span class='ocr_line' id='line_1_91' title="bbox 1330 2858 2364 2916; baseline 0.015 -24"><span class='ocrx_word' id='word_1_557' title='bbox 1330 2858 1548 2904; x_wconf 83' lang='lat' dir='ltr'>congruas,</span> <span class='ocrx_word' id='word_1_558' title='bbox 1576 2860 1767 2907; x_wconf 89' lang='lat' dir='ltr'>tanquam</span> <span class='ocrx_word' id='word_1_559' title='bbox 1786 2860 1869 2898; x_wconf 88' lang='lat' dir='ltr'>vias</span> <span class='ocrx_word' id='word_1_560' title='bbox 1893 2862 2025 2910; x_wconf 90' lang='lat' dir='ltr'>tritas,</span> <span class='ocrx_word' id='word_1_561' title='bbox 2047 2866 2238 2913; x_wconf 85' lang='lat' dir='ltr'>tanquam</span> <span class='ocrx_word' id='word_1_562' title='bbox 2256 2868 2364 2916; x_wconf 86' lang='lat' dir='ltr'>leges</span> 
     </span>
     <span class='ocr_line' id='line_1_92' title="bbox 1328 2920 2362 2979; baseline 0.014 -23"><span class='ocrx_word' id='word_1_563' title='bbox 1328 2920 1489 2968; x_wconf 87' lang='lat' dir='ltr'>positas,</span> <span class='ocrx_word' id='word_1_564' title='bbox 1504 2924 1694 2969; x_wconf 84' lang='lat' dir='ltr'>tanquam</span> <span class='ocrx_word' id='word_1_565' title='bbox 1714 2924 1923 2961; x_wconf 89' lang='lat' dir='ltr'>sententias</span> <span class='ocrx_word' id='word_1_566' title='bbox 1942 2925 2141 2965; x_wconf 86' lang='lat' dir='ltr'>diffinitas.</span> <span class='ocrx_word' id='word_1_567' title='bbox 2163 2931 2214 2967; x_wconf 88' lang='lat' dir='ltr'>De</span> <span class='ocrx_word' id='word_1_568' title='bbox 2231 2931 2362 2979; x_wconf 91' lang='lat' dir='ltr'>primo</span> 
     </span>
     <span class='ocr_line' id='line_1_93' title="bbox 1330 2982 2362 3035; baseline 0.014 -17"><span class='ocrx_word' id='word_1_569' title='bbox 1330 2982 1523 3030; x_wconf 86' lang='lat' dir='ltr'>Propheta</span> <span class='ocrx_word' id='word_1_570' title='bbox 1543 2983 1674 3031; x_wconf 84' lang='lat' dir='ltr'>psallit</span> <span class='ocrx_word' id='word_1_571' title='bbox 1694 2985 1721 3008; x_wconf 85' lang='lat'>¹0</span> <span class='ocrx_word' id='word_1_572' title='bbox 1744 2998 1752 3022; x_wconf 89' lang='lat'>:</span> <span class='ocrx_word' id='word_1_573' title='bbox 1774 2999 1792 3020; x_wconf 73' lang='grc' dir='ltr'>α</span> <span class='ocrx_word' id='word_1_574' title='bbox 1811 2986 1921 3024; x_wconf 87' lang='lat' dir='ltr'>Viam</span> <span class='ocrx_word' id='word_1_575' title='bbox 1932 2988 2258 3035; x_wconf 84' lang='lat' dir='ltr'>justificationum</span> <span class='ocrx_word' id='word_1_576' title='bbox 2278 2997 2362 3032; x_wconf 86' lang='lat' dir='ltr'>tua·</span> 
     </span>
     <span class='ocr_line' id='line_1_94' title="bbox 1328 3045 2362 3101; baseline 0.013 -20"><span class='ocrx_word' id='word_1_577' title='bbox 1328 3055 1417 3082; x_wconf 89' lang='lat' dir='ltr'>rum</span> <span class='ocrx_word' id='word_1_578' title='bbox 1448 3045 1596 3083; x_wconf 88' lang='lat' dir='ltr'>instrue</span> <span class='ocrx_word' id='word_1_579' title='bbox 1630 3057 1723 3084; x_wconf 90' lang='lat' dir='ltr'>me:</span> <span class='ocrx_word' id='word_1_580' title='bbox 1758 3061 1778 3083; x_wconf 81' lang='lat'>»</span> <span class='ocrx_word' id='word_1_581' title='bbox 1814 3059 1894 3086; x_wconf 84' lang='lat' dir='ltr'>vox</span> <span class='ocrx_word' id='word_1_582' title='bbox 1929 3054 1986 3088; x_wconf 90' lang='lat' dir='ltr'>est</span> <span class='ocrx_word' id='word_1_583' title='bbox 2017 3056 2224 3101; x_wconf 74' lang='lat' dir='ltr'>quaerentis</span> <span class='ocrx_word' id='word_1_584' title='bbox 2258 3057 2362 3094; x_wconf 84' lang='lat' dir='ltr'>viam</span> 
     </span>
     <span class='ocr_line' id='line_1_95' title="bbox 1329 3107 2359 3156; baseline 0.014 -13"><span class='ocrx_word' id='word_1_585' title='bbox 1329 3107 1479 3155; x_wconf 86' lang='lat' dir='ltr'>regiam</span> <span class='ocrx_word' id='word_1_586' title='bbox 1493 3135 1506 3154; x_wconf 97' lang='lat'>,</span> <span class='ocrx_word' id='word_1_587' title='bbox 1526 3107 1634 3146; x_wconf 84' lang='lat' dir='ltr'>viam</span> <span class='ocrx_word' id='word_1_588' title='bbox 1650 3110 1792 3147; x_wconf 84' lang='lat' dir='ltr'>tritam.</span> <span class='ocrx_word' id='word_1_589' title='bbox 1812 3112 1864 3149; x_wconf 92' lang='lat' dir='ltr'>De</span> <span class='ocrx_word' id='word_1_590' title='bbox 1884 3115 2058 3152; x_wconf 86' lang='lat' dir='ltr'>secundo</span> <span class='ocrx_word' id='word_1_591' title='bbox 2078 3119 2209 3154; x_wconf 89' lang='lat' dir='ltr'>autem</span> <span class='ocrx_word' id='word_1_592' title='bbox 2229 3118 2281 3156; x_wconf 87' lang='lat' dir='ltr'>ait</span> <span class='ocrx_word' id='word_1_593' title='bbox 2301 3120 2328 3142; x_wconf 83' lang='lat'>¹¹</span> <span class='ocrx_word' id='word_1_594' title='bbox 2350 3131 2359 3156; x_wconf 75' lang='grc' dir='ltr'>ε</span> 
     </span>
     <span class='ocr_line' id='line_1_96' title="bbox 1335 3172 2362 3226; baseline 0.013 -20"><span class='ocrx_word' id='word_1_595' title='bbox 1335 3183 1351 3204; x_wconf 88' lang='lat'>«</span> <span class='ocrx_word' id='word_1_596' title='bbox 1371 3172 1512 3218; x_wconf 87' lang='lat' dir='ltr'>Legem</span> <span class='ocrx_word' id='word_1_597' title='bbox 1530 3182 1636 3219; x_wconf 87' lang='lat' dir='ltr'>pone</span> <span class='ocrx_word' id='word_1_598' title='bbox 1655 3172 1773 3220; x_wconf 81' lang='lat' dir='ltr'>mihi¹‚</span> <span class='ocrx_word' id='word_1_599' title='bbox 1794 3175 1970 3223; x_wconf 89' lang='lat' dir='ltr'>Domine,</span> <span class='ocrx_word' id='word_1_600' title='bbox 1991 3177 2097 3215; x_wconf 86' lang='lat' dir='ltr'>viam</span> <span class='ocrx_word' id='word_1_601' title='bbox 2118 3179 2362 3226; x_wconf 63' lang='lat' dir='ltr'>justificatio-</span> 
     </span>
     <span class='ocr_line' id='line_1_97' title="bbox 1329 3236 2363 3290; baseline 0.011 -20"><span class='ocrx_word' id='word_1_602' title='bbox 1329 3244 1426 3270; x_wconf 89' lang='lat' dir='ltr'>num</span> <span class='ocrx_word' id='word_1_603' title='bbox 1446 3236 1626 3271; x_wconf 90' lang='lat' dir='ltr'>tuarum:</span> <span class='ocrx_word' id='word_1_604' title='bbox 1656 3249 1674 3270; x_wconf 73' lang='lat'>1)</span> <span class='ocrx_word' id='word_1_605' title='bbox 1699 3236 1891 3284; x_wconf 90' lang='lat' dir='ltr'>sapienter</span> <span class='ocrx_word' id='word_1_606' title='bbox 1919 3238 2049 3286; x_wconf 87' lang='lat' dir='ltr'>legem</span> <span class='ocrx_word' id='word_1_607' title='bbox 2076 3241 2172 3288; x_wconf 89' lang='lat' dir='ltr'>petit</span> <span class='ocrx_word' id='word_1_608' title='bbox 2196 3243 2363 3290; x_wconf 87' lang='lat' dir='ltr'>Legisla-</span> 
     </span>
     <span class='ocr_line' id='line_1_98' title="bbox 1328 3295 2362 3353; baseline 0.014 -21"><span class='ocrx_word' id='word_1_609' title='bbox 1328 3296 1423 3333; x_wconf 86' lang='lat' dir='ltr'>toris</span> <span class='ocrx_word' id='word_1_610' title='bbox 1455 3295 1578 3344; x_wconf 85' lang='lat' dir='ltr'>illius,</span> <span class='ocrx_word' id='word_1_611' title='bbox 1606 3298 1668 3335; x_wconf 90' lang='lat' dir='ltr'>cui</span> <span class='ocrx_word' id='word_1_612' title='bbox 1690 3311 1709 3333; x_wconf 84' lang='lat'>«</span> <span class='ocrx_word' id='word_1_613' title='bbox 1737 3298 1871 3337; x_wconf 87' lang='lat' dir='ltr'>nullus</span> <span class='ocrx_word' id='word_1_614' title='bbox 1896 3301 2032 3339; x_wconf 88' lang='lat' dir='ltr'>similis</span> <span class='ocrx_word' id='word_1_615' title='bbox 2058 3303 2099 3340; x_wconf 90' lang='lat' dir='ltr'>in</span> <span class='ocrx_word' id='word_1_616' title='bbox 2130 3303 2362 3353; x_wconf 84' lang='lat' dir='ltr'>legislatori-</span> 
     </span>
    </p>
   </div>
   <div class='ocr_carea' id='block_1_17' title="bbox 1329 3396 2363 3542">
    <p class='ocr_par' dir='ltr' id='par_1_17' title="bbox 1329 3396 2363 3542">
     <span class='ocr_line' id='line_1_99' title="bbox 1331 3396 2363 3448; baseline 0.014 -22"><span class='ocrx_word' id='word_1_617' title='bbox 1331 3397 1380 3427; x_wconf 84' lang='lat'>17.</span> <span class='ocrx_word' id='word_1_618' title='bbox 1403 3413 1442 3418; x_wconf 91' lang='lat'>—</span> <span class='ocrx_word' id='word_1_619' title='bbox 1465 3396 1477 3418; x_wconf 69' lang='lat'>⁸</span> <span class='ocrx_word' id='word_1_620' title='bbox 1496 3396 1588 3437; x_wconf 64' lang='lat' dir='ltr'>Sap„</span> <span class='ocrx_word' id='word_1_621' title='bbox 1611 3404 1688 3437; x_wconf 77' lang='lat' dir='ltr'>xvt,</span> <span class='ocrx_word' id='word_1_622' title='bbox 1712 3400 1760 3431; x_wconf 75' lang='lat'>¹0.</span> <span class='ocrx_word' id='word_1_623' title='bbox 1784 3415 1825 3421; x_wconf 95' lang='lat'>—</span> <span class='ocrx_word' id='word_1_624' title='bbox 1847 3400 1860 3422; x_wconf 75' lang='lat'>⁵</span> <span class='ocrx_word' id='word_1_625' title='bbox 1879 3400 1974 3442; x_wconf 64' lang='lat' dir='ltr'>Sap„</span> <span class='ocrx_word' id='word_1_626' title='bbox 1995 3410 2049 3444; x_wconf 89' lang='lat' dir='ltr'>x1,</span> <span class='ocrx_word' id='word_1_627' title='bbox 2073 3405 2122 3436; x_wconf 82' lang='lat'>10.</span> <span class='ocrx_word' id='word_1_628' title='bbox 2145 3422 2183 3429; x_wconf 94' lang='lat'><strong>—</strong></span> <span class='ocrx_word' id='word_1_629' title='bbox 2211 3406 2224 3425; x_wconf 76' lang='lat'>⁸</span> <span class='ocrx_word' id='word_1_630' title='bbox 2242 3407 2363 3448; x_wconf 57' lang='lat' dir='ltr'>Eccli„</span> 
     </span>
     <span class='ocr_line' id='line_1_100' title="bbox 1329 3444 2361 3495; baseline 0.015 -22"><span class='ocrx_word' id='word_1_631' title='bbox 1329 3446 1647 3484; x_wconf 77' lang='grc' dir='ltr'><strong>Χν111,12,13.-</strong></span> <span class='ocrx_word' id='word_1_632' title='bbox 1673 3445 1686 3467; x_wconf 83' lang='lat'>⁷</span> <span class='ocrx_word' id='word_1_633' title='bbox 1710 3444 2040 3487; x_wconf 78' lang='lat' dir='ltr'>Habac.,111‚3.—</span> <span class='ocrx_word' id='word_1_634' title='bbox 2065 3451 2077 3469; x_wconf 79' lang='lat'>⁸</span> <span class='ocrx_word' id='word_1_635' title='bbox 2094 3451 2175 3494; x_wconf 61' lang='lat'>1³0„</span> <span class='ocrx_word' id='word_1_636' title='bbox 2196 3461 2247 3495; x_wconf 77' lang='lat' dir='ltr'>vt,</span> <span class='ocrx_word' id='word_1_637' title='bbox 2269 3457 2300 3487; x_wconf 91' lang='lat'>3.</span> <span class='ocrx_word' id='word_1_638' title='bbox 2327 3475 2361 3480; x_wconf 89' lang='lat'>—</span> 
     </span>
     <span class='ocr_line' id='line_1_101' title="bbox 1330 3491 2319 3542; baseline 0.02 -26"><span class='ocrx_word' id='word_1_639' title='bbox 1330 3494 1340 3507; x_wconf 68' lang='lat'>2&#39;</span> <span class='ocrx_word' id='word_1_640' title='bbox 1361 3491 1495 3531; x_wconf 46' lang='lat' dir='ltr'>Exclu,</span> <span class='ocrx_word' id='word_1_641' title='bbox 1518 3499 1576 3531; x_wconf 68' lang='lat' dir='ltr'>vu,</span> <span class='ocrx_word' id='word_1_642' title='bbox 1598 3495 1649 3523; x_wconf 57' lang='lat'>25.</span> <span class='ocrx_word' id='word_1_643' title='bbox 1674 3509 1713 3515; x_wconf 93' lang='lat'>—</span> <span class='ocrx_word' id='word_1_644' title='bbox 1734 3494 1756 3511; x_wconf 91' lang='lat'>&#39;⁰</span> <span class='ocrx_word' id='word_1_645' title='bbox 1776 3494 1865 3525; x_wconf 82' lang='lat' dir='ltr'>Psal.</span> <span class='ocrx_word' id='word_1_646' title='bbox 1886 3495 1965 3535; x_wconf 91' lang='lat' dir='ltr'>hoc,</span> <span class='ocrx_word' id='word_1_647' title='bbox 1987 3499 2037 3529; x_wconf 85' lang='lat'>27.</span> <span class='ocrx_word' id='word_1_648' title='bbox 2056 3516 2090 3521; x_wconf 92' lang='lat'>—</span> <span class='ocrx_word' id='word_1_649' title='bbox 2116 3501 2251 3542; x_wconf 82' lang='lat' dir='ltr'>¹¹1bid.,</span> <span class='ocrx_word' id='word_1_650' title='bbox 2268 3505 2319 3535; x_wconf 83' lang='grc'>33.</span> 
     </span>
    </p>
   </div>
   <div class='ocr_carea' id='block_1_18' title="bbox 2153 3563 2205 3602">
    <p class='ocr_par' dir='ltr' id='par_1_18' title="bbox 2153 3563 2205 3602">
     <span class='ocr_line' id='line_1_102' title="bbox 2153 3563 2205 3602; baseline 0 0"><span class='ocrx_word' id='word_1_651' title='bbox 2153 3563 2205 3602; x_wconf 74' lang='lat'>26</span> 
     </span>
    </p>
   </div>
  </div>
 </body>
</html>
