2633 3878
286 252 362 291 402

285 338 380 382 bus,
406 349 423 370 ν
459 335 557 371 sicut
586 332 753 380 legimus
781 335 806 367 ¹.
836 333 980 376 Quaeris
1009 333 1161 379 quare?
1191 326 1307 371 Quia,

285 399 383 434 sicut
401 395 582 433 scribitur
599 393 636 431 ¹:
663 408 680 428 «
700 395 803 430 Unus
821 397 877 430 est
894 393 1092 440 legislator
1113 393 1149 428 ct
1165 389 1308 437 judex,

285 460 354 507 qui
371 461 495 506 potest
516 457 680 505 perdere
701 458 737 493 et
763 455 943 492 liberare.
966 468 983 488 n
1008 456 1056 490 De
1077 452 1186 489 tertio
1209 460 1308 497 quo-

285 532 362 569 que
388 520 491 558 canit
509 520 546 555 ³:
573 532 591 553 α
611 517 827 565 surgebam
853 517 903 554 ad
929 514 1197 553 confitendum
1218 511 1308 556 tibi,

283 594 400 632 super
415 581 563 629 judicia
576 580 862 628 ,iustificationis
880 582 954 615 tuce
975 591 982 615 :
999 591 1016 612 »
1042 587 1130 614 ecce
1148 573 1309 622 judicia-

283 645 339 683 les
357 645 553 682 sententiae
572 655 596 682 a
616 653 771 680 summo
787 642 919 689 judice
938 639 1206 688 promulgatae.

597 747 784 783 Articulus
810 748 974 792 quartus.

330 833 542 872 Efficaciter
563 839 841 868 consummans
860 826 1122 875 Justificabilis
1142 823 1309 871 indigni-

284 900 401 934 tatem
420 893 644 938 insinuavit,
659 903 749 929 cum
766 891 814 928 de
827 888 1172 938 justificationibus
1191 885 1310 933 ipsius

283 964 435 1003 intulit:
469 964 556 998 Doce
578 971 661 998 me:
690 970 734 996 ac
759 959 789 995 si
818 958 962 994 diceret
988 956 1209 993 manifeste:
1240 957 1311 990 Do-

283 1027 409 1072 mine,
429 1035 512 1062 non
540 1034 627 1060 sum
648 1022 781 1059 doceri
803 1021 943 1066 dignus
967 1031 974 1054 :
1006 1018 1074 1054 sed
1102 1021 1142 1054 tu
1169 1026 1251 1052 non
1271 1025 1311 1051 cs

284 1092 426 1128 docere
447 1087 655 1134 indignus:
684 1084 745 1120 sac
766 1093 860 1129 ergo
886 1092 1057 1126 mecum,
1078 1079 1183 1116 unde
1210 1081 1250 1114 tu
1271 1087 1312 1114 es

284 1153 441 1200 dignus,
462 1153 502 1186 ut
521 1149 614 1185 fiam
635 1147 793 1193 dignus,
816 1145 922 1181 unde
944 1155 1030 1181 sum
1049 1143 1247 1189 indignus.
1270 1142 1313 1177 Et

283 1219 389 1259 nota,
409 1211 518 1260 quod
538 1209 679 1258 aliquis
696 1208 837 1245 dicitur
853 1207 995 1244 docere
1015 1206 1172 1251 dignus,
1193 1214 1311 1251 prop-

283 1282 340 1314 ter
359 1275 587 1322 dignitatem
608 1275 729 1317 actus,
749 1270 923 1315 affectus,
944 1269 1145 1305 instinctus
1164 1279 1172 1302 :
1195 1276 1313 1313 prop-

284 1345 340 1377 ter
365 1338 537 1386 primum
563 1335 703 1372 dicitur
731 1333 870 1370 doctor
896 1331 1044 1377 bonus;
1072 1330 1233 1377 propter
1257 1338 1312 1364 se-

284 1402 459 1440 cundum
484 1399 624 1437 dicitur
651 1396 892 1441 misericors,
913 1394 994 1431 sive
1020 1393 1130 1441 pius3
1153 1394 1313 1440 propter

283 1466 438 1503 tertium
467 1462 608 1500 dicitur
634 1460 878 1498 benedictus.
912 1457 1084 1495 Primum
1108 1458 1214 1505 patet
1244 1464 1314 1502 per

282 1528 515 1575 Prophetam
542 1523 774 1573 psallentem
801 1524 838 1558 ³:
871 1535 889 1555 «
909 1523 1037 1557 Bonus
1064 1529 1104 1555 es
1127 1521 1190 1564 tu,
1211 1521 1246 1554 et
1273 1517 1312 1553 in

283 1590 457 1628 bonitate
476 1591 543 1625 tua
561 1587 659 1624 doce
678 1595 741 1622 me
758 1582 1054 1632 justificationes
1068 1584 1170 1618 tuas:
1188 1593 1206 1614 ι)
1225 1590 1313 1616 ecce

285 1653 487 1689 doctorem
501 1649 666 1688 bonum.
685 1646 908 1684 Secundum
927 1643 1106 1680 sublucet
1125 1652 1194 1690 per
1215 1642 1315 1679 Psal-

284 1715 440 1751 mistam
459 1713 653 1749 dicentem
667 1711 700 1745 ⁸:
718 1722 735 1743 «
757 1710 831 1745 Fac
853 1718 942 1743 cum
960 1716 1073 1742 servo
1094 1708 1160 1741 tuo
1182 1714 1319 1740 secun-

285 1777 381 1813 dum
398 1773 708 1812 misericordiam
722 1775 842 1815 tuam,
863 1773 898 1806 et
914 1767 1210 1816 justificationes
1230 1769 1315 1802 tuas

285 1833 384 1870 doce
407 1843 470 1868 me
494 1845 503 1867 ε
532 1844 549 1865 n
580 1839 668 1867 ecce
700 1828 900 1864 doctorem
931 1823 1226 1861 misericordem
1254 1822 1316 1858 vel

284 1896 409 1943 pium.
431 1893 599 1930 Tertium
627 1891 748 1938 liquet
779 1899 850 1936 per
878 1885 1230 1933 psalmographum
1261 1883 1315 1919 sic

285 1955 565 1994 scribentem⁶:
586 1951 847 1990 «Benedictus
862 1960 915 1996 es,
939 1947 1114 1992 Domine,
1139 1946 1237 1982 doce
1252 1956 1314 1981 me

281 2017 577 2066 Justificationes
600 2017 713 2052 tuas:
736 2026 753 2048 n
777 2023 866 2050 ecce
899 2011 1100 2048 doctorem
1129 2007 1314 2045 benedic-

285 2084 381 2118 tum.
403 2082 457 2117 lta
473 2078 636 2127 quidem
655 2088 678 2114 a
696 2076 869 2113 mittente
888 2071 1153 2120 benedicitur,
1180 2069 1247 2117 qui
1265 2068 1315 2105 ad

285 2141 521 2190 legendum,
541 2139 606 2177 vel
627 2138 678 2176 ad
698 2135 995 2186 praedicandum
1015 2132 1191 2170 mittitur.

715 2245 887 2287 Epilogus.

336 2335 543 2380 Propterea
575 2327 668 2365 dicit
697 2324 888 2373 Propheta
918 2323 959 2359 in
988 2319 1200 2358 laudabilis
1231 2328 1318 2355 ora-

290 2396 384 2434 toris
413 2402 603 2442 persona:
638 2387 888 2426 Misericordia
920 2389 1003 2429 lua,
1036 2384 1203 2427 Domine,
1235 2383 1317 2417 tan-

290 2469 412 2507 quam
431 2453 620 2502 sagaciter
639 2461 770 2495 orans,
792 2445 1002 2493 allegando
1020 2443 1162 2480 divinae
1182 2442 1321 2488 digna-

290 2521 406 2559 tionis
431 2516 734 2559 humanitatem;
768 2512 880 2549 Plena
909 2511 960 2545 est
989 2511 1108 2551 terra,
1135 2509 1319 2551 tanquam

290 2582 476 2620 vivaciter
495 2576 751 2627 persuadens,
766 2569 1021 2619 aggregando
1037 2566 1320 2613 indignationis

291 2643 597 2687 immunitatem3
618 2639 898 2683 Juistz'ficationes
916 2636 1008 2678 tuas,
1024 2633 1213 2677 tanquam
1231 2639 1320 2677 per-

291 2708 493 2757 spicaciter
512 2712 716 2753 peroranS,
733 2695 1053 2737 commendando
1071 2692 1321 2740 justificantis

294 2771 543 2817 dignitatem3
573 2762 662 2802 D'oce
687 2774 760 2807 me,
783 2764 972 2807 tanquam
1000 2756 1205 2794 efficaciter
1227 2765 1321 2791 con-

293 2841 515 2874 summanS,
547 2823 787 2876 postulando
821 2820 1023 2869 justificari
1059 2816 1321 2865 justificabilis

293 2893 567 2940 indignitatem
590 2899 661 2937 per
683 2884 928 2934 justificantis
953 2881 1180 2928 dignitatem
1193 2891 1204 2924 ;
1225 2889 1271 2915 ac
1289 2878 1321 2914 si

294 2956 521 3003 loqueretur
545 2949 740 2998 apertius:
761 2946 946 2989 Domine,
978 2943 1046 2991 qui
1065 2941 1239 2979 misereri
1260 2940 1320 2976 di-

295 3017 446 3065 gnariS,
468 3016 505 3052 et
528 3011 677 3050 nemini
699 3007 933 3054 indignam,
951 3004 1120 3053 justifica
1138 3013 1225 3048 me,
1253 3002 1321 3049 qui

295 3090 383 3117 sum
401 3076 607 3123 indignus,
629 3071 722 3120 quia
740 3073 781 3107 tu
799 3068 1009 3115 justificare
1030 3066 1184 3112 dignus.

482 3231 820 3274 CAPITULUM
863 3226 1141 3273 QU1NTL'M.
1194 3275 1198 3279 .

614 3353 832 3385 VERSICULUS
857 3351 1005 3380 PRIMUS.

346 3457 406 3492 65.
421 3455 621 3492 Bonitatem
635 3451 772 3496 fecisti,
784 3450 854 3484 etc.
877 3446 943 3483 Hic
956 3443 1138 3492 quintum
1153 3439 1324 3477 initiatur

301 3515 530 3564 capitulum,
548 3517 584 3552 et
602 3513 782 3560 quintum
801 3507 1097 3556 repraesentatur
1114 3501 1319 3540 ferculum.

975 237 1246 284 Expost'rlu
1278 235 1329 277 lN
1358 231 1710 276 PSALTERIUM.

1383 326 1423 360 ln
1444 322 1614 369 capitulo
1633 319 1880 368 praeambulo
1894 320 2122 366 praesentata
2140 320 2212 357 suit
2235 322 2318 369 spei
2333 322 2407 359 im-

1380 384 1513 420 missio
1524 396 1533 429 ;
1555 383 1595 419 in
1609 383 1684 419 hoc
1702 392 1796 419 vero
1816 383 2070 429 praesentatur
2087 381 2271 419 bonitatis
2287 385 2409 420 trans-

1381 446 1528 483 missio.
1551 447 1594 481 Et
1625 445 1718 492 quia
1738 454 1827 491 spes
1853 442 2028 480 immissa
2047 444 2247 490 consurgit
2271 455 2317 481 ex
2336 445 2409 482 bo·-

1380 509 1498 546 nitate
1521 507 1762 550 transmissa,
1783 509 1889 553 patet
1916 505 2065 542 ordinis
2095 506 2194 543 ratio
2225 516 2410 553 processu

1381 569 1627 608 resolutorio.
1650 568 1756 605 Istud
1777 571 1907 604 autem
1929 567 2144 615 capitulum
2161 567 2412 615 distinguitur

1381 643 1453 680 per
1466 632 1571 668 hunc
1588 630 1775 667 modum:
1794 631 1857 665 Est
1869 629 2055 676 equidem
2070 629 2225 666 bonitas
2236 629 2410 677 inferior,

1382 694 1435 730 ad
1460 694 1599 730 animae
1618 691 1937 738 Justificationem
1964 692 2183 738 pertinens,
2205 702 2326 740 quam
2347 703 2412 729 oc-

1382 755 1558 792 tonarius
1586 754 1694 801 prior
1735 753 1927 801 percurrit
1958 765 1966 789 ε
1997 757 2236 801 quapropter
2268 754 2318 790 ab
2339 754 2410 791 he-

1383 817 1517 854 braica
1536 817 1662 854 littera
1681 818 1778 863 Tetlz,
1795 827 1883 864 quse
1895 817 2167 864 interpretatur
2179 817 2332 854 bonum
2347 817 2412 854 vel

1382 879 1497 925 infra,
1518 879 1665 926 incipit.
1688 881 1731 915 Et
1750 882 1805 916 est
1819 879 1973 916 bonitas
1992 879 2184 927 superior,
2207 878 2258 915 ad
2271 878 2412 916 animae

1378 941 1596 988 Justiticatae
1622 941 1982 988 magnificationem
2016 941 2191 983 attinens,
2223 951 2343 988 quam
2365 939 2412 988 (a)

1384 1004 1608 1040 octonarius
1635 1004 1828 1051 posterior
1866 1003 2107 1051 superaddit.
2148 1003 2414 1048 Quamobrem

1384 1066 1434 1102 ab
1452 1065 1638 1103 hebraica
1657 1067 1783 1103 littera
1799 1067 1888 1110 lod,
1911 1077 1998 1113 quae
2017 1066 2290 1113 interpretatur
2308 1065 2412 1112 prin-

1385 1127 1531 1175 cipium
1546 1139 1614 1164 seu
1627 1129 1858 1174 dominatio,
1875 1128 2029 1164 initium
2043 1127 2173 1163 sumit.
2187 1125 2414 1165 octonarius

1384 1190 1640 1227 nihilominus
1653 1191 1761 1238 prior
1776 1190 2039 1237 distinguitur,
2055 1189 2244 1237 quoniam
2259 1189 2414 1227 bonitas

1384 1252 1544 1290 inferior
1572 1253 1739 1301 pertinet
1766 1253 1818 1290 ad
1848 1253 1988 1290 animae
2011 1252 2273 1298 curationem,
2294 1261 2414 1299 quam

1387 1315 1560 1352 declarat
1591 1315 1862 1363 quaternarius
1887 1315 2060 1362 primus3
2087 1318 2124 1352 et
2151 1317 2292 1352 curatae
2323 1325 2414 1352 con-

1386 1378 1662 1424 servationem,
1678 1388 1798 1426 quam
1819 1377 1991 1414 declarat
2010 1378 2280 1424 quaternarius
2301 1376 2413 1414 alius,

1386 1440 1662 1486 Quaternarius
1682 1440 1797 1477 etiam
1813 1439 1922 1488 prior
1936 1439 2262 1487 quadripartitam
2281 1439 2418 1486 recipit

1387 1503 1620 1549 sectionem,
1657 1502 1875 1539 secundum
1907 1505 2076 1550 quatuor
2105 1501 2246 1539 animae
2272 1502 2416 1538 virium

1388 1565 1644 1610 curationem,
1663 1565 1844 1601 videlicet
1863 1564 2169 1612 apprehensivae,
2185 1563 2415 1612 appetitivae,

1388 1629 1677 1673 memorativae,
1702 1628 1870 1672 motivae,
1892 1638 1979 1674 quae
2002 1630 2090 1664 sunt
2109 1626 2272 1663 totidem
2298 1627 2418 1663 versi-

1388 1691 1464 1727 bus
1503 1690 1734 1727 subnotatae.
1766 1693 1905 1727 Versus
1937 1689 2089 1737 primus
2125 1689 2419 1737 apprehensivae

1390 1753 1631 1790 curationem
1645 1753 1825 1798 ostendit,
1844 1752 1938 1800 quia
1955 1752 2064 1800 quid,
2080 1751 2119 1788 in
2134 1762 2267 1799 quem,
2285 1762 2307 1787 a
2323 1761 2417 1798 quo,

1391 1817 1427 1851 et
1455 1825 1525 1862 per
1545 1826 1664 1862 quem
1690 1814 1865 1859 mittitur,
1888 1812 2169 1861 apprehendit,
2198 1813 2342 1850 scilicet
2361 1823 2420 1848 sa-

1389 1877 1518 1913 nitatis
1538 1877 1730 1923 habitum,
1748 1877 1888 1913 animae
1906 1875 2064 1912 insitum
2085 1875 2135 1912 ab
2155 1874 2330 1922 ingenito
2351 1884 2421 1921 per

1391 1938 1649 1985 t'nigenitum.

1723 2038 1914 2073 Articulus
1939 2038 2094 2083 primus.

1440 2126 1612 2163 Primum
1640 2125 1803 2174 quidem
1830 2128 2082 2173 praenotatur,
2114 2135 2204 2162 cum
2225 2125 2422 2173 praemitti-

1392 2192 1477 2226 tur:
1498 2190 1701 2225 Bonitutem
1725 2190 1859 2231 fecisti.
1895 2190 1967 2225 lsta
1992 2198 2166 2235 namque
2190 2188 2348 2225 bonitas
2370 2191 2426 2225 est

1393 2251 1604 2299 spiritualis
1621 2251 1777 2297 sanitaS,
1795 2261 1915 2297 quam
1935 2250 1975 2285 in
1993 2250 2110 2286 nobis
2130 2252 2235 2287 creat
2254 2250 2425 2287 increata

1393 2312 1560 2350 bonitas,
1583 2313 1687 2349 Unde
1708 2312 1941 2358 notandum,
1964 2312 2074 2359 quod
2094 2313 2151 2348 est
2174 2311 2331 2349 bonitas
2349 2311 2423 2348 im-

1392 2379 1692 2423 provectorum,
1723 2376 2024 2422 provectorum,
2056 2374 2292 2411 electorum:
2330 2384 2424 2422 qua-

1392 2449 1482 2475 rum
1506 2438 1635 2485 prima
1653 2436 1838 2482 fruimur,
1865 2436 2080 2473 secundam
2106 2436 2325 2484 sequimur,
2346 2438 2423 2472 ter-

1394 2500 1489 2537 tiam
1520 2501 1730 2547 impetrare
1760 2498 1958 2535 molimur.
1998 2500 2048 2535 De
2082 2498 2212 2546 prima
2244 2497 2426 2535 scribitur

1395 2563 1446 2599 ab
1466 2562 1652 2610 Apostolo
1670 2563 1704 2597 7:
1727 2563 1916 2597 «Fructus
1932 2561 2030 2597 lucis
2050 2563 2106 2598 est
2123 2560 2164 2597 in
2185 2561 2293 2597 omni
2312 2560 2426 2597 boni-

1395 2627 1495 2661 tate:
1518 2638 1535 2658 »
1561 2635 1649 2661 ecce
1670 2623 1853 2660 bonitatis
1879 2622 2024 2659 fruitio.
2055 2625 2104 2659 De
2131 2622 2304 2659 secunda
2333 2621 2426 2658 dicit

1396 2685 1726 2733 Psalmographus
1741 2687 1772 2722 3:
1791 2698 1809 2720 «
1828 2684 2087 2722 Detrahebant
2104 2684 2215 2731 mihi,
2237 2684 2426 2732 quoniam

1395 2748 1592 2795 sequebar
1625 2747 1842 2783 bonitatem
1870 2759 1878 2784 z
1907 2760 1926 2782 »
1958 2757 2044 2784 ecce
2078 2745 2262 2783 bonitatis
2290 2756 2426 2793 prose-

1398 2809 1514 2846 cutio.
1537 2811 1587 2846 De
1608 2809 1717 2845 tertia
1736 2807 2280 2857 psallitpropheta⁹:«Visita
2297 2805 2426 2843 nosin

1397 2871 1558 2908 salutari
1576 2874 1655 2917 tuo,
1670 2871 1722 2908 ad
1736 2871 1955 2908 videndum
1967 2871 2007 2908 in
2019 2871 2194 2909 bonitate
2213 2870 2426 2908 electorum

1398 2937 1556 2972 tuorum
1573 2946 1582 2971 ε
1603 2946 1622 2969 »
1647 2943 1735 2970 ecce
1754 2933 1939 2971 bonitatis
1957 2933 2191 2981 impetratio.

1713 3040 1902 3076 Articulus
1919 3038 2104 3075 secundus.

1446 3122 1669 3160 Secundum
1690 3125 1820 3160 autem
1845 3124 2091 3170 subnotatur,
2111 3132 2203 3161 cum
2221 3123 2422 3162 subditur:

1402 3184 1488 3220 Cum
1507 3195 1604 3222 servo
1626 3190 1706 3231 tuo,
1727 3187 1919 3233 quantum
1941 3186 1994 3222 ad
2021 3186 2105 3234 ejtis
2129 3185 2307 3233 spiritum
2325 3184 2426 3222 sani-

1401 3247 1466 3284 tati
1479 3248 1692 3285 redditum.
1713 3250 1755 3285 Et
1773 3250 1867 3286 nota
1885 3259 2043 3286 servum
2061 3247 2268 3296 triplicem,
2283 3245 2425 3294 triplici

1443 3352 1449 3368 ¹
1473 3349 1545 3391 Job‚
1569 3358 1692 3391 xxxvi,
1719 3352 1772 3382 22.
1795 3367 1835 3374 -
1859 3351 1872 3371 ²
1890 3350 1973 3391 Jac.,
1994 3357 2040 3390 ιν,
2062 3350 2112 3382 12.
2134 3365 2175 3371 -
2198 3348 2213 3370 ⁸
2229 3347 2319 3381 Psat.
2344 3347 2422 3390 hoc,

1399 3398 1451 3428 62.
1477 3415 1519 3421 —
1543 3398 1553 3416 ⁴
1575 3397 1672 3437 ibid„
1699 3398 1749 3429 26.
1770 3413 1811 3421 —-
1840 3397 1850 3415 ⁵
1876 3396 1974 3436 ibid„
2000 3397 2070 3428 124.
2093 3412 2133 3417 -
2162 3395 2174 3414 ‘³'
2194 3394 2291 3434 thid..
2312 3396 2363 3428 68.
2383 3413 2425 3420 —-

1401 3445 1409 3463 ⁷
1429 3445 1565 3485 Ephes„
1588 3453 1622 3484 v,
1644 3447 1674 3477 9.
1688 3462 1729 3468 -—
1749 3446 1760 3464 ⁸
1777 3443 1872 3478 Psal.
1893 3450 2024 3484 xxxvn,
2045 3444 2099 3475 21.
2118 3460 2159 3466 —
2177 3444 2188 3461 ⁹
2204 3443 2297 3475 Psal.
2317 3451 2371 3485 cv,
2391 3446 2422 3476 5.

1444 3504 1486 3544 (a)
1509 3506 1588 3536 Coet.
1608 3504 1688 3536 edit.
1708 3514 1786 3546 qua.

2455 831 2541 861 Tetti.

2479 1078 2536 1106 lud.
