2633 3878
900 213 952 254 IN
981 213 1362 256 HEXAEMERON.
1394 213 1570 256 SERMo
1601 214 1741 257 XVlll.

244 309 416 350 lestium
444 307 675 361 spirituum
711 304 1068 355 sublimatorum3
1104 303 1206 345 hinc
1234 304 1280 345 in

247 381 415 424 Psalmo
429 380 584 422 dicitur
601 381 611 404 ¹
629 392 639 420 ε
663 394 683 418 «
697 376 950 420 Illuminans
966 379 1015 417 tu
1031 376 1281 417 mirabiliter

246 467 273 495 a
306 453 523 495 montibus
561 451 756 501 aeternis,
785 463 804 487 »
846 451 924 490 etc.
969 450 1030 490 De
1071 448 1281 500 fructibus

249 525 392 574 terroe,
426 525 637 576 quantum
674 521 727 563 ad
757 519 1136 562 considerationem
1167 519 1278 559 divi-

247 607 402 635 narum
424 593 826 635 condescensionum
848 592 892 633 in
910 590 1131 632 ordinibus
1149 590 1280 632 eccle-

247 665 528 706 siasticorum.
558 665 615 707 De
632 663 905 718 plenitudine
930 663 1037 715 ejus,
1069 665 1281 716 quantum

247 737 297 777 ad
320 736 664 790 conjunctionem
695 736 918 789 utriusque
944 734 1140 776 Ecclesiae
1167 734 1278 774 mili-

246 808 372 848 tantis
389 839 400 858 ‚
447 810 488 848 et
530 807 833 860 triumphantis
855 839 866 857 ‚
896 807 1110 860 quomodo
1137 806 1248 847 Deus
1267 807 1281 828 ²

250 894 270 918 «
292 880 430 931 posuit
454 879 586 920 finem
616 881 710 932 ejus
737 891 882 931 pacem
908 893 917 919 z
949 892 968 915 ›)
1001 878 1110 931 quod
1141 877 1278 918 decla-

245 950 356 991 rabit
375 949 481 991 sicut
501 951 677 991 flumen.
695 949 764 990 Sic
779 961 884 1002 ergo
903 949 981 990 iste
994 950 1154 1009 fructus
1174 952 1237 990 est
1256 961 1281 990 a

245 1020 407 1062 Christo
433 1021 610 1075 triplex,
643 1021 745 1075 quia
771 1020 889 1062 ,Iesus
922 1020 1113 1062 Christus
1149 1020 1282 1062 Filius

244 1091 312 1133 Dei
331 1107 341 1143 3
362 1092 464 1145 quia
481 1092 618 1144 Jesus,
634 1093 687 1133 ab
702 1092 794 1146 ipso
808 1092 970 1133 fructus
987 1092 1158 1145 gratiae3
1180 1092 1282 1145 quia

244 1163 457 1214 Christus,
479 1165 642 1206 fructus
666 1163 868 1217 justitiae;
899 1164 1000 1217 quia
1032 1163 1164 1205 Filius
1183 1163 1278 1214 Dei,

243 1236 406 1277 fructus
450 1235 683 1289 sapientiae.
730 1234 885 1276 Omnes
929 1235 1044 1276 enim
1089 1236 1278 1277 conside-

243 1308 430 1349 rationes
467 1320 492 1348 a
530 1307 693 1348 Christo
731 1309 857 1358 sunt,
896 1309 938 1348 et
976 1307 1029 1348 ad
1067 1307 1280 1349 Christum

242 1379 520 1421 reducuntur.
538 1379 582 1420 Si
596 1378 835 1420 consideras
854 1378 1023 1420 interna
1042 1379 1280 1432 spectacula

242 1450 474 1502 luminum,
493 1451 545 1492 ad
561 1450 775 1490 Christum
795 1450 1006 1492 reducunt
1020 1453 1075 1492 te.
1095 1451 1139 1492 Si
1157 1452 1280 1493 venis

242 1523 295 1564 ad
327 1523 545 1577 exempla,
581 1534 804 1563 summum
833 1523 1052 1576 exemplar
1083 1524 1280 1564 omnium

242 1594 450 1635 virtutum
471 1593 660 1634 invenies
689 1593 735 1632 in
756 1592 946 1644 Christo;
973 1594 1009 1634 si
1029 1595 1280 1647 patientiam

240 1666 480 1707 consideras
500 1665 592 1717 Job,
626 1668 764 1720 major
791 1668 853 1707 cst
885 1666 1040 1707 Christi
1059 1667 1274 1720 patientia.

240 1738 254 1760 ³
280 1753 299 1776 «
320 1736 571 1778 Patientiam
591 1737 669 1779 Job
689 1738 880 1789 audistis,
902 1740 944 1778 et
957 1738 1088 1779 finem
1109 1738 1279 1780 Domini

239 1810 417 1861 vidistis,
439 1823 459 1847 ›)
483 1809 581 1849 dicit
608 1809 693 1851 ille.
730 1808 869 1851 Stellae
893 1809 1010 1851 enim
1040 1810 1148 1851 nihil
1179 1814 1280 1852 suut

240 1881 286 1921 in
305 1881 620 1934 comparatione
635 1882 748 1922 solis.
771 1881 816 1923 Si
830 1882 882 1922 ad
906 1882 1086 1935 praemia
1101 1885 1276 1935 aeterna,

239 1952 333 1994 haec
351 1964 437 1993 non
463 1952 717 1993 habebimus
735 1952 817 1993 nisi
840 1965 916 2006 per
941 1952 1173 2005 Christum,
1203 1955 1279 2007 qui

239 2024 300 2063 ait
318 2023 332 2045 a
355 2035 365 2064 :
393 2037 412 2062 α
432 2022 532 2064 Haec
551 2027 614 2064 est
636 2024 725 2065 vita
745 2026 920 2075 aeterna,
953 2028 1002 2065 ut
1021 2028 1279 2077 cognoscant

238 2097 280 2136 te
296 2095 451 2147 solum,
473 2109 493 2133 n
519 2098 598 2136 etc.
632 2095 678 2136 Si
703 2096 754 2137 de
782 2096 1005 2137 tormentis
1034 2109 1044 2138 ε
1075 2097 1158 2138 nisi
1184 2110 1277 2139 ma—

237 2179 319 2208 nus
342 2167 511 2208 Domini
530 2170 571 2208 te
591 2169 748 2218 teneat,
771 2179 859 2208 non
877 2167 1140 2209 liberaberis.
1168 2171 1278 2210 Puer

237 2240 370 2292 enim,
393 2240 428 2281 si
447 2240 595 2281 timeat
623 2240 771 2281 cadere
800 2240 845 2280 in
866 2240 1166 2294 praecipitium,
1198 2253 1273 2294 op-

237 2311 339 2352 time
371 2323 415 2352 se
446 2313 562 2352 tenet
596 2311 649 2352 ad
680 2314 860 2352 matrem
893 2323 903 2352 :
938 2311 1021 2352 nisi
1051 2312 1169 2353 enim
1200 2325 1277 2366 per

169 2422 175 2427 ,
237 2381 389 2422 Christi
402 2382 659 2434 sanguinem
672 2383 877 2424 liberatus
892 2383 1041 2434 fueris,
1060 2395 1148 2424 non
1164 2386 1277 2436 potc-

237 2452 296 2492 ris
315 2452 486 2494 salvari.
509 2452 553 2494 Si
581 2453 821 2494 consideras
841 2457 1053 2507 praecepta
1072 2455 1085 2476 ⁵
1111 2467 1121 2495 :
1149 2470 1168 2494 ε(
1187 2455 1276 2496 Hoc

237 2524 301 2563 est
317 2526 576 2576 praeceptum
585 2536 744 2575 meum,
762 2527 812 2565 ut
829 2525 1016 2577 diligatis
1035 2526 1232 2574 invicem.
1250 2540 1269 2563 »

238 2592 281 2634 Si
313 2593 365 2634 de
396 2594 585 2646 J'udicio:
620 2593 811 2636 Christus
837 2596 1029 2648 ,iudicare
1058 2597 1198 2648 habet,
1234 2600 1276 2638 et

237 2664 351 2706 hunc
360 2664 540 2706 libenter
555 2666 759 2707 debemus
771 2667 879 2708 velle
896 2668 1054 2709 habere
1063 2669 1270 2721 judicem,

235 2735 336 2789 quia
353 2748 431 2777 nos
453 2736 595 2789 diligit
614 2750 624 2789 ;
646 2737 758 2779 unde
778 2738 982 2780 debemus
1002 2739 1083 2780 sibi
1103 2740 1239 2782 dicere
1258 2753 1269 2781 :

236 2806 426 2859 Domine,
447 2807 574 2849 debes
592 2821 670 2850 nos
686 2809 892 2862 judicare,
915 2811 987 2853 sed
1006 2812 1084 2864 fac,
1106 2815 1153 2853 ut
1173 2825 1270 2854 san-

235 2878 334 2931 guis
353 2882 455 2920 tuus
473 2879 698 2922 satisfaciat
717 2893 794 2934 pro
813 2882 950 2924 nobis.
971 2882 1016 2924 Si
1031 2884 1272 2926 consideras

235 2948 382 2990 solatia
401 2962 549 2991 severa
576 2951 622 2992 in
641 2952 821 3004 Christo,
851 2965 939 2994 non
971 2955 1175 2996 videntur
1195 2968 1271 3009 per

234 3019 354 3061 illum
376 3021 565 3074 modum,
589 3023 698 3065 sicut
716 3024 759 3064 in
786 3024 892 3075 aliis,
915 3026 987 3067 sed
1009 3039 1083 3080 per
1101 3027 1236 3069 alium
1257 3041 1267 3068 :

232 3092 336 3146 quia
358 3092 438 3132 sibi
468 3105 691 3148 nunquam
719 3095 956 3149 periculosa
973 3097 1162 3150 fuerunt,
1193 3111 1270 3140 nec

231 3163 480 3217 temporalia
497 3165 646 3207 solatia
661 3167 826 3208 habuit.
848 3167 1013 3209 Miscuit
1030 3169 1146 3210 enim
1165 3182 1268 3212 cum

233 3234 394 3276 solatiis
426 3236 780 3288 amaritudinem,
815 3250 914 3279 cum
942 3239 1143 3283 fruitione
1174 3256 1267 3296 poe-

231 3319 333 3348 nam
354 3321 364 3348 :
387 3307 532 3349 anima
552 3308 668 3350 enim
689 3311 797 3363 ejus,
817 3322 913 3364 quae
940 3312 1060 3353 unita
1079 3317 1271 3359 eshsem-

232 3390 308 3431 per
338 3379 564 3431 divinitati,
591 3393 761 3423 summe
791 3382 1041 3435 delectatum
1065 3388 1104 3427 et
1127 3389 1270 3429 tamen

279 3488 286 3506 ¹
311 3488 397 3521 Psal.
420 3497 521 3529 Lxxv,
543 3491 575 3522 5.
594 3508 636 3514 —
657 3491 669 3510 ²
691 3491 783 3524 Psal.
804 3500 934 3533 cxnvn,
957 3494 1007 3525 14.
1028 3510 1067 3517 —
1090 3494 1105 3516 ³
1127 3496 1211 3536 Jac.‚
1234 3505 1269 3538 v,
1292 3509 1299 3515 ·

239 3537 286 3568 10.
303 3553 344 3560 -
361 3537 372 3555 ⁴
392 3538 500 3579 Joan„
525 3545 612 3579 xvn,
640 3542 670 3572 3.
695 3557 730 3562 -
755 3541 769 3563 ⁵
787 3541 897 3582 loun„
922 3548 978 3581 xv,
1008 3543 1058 3574 11.
1080 3559 1122 3565 —
1146 3543 1158 3561 (-
1177 3543 1268 3576 Psal.

2315 222 2390 259 117

1355 304 1443 357 ipse
1474 304 1644 345 miscuit
1677 305 2005 348 amaritudinem
2023 338 2033 357 ‚
2073 309 2363 361 paupertatem
2377 338 2390 357 ,

1355 388 1542 427 crucem,
1564 378 1605 417 et
1624 388 1647 417 e
1666 388 1871 418 converso
1892 378 2059 420 miscuit
2078 379 2227 420 solatia
2249 378 2293 419 in
2313 378 2391 419 fla-

1357 447 1495 499 gellis,
1518 447 1562 487 in
1582 448 1739 501 quibus
1757 460 1924 489 summe
1945 450 2240 491 delectabatur.
2271 449 2391 491 Unde

1355 517 1436 559 hoc
1456 519 1671 572 exemplo,
1695 519 1739 559 in
1758 520 2041 561 consolatione
2057 522 2311 574 jungendus
2329 523 2392 562 est

1355 590 1498 642 timor,
1516 593 1555 631 et
1566 591 1610 631 in
1626 590 2079 644 tristitiaJungendum
2091 595 2153 633 est
2164 593 2362 634 solatium
2378 607 2387 634 t

1355 663 1550 715 exemplo
1571 663 1683 703 beati
1703 663 1933 714 Francisci‚
1957 663 2031 716 qui
2052 664 2221 716 qnando
2238 665 2387 705 offere-

1355 733 1481 774 batur
1500 734 1576 775 sibi
1597 735 1748 786 honor,
1772 735 1935 776 dicebat
1951 735 2064 776 socio
2084 747 2176 786 suo,
2199 737 2311 789 quod
2332 737 2390 777 ibi

1355 809 1475 848 erant
1491 807 1551 847 nil
1579 807 1729 848 lucrati
1746 822 1755 858 ;
1789 807 1861 848 sed
1881 807 2052 860 quando
2071 807 2300 861 recipiebat
2321 808 2391 847 vi-

1354 879 1522 932 tuperia
1538 911 1548 929 ‚
1587 884 1688 920 tunc
1720 879 1980 920 lucrabatur.
2017 878 2062 920 Si
2100 879 2338 920 consideres
2369 892 2392 920 e

1355 950 1512 992 directo
1533 951 1583 991 ad
1605 951 1764 991 civium
1785 951 1995 1004 praesidia,
2020 950 2252 991 Hierarcha
2274 951 2390 1003 prin-

1354 1022 1502 1075 cipalis
1522 1022 1713 1063 Christus
1734 1025 1797 1063 est
1817 1037 1826 1063 z
1850 1023 1884 1062 si
1904 1022 1955 1063 de
1975 1035 2140 1075 pugna,
2162 1024 2203 1063 et
2231 1021 2390 1075 angeli,

1355 1097 1396 1135 et
1416 1094 1548 1135 sancti
1568 1096 1738 1148 ,iuvant
1771 1094 1889 1136 Unde
1909 1095 2105 1138 Psalmus
2124 1096 2138 1117 ⁶
2155 1107 2168 1136 .·
2194 1110 2213 1133 «
2237 1095 2393 1137 Levavi

1354 1165 1500 1207 oculos
1519 1177 1637 1207 meos
1655 1166 1702 1207 in
1722 1170 1903 1218 montes,
1922 1181 1941 1204 ›>
1965 1169 2042 1207 etc.
2067 1166 2316 1219 Principalis
2335 1169 2394 1208 ta-

1355 1251 1454 1279 men
1475 1240 1691 1292 pugnator
1705 1238 1825 1280 JESUS
1839 1241 1915 1289 est,
1934 1238 2048 1279 unde
2061 1237 2162 1279 alibi
2177 1238 2333 1280 dicitur
2349 1237 2363 1260 ⁷
2380 1254 2388 1279 :

1361 1325 1380 1349 «
1400 1309 1681 1350 Provideham
1704 1309 1936 1350 Dominum
1961 1309 2007 1348 in
2038 1312 2265 1362 conspectu
2297 1320 2393 1349 meo

1355 1392 1537 1434 semper,
1560 1380 1762 1434 quoniam
1775 1393 1801 1421 a
1819 1379 1980 1421 dextris
1999 1380 2062 1420 est
2077 1379 2196 1430 mihi,
2213 1390 2267 1419 ne
2280 1390 2392 1419 com-

1355 1464 1585 1494 movear.»
1623 1451 1728 1493 Item
1757 1451 1802 1492 in
1837 1452 1957 1494 Actis
1977 1453 1991 1475 ⁸
2013 1463 2027 1492 .·
2069 1449 2236 1492 «Video
2266 1450 2393 1491 coelos

1354 1526 1535 1577 apertos,
1558 1540 1576 1562 n
1602 1526 1681 1564 etc.
1703 1523 1749 1565 Si
1770 1526 1912 1564 autem
1934 1523 2173 1564 consideras
2192 1522 2286 1562 haec
2305 1533 2393 1562 om-

1353 1595 1439 1646 nia,
1463 1595 1642 1636 veniunt
1658 1595 1708 1636 de
1721 1595 1818 1636 sede
1837 1595 1962 1636 Deiet
1981 1595 2098 1648 agni.
2131 1593 2303 1643 «Vidi,»
2322 1593 2392 1635 in-

1353 1668 1445 1721 quit
1464 1668 1647 1709 Joannes
1662 1668 1676 1690 ⁹
1696 1667 1741 1708 in
1759 1667 2036 1721 Apocalypsi,
2059 1683 2079 1706 ι(
2092 1666 2277 1707 fluvium
2297 1677 2392 1719 pro·

1353 1741 1573 1782 cedentem
1593 1741 1644 1782 de
1663 1740 1774 1790 sede,
1796 1754 1815 1777 »
1845 1742 1924 1780 etc.
1947 1739 1990 1780 Si
2014 1739 2252 1780 consideres
2272 1738 2390 1791 figu-

1352 1824 1501 1853 rarum
1517 1813 1656 1864 signa,
1673 1811 1820 1853 omnia
1833 1811 2079 1852 referuntur
2093 1811 2145 1852 ad
2157 1810 2388 1860 Christum,

1352 1887 1393 1925 et
1424 1885 1552 1926 etiam
1584 1887 1684 1926 sunt
1715 1885 1912 1934 obscura,
1947 1883 2028 1924 nisi
2064 1883 2286 1924 solvantur
2316 1894 2393 1935 per

1353 1955 1584 2008 Christum3
1620 1956 1736 1998 unde
1764 1968 1913 1997 omnes
1945 1955 2301 1997 considerationes
2320 1967 2390 1995 re-

1353 2028 1531 2070 mittunt
1549 2029 1602 2070 ad
1616 2029 1843 2070 Christum.
1859 2028 1897 2069 A
1911 2027 2074 2069 Christo
2088 2039 2192 2079 ergo
2207 2030 2270 2068 est
2286 2028 2392 2067 fruc-

1352 2103 1421 2141 tus
1449 2100 1601 2152 gratiae
1632 2100 1922 2154 quadruplicis
1955 2114 1963 2140 :
1991 2098 2177 2140 stabilire
2200 2099 2390 2139 animam

1351 2184 1425 2226 per
1439 2173 1582 2223 fidem3
1604 2172 1865 2212 sanctificare
1879 2183 1955 2225 per
1966 2171 2164 2212 divinum
2179 2183 2386 2222 amorem;

1351 2256 1525 2285 sursum
1544 2244 1654 2285 ferre
1673 2255 1750 2297 per
1779 2255 1922 2297 spem3
1957 2243 2161 2284 inclinare
2186 2255 2262 2295 per
2279 2242 2389 2284 divi-

1350 2328 1457 2356 num
1475 2316 1687 2357 timorem.
1712 2316 1769 2356 De
1788 2315 1927 2369 primo
1947 2315 2172 2368 Apostolus
2192 2315 2221 2340 ¹0
2234 2326 2248 2356 .·
2271 2330 2290 2354 (ι
2304 2314 2386 2369 Op-

1349 2387 1504 2428 timum
1526 2391 1589 2428 est
1609 2387 1749 2440 gratia
1775 2387 1961 2428 stabilire
1987 2399 2079 2438 cor,
2108 2399 2195 2428 non
2214 2387 2332 2428 escis.
2363 2402 2383 2425 ))

1349 2458 1486 2500 Judaei
1500 2459 1768 2501 stabiliebant
1784 2472 1828 2500 se
1842 2472 1969 2512 super
1986 2471 2114 2501 escas.
2134 2460 2189 2501 De
2204 2459 2388 2501 secundo

1350 2529 1503 2571 Petrus
1522 2531 1627 2571 dixit
1641 2531 1667 2553 ¹¹
1691 2531 1900 2585 «Propter
1919 2531 2033 2585 quod
2050 2531 2251 2572 succincti
2270 2531 2388 2572 lum-

1350 2601 1426 2643 bos
1441 2602 1596 2643 mentis
1613 2605 1781 2654 vestrae,
1801 2603 1946 2654 sobrii,
1967 2603 2147 2656 perfecte
2167 2605 2330 2656 sperate
2342 2603 2387 2644 in

1348 2685 1442 2714 eam
1457 2706 1468 2725 ,
1499 2686 1597 2727 quae
1634 2675 1811 2716 offertur
1842 2674 1980 2725 vobis,
2010 2675 2192 2727 gratiam
2205 2707 2217 2726 ,
2249 2690 2267 2713 »
2305 2677 2383 2716 etc.

1348 2744 1630 2788 Sanctificatio
1652 2747 1764 2788 enim
1793 2750 1856 2788 est
1886 2747 1931 2788 in
1961 2759 2035 2798 eo,
2071 2748 2184 2801 quod
2208 2747 2387 2790 virtutes

1348 2818 1582 2869 cognitivae
1593 2821 1634 2859 et
1653 2819 1868 2870 amativae,
1889 2831 1985 2872 quae
2004 2823 2103 2861 sunt
2115 2819 2252 2861 lumbi
2271 2831 2386 2860 men-

1347 2888 1415 2939 tis,
1437 2891 1755 2932 transferuntur
1773 2891 1819 2932 in
1838 2891 1988 2933 Deum.
2013 2892 2070 2933 De
2088 2893 2211 2933 tertio
2231 2892 2289 2934 ad
2311 2892 2382 2934 Ti-

1346 2964 1436 3003 tum
1455 2961 1678 3004 (licitur¹²:
1701 2977 1720 3001 «
1734 2963 1957 3004 Justificati
1970 2964 2110 3016 gratia
2127 2964 2277 3017 ipsius,
2299 2964 2386 3004 hae-

1346 3033 1466 3074 redes
1483 3046 1635 3074 sumus
1655 3035 1890 3076 secundum
1909 3048 2027 3088 spem
2041 3036 2142 3077 vitae
2153 3038 2339 3077 aeternae.
2357 3049 2377 3073 n

1346 3104 1398 3146 Et
1418 3104 1568 3146 Petrus
1590 3106 1618 3131 ¹³
1636 3120 1646 3147 ε
1669 3121 1689 3145 «
1707 3105 1959 3148 Benedictus
1976 3107 2085 3149 Deus
2104 3111 2145 3149 et
2165 3111 2282 3161 pater
2302 3107 2381 3149 Do-

1346 3177 1454 3218 mini
1473 3178 1607 3219 nostri
1627 3178 1722 3220 JESU
1741 3179 1918 3232 Cnnisri,
1941 3182 2015 3235 qui
2035 3181 2270 3222 secundum
2291 3193 2384 3222 ma-

1347 3260 1480 3300 gnam
1507 3249 1841 3291 mise1icordiam
1862 3264 1983 3292 suain
2015 3252 2286 3304 regeneravit
2305 3265 2382 3294 nos

1346 3319 1390 3360 in
1409 3332 1527 3374 spem
1547 3321 1707 3363 vivam.
1730 3336 1749 3360 n
1773 3321 1831 3363 De
1851 3325 2003 3376 quarto
2023 3323 2123 3364 dicit
2141 3323 2385 3377 'Ecclesias-

1346 3460 1426 3495 CXX,
1446 3456 1475 3486 1.
1494 3470 1534 3478 —
1554 3455 1564 3473 ⁷
1585 3455 1677 3486 Psal.
1698 3462 1756 3495 xv,
1773 3455 1806 3486 8.
1824 3472 1865 3482 α·-
1882 3456 1893 3474 ⁸
1911 3455 2000 3495 Act„
2022 3463 2082 3496 vn,
2103 3458 2155 3489 55.
2173 3473 2213 3480 —
2234 3457 2246 3476 ⁰
2267 3458 2381 3499 Apoc„

1345 3508 1437 3542 xxu,
1463 3504 1493 3533 1⁷1.
1522 3519 1561 3525 -
1588 3502 1748 3542 ¹⁰Iieb1·.,
1776 3511 1861 3543 xm,
1883 3505 1913 3535 9.
1935 3521 1976 3527 --
2007 3505 2029 3527 ¹¹
2055 3505 2063 3536 Ι
2087 3505 2191 3545 Ρεεν.,
2216 3507 2318 3546 1,13.
2345 3523 2379 3528 -

1352 3548 1376 3570 ¹²
1399 3549 1474 3587 Tit„
1498 3557 1550 3590 ιιι,
1574 3552 1604 3581 7.
1624 3567 1663 3573 -
1683 3552 1705 3569 ¹³
1725 3551 1733 3582 l
1756 3551 1861 3592 Petra,
1877 3559 1902 3592 1,
1926 3553 1956 3584 3.

2411 684 2440 708 S.
2463 684 2552 709 Fran-

2411 724 2478 750 cisci
2494 723 2553 751 dic-

2411 768 2471 791 tum
2496 772 2550 791 no-

2411 806 2542 834 tandum.
