2633 3878
145 346 239 375 entia-

115 399 181 418 rum
195 392 238 419 ori
245 406 254 413 -

132 441 169 468 go
183 437 228 461 est

137 475 238 502 Chris-

112 517 170 544 tus.

974 243 1027 286 IN
1051 241 1435 286 HEXAEMERON.
1467 243 1642 289 SERMO
1672 246 1724 288 II.

276 346 401 377 suum
421 334 631 388 originale
658 332 930 388 principium.
952 332 1072 375 Hanc
1097 333 1310 376 reversio-

276 421 372 450 nem
394 410 435 450 et
455 405 796 462 conjunctionem
817 407 1041 446 conservat
1060 404 1280 447 humilitas
1298 438 1308 457 ,

275 483 317 522 et
335 480 527 523 dissolvit
546 477 761 532 superbia,
786 477 887 531 quia
906 477 918 500 ¹
948 492 966 516 a
986 477 1098 518 Deus
1118 477 1312 531 superbis

275 553 432 594 resistit
452 584 466 603 ,
498 549 735 592 humilibus
770 551 914 590 autem
960 548 1030 590 dat
1067 549 1305 602 gratiam.»

277 623 459 665 Humilis
480 621 623 663 omnia
641 621 753 661 bona
779 619 975 661 attribuit
995 632 1072 661 suo
1111 620 1312 673 originali

272 695 506 748 principi03
540 692 749 747 superbus
782 691 974 733 attribuit
1004 692 1098 732 sibi.
1129 691 1311 734 Humilis

271 766 547 808 continuatur
567 777 666 806 cum
685 776 762 805 sua
782 763 949 816 origine
967 778 977 812 ;
999 764 1208 817 superbus
1223 765 1310 806 dis-

273 839 564 880 continuatur.
598 836 764 878 Lucifer
788 836 989 877 recedens
1020 848 1045 876 a
1071 848 1148 877 suo
1174 836 1311 889 origi-

270 910 358 951 nali
391 909 626 964 principio,
658 907 883 949 tenebrifer
909 907 1044 948 factus
1066 910 1148 958 est;
1188 908 1308 949 Chri-

271 984 384 1023 stum
400 1014 411 1033 ,
446 981 520 1035 qui
541 992 710 1034 semper
739 992 784 1020 se
804 979 974 1020 reduxit
993 991 1068 1032 per
1089 979 1310 1021 humilita-

269 1055 358 1094 tem
379 1053 423 1093 in
443 1065 568 1094 suum
588 1051 801 1104 originale
835 1050 1116 1105 principium,
1149 1051 1310 1093 clarifi-

269 1125 381 1166 cavit
410 1124 548 1165 Pater.
595 1123 798 1174 «Quanto
827 1124 965 1176 major
1012 1135 1081 1175 es,
1128 1123 1311 1166 humilia

269 1198 311 1238 te
331 1196 375 1237 in
401 1196 623 1245 omnibus,
652 1199 694 1236 et
713 1206 857 1236 coram
884 1194 969 1236 Deo
990 1195 1182 1236 invenies
1207 1208 1306 1248 gra-

269 1268 386 1320 tiam,
408 1283 427 1307 »
444 1268 543 1310 dicit
564 1267 892 1310 Ecclesiasticus
908 1271 936 1307 2.
951 1281 969 1305 >³
989 1265 1033 1308 Si
1052 1279 1130 1308 rex
1140 1267 1310 1310 ditasset

269 1340 476 1394 aliquem,
500 1343 540 1381 et
558 1340 629 1381 ille
654 1340 784 1380 nollet
802 1351 1107 1392 recognoscere
1122 1372 1134 1391 ,
1155 1340 1307 1382 infide-

268 1411 456 1453 lissimus
477 1414 518 1452 et
540 1411 859 1464 ingratissimus
880 1414 1002 1452 esset.
1024 1411 1167 1465 Aliqui
1186 1412 1308 1453 exal-

268 1484 342 1525 tati
362 1496 438 1538 per
466 1484 622 1535 Deum,
645 1483 877 1536 eriguntur
896 1485 1042 1524 contra
1062 1483 1218 1535 Deum,
1243 1484 1307 1524 di-

267 1558 410 1597 centes
442 1556 456 1578 ³
483 1566 493 1595 z
529 1555 717 1596 «Manus
752 1556 896 1595 nostra
930 1555 1122 1607 excelsa,
1152 1560 1193 1596 et
1220 1568 1308 1597 nou

267 1627 489 1676 Dominus,
515 1627 611 1668 fecit
630 1627 724 1667 haec
744 1627 903 1668 omnia.
923 1641 942 1664 »

313 1698 506 1740 Secunda
517 1697 753 1740 differentia
761 1710 864 1738 usus
878 1697 1030 1750 gratiae
1043 1699 1120 1749 est,
1132 1697 1308 1752 quiade-

266 1771 337 1812 bet
350 1783 440 1812 esse
450 1770 584 1812 virilis
593 1770 638 1811 in
653 1782 710 1811 se.
728 1785 747 1809 α
761 1769 1001 1823 *Optimum
1010 1772 1073 1810 est
1087 1770 1200 1811 enim
1213 1783 1309 1823 gra-

266 1842 326 1883 tia
345 1843 520 1884 stabiliri
541 1855 628 1894 cor,
651 1855 739 1884 non
758 1843 884 1894 escis,
908 1854 1005 1896 quae
1026 1855 1114 1884 non
1141 1843 1308 1897 profue-

266 1917 368 1956 runt
389 1915 707 1957 ambulantibus
728 1916 771 1956 in
792 1915 868 1957 eis.
889 1930 908 1953 ))
936 1915 1014 1966 Qui
1033 1916 1129 1958 vult
1148 1917 1306 1959 habere

265 1986 441 2028 brachia
471 1987 615 2039 fortia,
639 1990 805 2042 oportet
836 1988 950 2042 quod
971 1991 1166 2029 exerceat
1185 2001 1229 2030 se
1258 1989 1305 2030 in

265 2059 465 2112 operibus
486 2059 714 2100 virtutum.
748 2059 868 2101 Unde
887 2059 1116 2113 Apostolus
1142 2060 1201 2101 sic
1234 2061 1304 2102 in-

264 2130 358 2183 quit
376 2131 389 2152 ⁵
413 2145 422 2170 :
451 2130 633 2171 «Gratia
658 2131 732 2172 Dei
764 2143 862 2173 sum
892 2132 935 2172 id
966 2132 1081 2185 quod
1111 2144 1236 2184 sum,
1264 2135 1306 2174 et

264 2202 406 2254 gratia
424 2203 519 2256 eJus
541 2203 588 2243 in
620 2215 688 2244 me
708 2216 847 2246 vacua
873 2216 961 2245 non
989 2204 1082 2245 fuit.
1105 2219 1124 2242 ›>
1151 2203 1302 2258 Sequi-

263 2273 335 2313 tur
357 2285 367 2314 :
395 2273 737 2316 «Abundantius
758 2274 841 2315 illis
868 2274 1067 2316 omnibus
1083 2275 1300 2326 laboravi3

262 2355 350 2385 non
381 2357 491 2398 ego,
520 2346 593 2387 sed
623 2346 763 2399 gratia
803 2346 877 2388 Dei
909 2359 1093 2388 mecum.
1118 2362 1137 2385 n
1166 2346 1300 2399 Vide,

263 2427 394 2469 quam
413 2417 628 2459 virtuosos
651 2417 751 2459 facit
781 2418 922 2470 gratia
944 2417 1128 2472 Spiritus
1151 2420 1299 2462 sancti.

269 2485 449 2529 Samson
479 2489 700 2542 capillatus
729 2490 985 2532 fortissimus
1011 2492 1092 2533 fuit
1120 2492 1133 2514 ⁶
1164 2507 1173 2533 :
1210 2508 1230 2532 «
1254 2493 1303 2534 ln

269 2562 430 2612 septem
465 2561 664 2614 capillis»
704 2561 906 2603 fortitudo
941 2564 1058 2616 eJus,
1095 2563 1228 2605 idest
1256 2565 1302 2606 in

267 2632 499 2686 septiformi
516 2634 655 2686 gratia
670 2633 853 2688 Spiritus
873 2635 1025 2686 sancti3
1043 2636 1213 2688 quando
1232 2649 1301 2679 ve-

265 2715 315 2745 ro
333 2706 525 2746 attonsus
557 2710 618 2746 est
640 2717 716 2759 per
734 2705 935 2757 Dalilam,
969 2706 1106 2748 factus
1125 2711 1187 2749 est
1217 2708 1298 2750 im-

263 2775 423 2818 becillis
442 2809 454 2829 ,
485 2777 595 2819 sicut
623 2778 764 2819 caeteri
798 2777 1010 2820 homines.
1046 2778 1125 2821 Des
1161 2792 1300 2823 unum

264 2848 353 2890 sine
375 2849 515 2902 gratia
534 2883 544 2902 ,
566 2850 640 2904 qui
659 2850 793 2904 possit
819 2850 1027 2893 sustinere
1051 2852 1165 2905 quod
1191 2852 1300 2895 Lau-

261 2921 425 2962 rentius
444 2922 663 2963 sustinuit.
680 2921 795 2963 Nihil
811 2934 1042 2975 possumus
1054 2923 1191 2965 facere
1209 2925 1299 2967 sine

263 2992 402 3044 gratia
418 3007 428 3043 ;
445 2993 555 3034 nihil
570 2993 629 3034 ita
648 2993 828 3044 durum,
851 2995 963 3047 quod
979 3007 1066 3036 non
1085 2996 1298 3049 possimus

261 3063 470 3105 sustinere
495 3077 594 3106 cum
622 3065 774 3118 gratia.
804 3080 822 3103 α
843 3064 943 3106 Sine
974 3078 1044 3108 me
1077 3067 1184 3108 nihil
1217 3080 1296 3122 po-

259 3135 380 3176 testis
399 3136 556 3189 facere,
572 3151 590 3175 »
616 3137 716 3178 dicit
736 3137 967 3180 Christus⁷.
993 3153 1012 3177 «
1030 3138 1184 3180 Omnia
1201 3152 1298 3193 pos-

261 3220 357 3249 sum
376 3208 423 3250 in
442 3221 492 3251 eo
509 3241 522 3261 ‚
554 3209 630 3264 qui
651 3222 721 3252 me
742 3210 951 3252 confortat
968 3243 978 3263 ,
999 3227 1018 3250 n
1045 3211 1148 3254 dicit
1178 3213 1293 3267 Apo-

260 3280 394 3322 stolus
414 3284 445 3324 ⁸.

313 3352 454 3396 Tertio
479 3366 584 3396 usus
611 3354 764 3408 gratiae
790 3354 914 3396 debet
933 3367 1026 3397 esse
1043 3355 1229 3398 liberalis
1250 3357 1295 3399 in

301 3489 307 3507 ¹
325 3489 407 3529 Jac.‚
429 3496 476 3530 1v,
497 3490 527 3522 6.
544 3505 586 3512 -
605 3489 616 3508 ²
636 3488 754 3528 Eccli„
776 3496 829 3530 111,
849 3491 901 3521 20.
922 3507 957 3512 —
982 3490 993 3509 ³
1008 3490 1159 3531 Denton,
1177 3498 1293 3532 xxxu,

255 3537 307 3568 27.
322 3553 363 3560 —
381 3536 393 3556 ⁴
416 3536 530 3576 Hebr„
550 3544 629 3576 xm,
648 3539 679 3569 9.
695 3554 735 3561 —-
755 3538 765 3555 ⁵
788 3538 796 3569 Ι
821 3537 912 3578 Con,
931 3545 988 3578 xv,
1010 3541 1061 3572 10.
1077 3556 1113 3561 ——
1136 3540 1148 3557 ⁶
1167 3538 1290 3575 Judic„

255 3591 334 3625 xw,
366 3586 416 3617 19.
443 3602 483 3608 —
506 3585 520 3608 '¹
545 3585 657 3626 Joan„
685 3593 743 3626 xv,
772 3588 803 3618 5.
826 3603 866 3610 —
891 3585 905 3608 ⁸
931 3585 1073 3628 Philip„
1099 3595 1145 3628 ιν,
1175 3588 1224 3619 13.
1252 3604 1289 3610 -

2371 261 2423 301 29

1389 333 1650 388 proximum.
1672 335 1842 379 «Gratis
1867 341 2095 395 accepistis,
2117 344 2252 396 gratis
2277 345 2418 399 date,»

1388 405 1449 447 ait
1460 405 1702 449 Dominus⁹.
1718 407 1857 458 Quare
1869 424 1952 453 non
1964 414 2128 466 vendis,
2143 428 2168 458 o
2183 415 2269 468 Sol,
2285 418 2426 461 lucem

1387 480 1540 520 tuam?
1584 479 1720 522 Gratis
1757 484 1922 537 accepi,
1965 487 2098 538 gratis
2139 491 2422 534 communico.

1389 549 1528 600 Quare
1558 563 1642 593 non
1680 554 1853 606 vendis,
1885 555 2052 609 Rhene,
2084 571 2240 612 aquam
2272 564 2424 604 tuam?

1389 621 1526 663 Gratis
1564 624 1727 678 accepi,
1778 627 1914 678 gratis
1951 628 2096 670 fundo.
2140 630 2264 674 Solus
2294 635 2425 676 miser

1387 693 1517 736 homo
1548 696 1694 737 vendit
1728 699 1916 750 gratiam
1948 700 2029 741 sibi
2060 701 2268 745 collatam.
2301 706 2425 749 Venit

1387 769 1530 808 autem
1553 767 1647 809 haec
1666 769 1853 811 venditio
1873 771 2011 824 primo
2031 785 2056 813 a
2086 772 2258 817 Simone
2279 776 2422 831 Mago.

1387 837 1504 889 Heu,
1544 839 1694 880 Simon
1727 839 1873 893 Mage,
1906 843 2109 885 verticem
2135 848 2424 899 apostolorum

1387 909 1563 953 Petrum
1584 911 1757 952 voluisti
1776 912 1912 954 facere
1941 914 2222 959 simoniacum
2240 920 2284 961 ¹⁰.
2307 935 2327 959 α
2346 921 2425 963 Pe-

1388 983 1513 1024 cunia
1540 986 1615 1024 tua
1646 986 1788 1025 tecum
1823 984 1876 1026 sit
1907 985 1954 1026 in
1988 987 2289 1042 perditionem,
2323 994 2426 1045 quia

1386 1054 1638 1096 existimasti
1665 1055 1827 1097 donum
1854 1056 1925 1098 Dei
1950 1060 2131 1111 pecunia
2156 1064 2375 1115 possideri.
2399 1081 2418 1105 »

1388 1125 1541 1168 Petrus
1570 1127 1669 1169 dicit
1691 1131 1719 1154 ¹¹
1739 1143 1748 1169 :
1773 1143 1791 1167 c«
1810 1128 2114 1185 Unusquisque
2135 1135 2244 1177 sicut
2263 1139 2424 1192 accepit

1387 1199 1571 1250 gratiam
1593 1199 1639 1240 in
1670 1200 1947 1254 alterutrum,
1974 1203 2091 1246 illam
2121 1206 2424 1252 administran-

1385 1272 1474 1320 tes,
1516 1271 1623 1312 sicut
1657 1271 1759 1313 boni
1799 1273 2110 1327 dispensatores
2151 1279 2424 1325 multiformis

1387 1342 1538 1394 gratiae
1575 1342 1662 1384 Dei.
1697 1358 1716 1382 ›>
1749 1343 1975 1398 Dionysius
2005 1346 2257 1392 determinat
2290 1366 2419 1397 usum

1385 1413 1538 1464 gratiae
1555 1413 1599 1453 in
1614 1414 1805 1467 angelica
1822 1415 2076 1468 hierarchia,
2091 1420 2233 1462 dicens
2245 1424 2289 1474 ¹²,
2304 1425 2420 1475 quod

1384 1484 1418 1523 si
1437 1485 1676 1538 superiores
1697 1486 1840 1539 angeli
1860 1488 2021 1530 nollent
2040 1490 2221 1534 influere
2239 1495 2284 1536 in
2308 1496 2419 1538 infe-

1383 1556 1533 1608 riores,
1553 1557 1797 1599 clauderent
1818 1559 1899 1599 sibi
1917 1560 2034 1601 viam
2055 1562 2290 1607 influentiae
2311 1580 2336 1608 a
2354 1580 2421 1609 su-

1383 1628 1555 1679 periori.
1576 1628 1604 1650 ¹³
1631 1644 1650 1668 «
1671 1629 1751 1679 Qui
1769 1629 1966 1672 habuerit
1986 1633 2267 1678 substantiam
2288 1638 2419 1693 hujus

1382 1699 1558 1750 mundi,
1590 1703 1632 1741 et
1652 1701 1805 1743 viderit
1831 1703 2005 1745 fratrem
2031 1718 2159 1748 suum
2188 1712 2418 1753 necessita-

1380 1771 1468 1810 tem
1487 1771 1663 1824 habere,
1688 1776 1730 1814 et
1754 1774 1953 1817 clauserit
1981 1777 2143 1820 viscera
2170 1793 2246 1822 sua
2269 1783 2321 1824 ab
2346 1797 2415 1837 eo,

1382 1844 1599 1895 quomodo
1617 1845 1800 1886 charitas
1821 1846 1894 1888 Dei
1914 1853 2057 1891 manet
2077 1851 2122 1892 in
2142 1854 2221 1894 eo?
2239 1869 2258 1892 ))
2283 1855 2419 1899 Habet

1380 1917 1524 1956 autem
1559 1917 1699 1969 gratia
1730 1919 1917 1961 fructum
1947 1922 2216 1967 triformem:
2251 1928 2418 1980 primus

1379 1986 1543 2029 fructus
1568 1991 1630 2030 est
1655 1991 1848 2033 remissio
1870 1993 2006 2047 culpae
2020 2009 2030 2045 ;
2066 1997 2279 2040 secundus
2301 2000 2418 2043 fruc-

1378 2060 1449 2099 tus
1471 2062 1532 2101 est
1548 2060 1769 2114 plenitudo
1784 2064 1983 2118 justitiae3
2006 2067 2155 2109 tertius
2172 2070 2336 2114 fructus
2354 2076 2416 2115 est

1378 2133 1643 2185 perpetuatio
1662 2133 1765 2176 vitae
1784 2134 1937 2178 beatae.

1431 2201 1601 2244 Primus
1630 2216 1735 2258 ergo
1763 2207 1924 2249 fructus
1953 2210 2104 2262 gratiae
2132 2216 2194 2254 est
2225 2217 2415 2260 remissio

1376 2274 1528 2328 culpae.
1563 2274 1682 2318 Unde
1713 2277 1939 2331 Apostolus
1974 2282 2002 2306 ¹⁴
2029 2297 2037 2323 :
2068 2283 2327 2329 «Justificati
2361 2302 2414 2332 ex

1376 2347 1478 2399 fide,
1501 2360 1651 2401 pacem
1670 2348 1907 2393 habeamus
1927 2353 1979 2394 ad
1999 2353 2158 2407 Deum,
2179 2370 2255 2411 per
2276 2358 2415 2402 Domi-

1375 2431 1482 2460 num
1510 2422 1707 2462 nostrum
1743 2421 1874 2464 JESUM
1910 2423 2141 2479 CHRISTUM,
2173 2441 2250 2483 per
2282 2444 2411 2485 quem

1375 2503 1593 2533 accessum
1614 2493 1823 2536 habemus
1849 2508 1924 2549 per
1942 2498 2086 2550 fidem,
2109 2503 2151 2541 et
2171 2502 2412 2553 gloriamur

1373 2562 1419 2603 in
1448 2576 1521 2617 spe
1547 2564 1697 2617 gloriae
1721 2566 1911 2608 filiorum
1939 2569 2027 2611 Dei.
2048 2585 2068 2609 n
2094 2570 2246 2615 Dicunt
2267 2574 2407 2618 Philo-

1373 2635 1516 2688 sophi,
1540 2637 1654 2690 quod
1685 2649 1774 2679 non
1802 2642 1994 2682 mutatur
2022 2642 2120 2695 quis
2149 2645 2200 2686 de
2229 2646 2332 2689 vitio
2359 2648 2412 2690 ad

1373 2705 1596 2759 virtutem,
1614 2708 1693 2750 nisi
1716 2722 1791 2763 per
1810 2713 2158 2757 assuefactionem
2179 2717 2231 2758 ad
2249 2721 2411 2763 contra-

1372 2777 1488 2819 rIum
1513 2778 1725 2822 habitum.
1755 2781 1816 2823 Ita
1844 2796 1922 2826 nec
1950 2786 2182 2830 remittitur
2217 2791 2341 2845 culpa
2367 2793 2411 2835 in

1373 2854 1604 2904 aeternum,
1640 2853 1722 2894 nisi
1758 2867 1832 2908 per
1864 2858 2065 2910 gratiam.
2099 2860 2206 2903 Nota
2242 2866 2408 2918 tamen,

1372 2923 1486 2976 quod
1514 2923 1692 2966 Ethicus
1723 2926 1959 2969 considerat
1986 2929 2140 2972 vitium
2174 2935 2409 2978 secundum

1372 2995 1487 3048 quod
1520 2996 1619 3037 dicit
1650 2997 2011 3042 deordinationem
2048 3003 2156 3045 circa
2182 3017 2408 3058 personam

1370 3066 1634 3120 singularem
1649 3101 1659 3121 ,
1694 3070 1764 3111 vel
1786 3071 1897 3113 circa
1926 3085 2019 3114 rem
2044 3075 2318 3130 familiarem,
2337 3079 2406 3121 vel

1370 3139 1481 3180 circa
1507 3151 1599 3181 rem
1620 3141 1811 3195 civilem3
1836 3142 2080 3199 Theologus
2107 3149 2342 3191 considerat
2360 3150 2404 3192 in

1369 3213 1539 3265 peccato
1569 3212 1759 3256 divinam
1789 3215 2012 3259 offensam.
2042 3218 2106 3260 Tu
2134 3232 2258 3273 ergo,
2281 3222 2354 3275 qui
2376 3223 2403 3245 ¹⁵

1374 3297 1394 3321 (ι
1414 3295 1488 3336 per
1507 3285 1903 3336 praevaricationem
1924 3287 2048 3341 legis,
2070 3288 2202 3330 Deum
2226 3290 2403 3334 inhono-

1368 3366 1458 3407 ras,
1482 3371 1502 3393 n
1534 3356 1773 3410 subjacebis
1802 3360 2015 3402 severitati
2048 3360 2212 3404 ultricis
2238 3376 2398 3418 poenae,

1365 3488 1380 3510 ⁹
1399 3486 1534 3528 Mamz„
1559 3496 1599 3529 x,
1626 3490 1656 3522 8.
1681 3507 1722 3513 —
1750 3491 1775 3513 ¹⁰
1793 3491 1882 3532 Act„
1903 3499 1986 3534 vm,
2006 3493 2058 3525 20.
2078 3510 2119 3516 —
2147 3495 2167 3513 ²¹
2190 3496 2200 3527 1
2221 3495 2327 3536 Petr„
2353 3507 2399 3540 lv,

1368 3539 1418 3570 10.
1436 3555 1470 3560 —
1497 3537 1520 3556 ¹²
1538 3537 1652 3580 Dion„
1671 3538 1711 3570 de
1728 3538 1808 3571 Coel.
1829 3540 1935 3582 Hier„
1956 3550 1987 3574 c.
2007 3549 2065 3575 xv.
2085 3560 2126 3567 —
2148 3543 2175 3565 ¹³
2194 3544 2202 3575 Ι
2221 3545 2329 3589 Ιοαη.,
2345 3556 2397 3589 111,

1367 3587 1418 3618 17.
1438 3602 1477 3610 —
1499 3585 1526 3608 ¹⁸
1545 3585 1650 3625 Rom„
1671 3594 1704 3627 v,
1726 3589 1755 3620 1.
1777 3604 1816 3612 —-
1839 3589 1861 3607 ¹⁵
1879 3589 2041 3632 Rom.‚11‚
2066 3592 2117 3624 23.
