2633 3878
142 918 246 944 Forma

124 961 252 987 secunda

135 1002 250 1036 sapien-

170 1045 226 1070 tiae.

289 306 339 344 36

287 391 456 442 tabiles,
480 388 580 442 quia
600 386 813 429 mentibus
832 384 1026 427 omnium
1045 394 1089 423 se
1108 380 1309 428 offerunt,

287 467 385 505 tunc
406 462 667 514 sequeretur,
689 459 801 513 quod
826 455 1102 508 intelligentia
1126 453 1233 493 esset
1254 450 1306 503 (a)

286 531 590 575 incoarctabilis
608 534 647 572 et
666 533 857 571 creatura
876 530 983 568 esset
1000 528 1116 566 actus
1138 534 1275 576 purus
1297 536 1306 562 z

285 605 418 657 etqui
447 605 527 644 hoc
546 603 666 652 dicit,
688 603 860 642 enervat
879 600 1036 639 fontem
1065 594 1308 646 sapientiae,

286 679 326 716 et
346 675 441 716 tacit
462 674 620 714 idolum
642 673 788 713 Deum.
811 670 891 711 Sed
912 670 1002 709 haec
1023 666 1224 720 sapientia
1244 675 1312 704 ra-

286 747 371 787 diat
401 759 528 799 super
554 745 736 785 animam
755 774 767 794 ,
798 753 896 795 quae
917 740 926 761 ¹
948 738 1105 781 assistit
1134 749 1222 790 prae
1251 736 1312 777 fo-

283 818 416 858 ribus.
732 848 738 853 .

337 889 456 931 Modo
493 889 666 940 apparet
704 884 909 939 sapientia
950 879 1219 922 multiformis
1266 878 1311 918 in

284 960 497 1014 mysteriis
532 959 775 999 divinarum
822 955 1145 1008 scripturarum.
1194 949 1311 990 Hanc

283 1031 662 1072 multiformitatem
683 1027 982 1081 mysteriorum
1004 1023 1184 1065 ostendit
1202 1021 1311 1074 Apo-

284 1103 416 1144 stolus
431 1135 442 1153 ,
463 1103 521 1142 sic
538 1101 734 1154 inquiens
753 1101 766 1121 '²
787 1113 795 1140 :
824 1114 843 1137 «
862 1097 960 1138 Mihi
978 1095 1172 1137 omnium
1194 1104 1312 1133 sanc-

282 1179 422 1216 torum
445 1174 624 1214 minimo
641 1204 651 1221 ,
672 1172 767 1213 data
787 1174 849 1212 est
870 1171 962 1210 haec
983 1167 1122 1221 gratia
1141 1166 1184 1206 in
1208 1176 1311 1217 gen-

282 1247 396 1287 tibus
445 1245 737 1297 evangelizare
777 1239 1095 1293 investigabiles
1142 1236 1310 1278 divitias

283 1318 454 1369 Christi,
479 1321 520 1358 et
547 1317 786 1357 illuminare
808 1325 955 1355 omnes
973 1345 983 1361 ,
1011 1322 1108 1365 quae
1138 1309 1192 1349 sit
1224 1308 1311 1348 dis-

281 1390 470 1443 pensatio
494 1388 745 1429 sacramenti
766 1384 999 1427 absconditi
1024 1395 1049 1423 a
1069 1381 1234 1422 saeeulis
1265 1379 1309 1419 in

281 1463 364 1503 beo
381 1494 391 1513 ,
415 1462 487 1515 qui
509 1461 651 1502 omnia
672 1458 851 1508 creavit,
874 1460 926 1497 ut
943 1455 1175 1495 innotescat
1194 1451 1310 1505 prin-

281 1534 486 1586 cipatibus
511 1536 551 1573 et
582 1530 859 1584 potestatibus
889 1528 935 1567 in
962 1526 1202 1567 coelestibus
1235 1535 1310 1576 per

281 1604 507 1645 Ecclesiam
520 1602 791 1643 multiformis
803 1599 1008 1653 sapientia
1018 1597 1083 1637 Dei
1093 1611 1124 1637 .»
1147 1595 1310 1636 Innote-

281 1688 396 1716 scere
410 1678 470 1715 est
486 1678 627 1715 autem
643 1686 696 1713 an
701 1672 897 1724 gelorum
914 1668 1148 1710 ministerio
1163 1666 1311 1707 clares-

281 1760 387 1798 cere,
401 1751 441 1788 et
452 1746 572 1787 nobis
586 1746 837 1790 illucescere,
854 1742 959 1782 sicut
971 1741 1123 1781 (licitur
1137 1742 1150 1764 ³
1169 1753 1176 1779 :
1195 1738 1310 1778 «Lex

280 1820 376 1860 data
397 1820 443 1870 <bg
472 1831 545 1871 per
568 1817 768 1869 angelos,
792 1831 810 1852 »
848 1815 927 1855 hoc
954 1815 1038 1862 est,
1076 1809 1308 1851 ministerio

280 1891 547 1943 angelorum.
580 1889 752 1930 Necesse
772 1891 914 1928 autem
948 1885 1025 1925 suit
1063 1883 1307 1924 divinarum

280 1964 584 2014 scripturarum
596 1960 843 2013 sapientiam
854 1969 943 1998 esse
956 1956 1254 1996 multiformem
1265 1953 1309 1993 in

281 2047 321 2074 m
329 2034 549 2075 altitudine
560 2034 797 2084 figurarum
805 2030 1021 2082 ,varietate
1031 2028 1310 2067 sacramento-

280 2119 379 2147 rum
396 2138 406 2157 ,
438 2105 678 2159 pluralitate
699 2104 929 2154 signorum
946 2133 957 2152 ,
982 2103 1029 2141 ut
1050 2098 1211 2140 veletur
1235 2109 1309 2137 su-

280 2178 422 2231 perbis
439 2210 451 2228 ,
472 2178 683 2218 reveletur
699 2175 950 2216 humilibus.
973 2171 1073 2212 Haec
1095 2169 1310 2211 velamina

281 2249 483 2290 claudunt
502 2249 733 2298 Christum,
750 2247 959 2287 occultant
978 2242 1227 2295 sapientiam
1247 2252 1310 2280 sa-

280 2321 491 2373 pientibus
511 2323 551 2361 et
571 2319 801 2360 immundis
818 2318 880 2371 (c).
899 2315 1017 2357 Unde
1037 2315 1137 2355 dicit
1155 2313 1306 2355 Salva-

281 2396 346 2433 tor
368 2396 380 2417 '⁴
402 2406 411 2433 :
433 2392 668 2433 «Confiteor
687 2390 777 2440 tibi,
801 2388 936 2439 Pater,
958 2387 1130 2428 Domine
1151 2385 1245 2426 coeli
1267 2387 1309 2425 ct

281 2467 405 2504 terrae
418 2496 429 2514 ,
452 2464 551 2516 quia
563 2461 814 2503 abscondisti
835 2461 926 2500 haec
945 2471 970 2499 a
988 2457 1247 2510 sapientibus
1266 2458 1310 2496 et

279 2535 580 2587 prudentibus,
604 2537 644 2574 et
662 2532 859 2574 revelasti
879 2543 929 2572 ea
957 2529 1197 2583 parvulis.»
1223 2526 1304 2582 Op-

278 2607 381 2648 time
415 2619 518 2659 ergo
553 2607 653 2647 dicit
686 2604 845 2647 Paulus
880 2617 889 2643 z
934 2619 953 2642 a
971 2602 1072 2643 Mihi
1113 2601 1307 2642 omnium

280 2681 522 2719 sanctorum
555 2678 733 2717 minimo
755 2708 766 2727 ,
794 2691 813 2713 »
849 2678 926 2716 etc.
961 2673 1043 2715 Sed
1075 2673 1303 2727 quaeritur,

279 2748 492 2802 quomodo
514 2747 672 2788 Paulus
697 2763 714 2785 «
740 2745 1003 2797 evangelizat
1023 2743 1303 2795 investigabi-

278 2820 339 2861 les
356 2820 525 2861 divitias
539 2818 687 2871 gratiae
700 2817 883 2858 Christi?
899 2830 917 2854 ι)
933 2814 1200 2868 Respondeo:
1218 2817 1306 2866 lpse

279 2892 408 2932 dicit
433 2906 441 2932 :
471 2906 489 2929 «
508 2890 680 2931 Manent
698 2888 827 2939 fides,
850 2899 966 2940 spes,
989 2886 1191 2935 charitas,
1227 2885 1308 2925 tria

279 2961 385 3002 haec.
405 2977 425 3000 ))

331 3033 505 3086 Triplex
539 3035 681 3073 autem
727 3030 909 3082 refulget
947 3029 1227 3080 intelligentia
1263 3029 1307 3069 in

280 3105 521 3158 Scripturis.
559 3104 702 3144 Prima
737 3103 856 3143 docet
890 3101 990 3154 quid
1032 3101 1303 3151 credendum,

279 3179 487 3229 quantum
507 3175 557 3215 ad
578 3175 726 3224 sitleam
749 3174 932 3213 secunda
951 3173 1069 3213 docet
1100 3172 1202 3224 quid
1230 3185 1304 3212 cx-

279 3247 530 3300 pectandum
546 3278 555 3296 ,
580 3249 787 3298 quantum
808 3244 860 3283 ad
881 3256 995 3296 spent
1014 3257 1024 3293 ;
1046 3244 1170 3283 tertia
1189 3243 1307 3283 docet

280 3319 381 3371 quid
401 3317 681 3371 operandum,
715 3321 923 3368 quantum
945 3315 997 3355 ad
1031 3315 1276 3355 charitatem
1293 3347 1304 3366 ,

280 3402 377 3444 quae
396 3392 595 3442 operatur
615 3399 799 3439 magna,
831 3387 862 3426 si
897 3388 984 3437 est,
1007 3388 1055 3426 ut
1075 3385 1175 3437 dicit
1205 3385 1304 3426 Gre-

324 3476 331 3492 *
354 3474 464 3511 Prota,
486 3479 507 3510 l,
531 3472 665 3503 21.—'²
685 3469 819 3510 Ephes,
839 3477 890 3507 111,
912 3470 1002 3499 8-10.
1016 3485 1057 3493 -
1076 3468 1089 3489 ³
1106 3468 1232 3506 Galae„
1254 3476 1305 3509 111,

281 3521 332 3553 19.
359 3538 401 3543 —
424 3520 434 3538 ⁴
461 3520 595 3557 Manli„
624 3525 677 3556 xi,
707 3519 758 3548 25.
787 3533 827 3539 —
856 3519 867 3535 ⁵
900 3517 912 3547 l
946 3516 1035 3554 Corn,
1068 3523 1152 3555 xiii,
1187 3517 1236 3546 13.
1267 3532 1306 3539 —

280 3569 293 3590 ⁶
314 3569 429 3609 Greg,
456 3567 490 3597 in
516 3567 623 3604 Joan„
645 3565 739 3595 hom.
767 3572 848 3596 xxx.
871 3580 908 3587 —-
939 3562 950 3584 ⁷
971 3564 1079 3602 doun„
1100 3570 1170 3603 xiv,
1194 3564 1246 3595 23.
1270 3580 1303 3585 -

281 3616 292 3634 Β
313 3615 424 3656 Cant„
444 3622 497 3653 Ἦ,
519 3616 549 3645 9.
571 3629 610 3637 -
631 3614 643 3631 ⁹
670 3612 779 3650 Cant„
801 3618 861 3651 111,
879 3613 909 3642 6.
935 3628 973 3634 —
997 3611 1021 3633 ¹⁰
1041 3610 1152 3650 Cant„
1173 3617 1251 3649 vin,
1273 3612 1303 3642 5.

983 286 1429 335 ILLUMINATIONES
1457 288 1722 334 ECCLESIAE

1384 379 1532 431 gorius
1565 380 1595 421 ⁶.
1630 379 1748 421 Unde
1781 381 1823 421 et
1854 377 2058 420 Dominus
2088 377 2102 401 '¹
2127 380 2240 433 apud
2273 383 2411 425 loan-

1383 459 1478 491 nem
1503 449 1558 504 (d)
1594 463 1604 491 ε
1634 464 1654 490 α
1672 448 1720 491 Si
1749 449 1846 504 quis
1874 448 2014 501 diligit
2041 460 2137 500 me,
2172 462 2412 494 sermonem

1385 532 1528 561 meum
1553 521 1749 562 servabit.
1770 535 1789 559 ι)
1815 519 2108 572 Refulgentia,
2129 524 2339 574 quantum
2357 523 2411 565 ad
2469 575 2476 579 ι

1380 591 1533 643 fidem,
1555 596 1618 634 est
1636 592 1839 645 allegoria
1861 605 1870 633 :
1893 603 1991 645 quae
2010 593 2217 634 bifurcata
2232 596 2323 645 est,
2346 605 2407 636 se-

1385 663 1571 705 cundum
1587 666 1834 717 juncturam
1860 663 2005 716 capitis
2023 695 2036 714 ,
2059 666 2100 705 et
2118 664 2322 718 corporis.
2343 665 2414 706 Al-

1384 734 1590 787 legoriam
1610 737 1801 788 spectans
1817 734 1868 775 ad
1886 737 2008 787 caput
2027 735 2257 786 Christum,
2275 735 2410 777 fertur

1384 805 1436 846 ad
1456 806 1595 858 ipsum
1615 808 1786 855 natum,
1808 817 2003 858 passum,
2023 809 2064 847 et
2083 809 2326 858 mortuum;
2348 806 2409 848 al-

1384 875 1549 928 legoria
1569 879 1761 930 spectans
1781 876 1833 917 ad
1854 887 2031 929 corpus,
2051 877 2186 918 fertur
2204 877 2256 918 ad
2273 876 2412 919 Eccle-

2442 678 2559 714 Allego-

2449 722 2492 748 ria
2508 722 2558 748 du-

2458 763 2536 798 plex.

1385 946 1515 998 siam,
1552 947 1787 989 secundum
1822 949 1977 988 statum
1997 947 2297 1001 primitivum,
2321 959 2410 989 me·
2461 950 2465 956 '
2517 957 2519 961 ’

1384 1018 1590 1059 diativum
1604 1051 1615 1069 ,
1637 1021 1677 1059 et
1697 1018 1929 1061 finitivum.
1949 1018 2056 1061 Nam
2074 1022 2114 1060 et
2133 1019 2180 1060 in
2195 1019 2262 1060 his
2276 1018 2412 1060 modis

1384 1090 1520 1130 tribus
1543 1090 1810 1131 commendat
1831 1102 2010 1143 sponsus
2028 1102 2226 1143 sponsam
2244 1090 2290 1131 in
2309 1089 2413 1132 Can-

1384 1161 1482 1203 ticis
1498 1161 1512 1183 ⁸
1534 1175 1542 1201 ε
1572 1177 1591 1200 (ι
1614 1161 1716 1211 Quae
1737 1164 1799 1203 est
1830 1162 1934 1213 ista,
1955 1161 2110 1215 inquit,
2133 1173 2230 1215 quae
2267 1173 2411 1203 ascen-

1384 1232 1445 1273 dit
1470 1232 1517 1285 (ε)
1540 1232 1660 1285 qnasi
1680 1245 1834 1274 aurora
1853 1244 2115 1285 consurgens
2131 1264 2141 1282 ,
2164 1232 2342 1286 pulchra
2366 1235 2414 1274 ut

1383 1303 1498 1354 luna,
1519 1304 1647 1345 electa
1666 1308 1713 1345 ut
1732 1304 1820 1345 sol?
1836 1307 1914 1345 etc.
1942 1303 1986 1342 «⁹
2003 1303 2105 1353 Quae
2117 1306 2179 1344 est
2196 1303 2289 1355 ista,
2311 1314 2408 1356 quae

1382 1375 1566 1416 ascendit
1593 1387 1668 1428 per
1697 1376 1937 1426 desertum,
1971 1375 2079 1416 sicut
2103 1375 2277 1427 virgula
2306 1375 2413 1416 fumi

1383 1458 1436 1486 ex
1457 1447 1718 1487 aromatibus
1737 1447 1928 1499 myrrhae
1947 1478 1956 1498 ‚
1985 1448 2026 1487 et
2051 1446 2214 1496 thuris,
2246 1448 2288 1487 et
2311 1446 2410 1487 uni-

1382 1519 1507 1569 versi,
1521 1533 1540 1556 ›)
1554 1521 1631 1559 etc.
1642 1519 1661 1558 ¹?
1678 1533 1698 1558 (ι
1708 1518 1737 1544 ¹0
1751 1518 1854 1567 Quae
1869 1521 1931 1559 est
1944 1519 2036 1570 ista,
2053 1531 2148 1571 quae
2160 1517 2350 1559 ascendit
2361 1517 2413 1559 de

1382 1589 1545 1630 deserto
1565 1588 1721 1629 deliciis
1742 1589 1940 1641 affluens,
1963 1592 2004 1630 et
2034 1589 2183 1630 innixa
2201 1601 2330 1642 super
2347 1588 2410 1631 di-

1381 1660 1537 1702 lectum
1571 1674 1698 1702 suum
1712 1662 1731 1701 ἱ)
1752 1676 1771 1699 ))
1809 1660 1987 1714 insuper
2007 1661 2057 1702 de
2078 1661 2241 1701 Christo
2277 1660 2413 1714 capite

1382 1732 1481 1773 dicit
1502 1731 1659 1773 Paulus
1677 1733 1702 1755 ¹¹
1728 1747 1737 1773 ε
1754 1731 1892 1773 «Nolo
1911 1745 1988 1773 vos
2007 1732 2222 1784 ignorare,
2245 1733 2410 1784 fratres,

1383 1804 1588 1856 quoniam
1611 1807 1751 1855 patres
1770 1804 1904 1846 nostri
1923 1816 2072 1846 omnes
2093 1804 2172 1844 sub
2188 1804 2302 1844 nube
2319 1803 2413 1844 fue-

1383 1878 1485 1916 runt
1503 1908 1513 1925 ,
1535 1879 1576 1917 et
1595 1888 1742 1917 ornnes
1764 1889 1882 1917 mare
1901 1876 2184 1925 transierunt,
2206 1877 2247 1916 et
2267 1886 2410 1916 omnes

1384 1947 1427 1987 in
1448 1947 1589 2000 Moyse
1609 1947 1807 2000 baptizati
1828 1950 1928 1988 sunt
1957 1947 2003 1987 in
2021 1947 2135 1987 nube
2155 1949 2197 1987 et
2213 1946 2258 1987 in
2277 1946 2412 1998 mari,

1384 2021 1425 2059 et
1443 2030 1591 2059 omnes
1619 2018 1813 2059 eamdem
1841 2030 1981 2059 escam
2001 2017 2262 2071 spiritualem
2289 2029 2413 2058 man-

1383 2090 1674 2140 ducaverunt,
1699 2093 1741 2131 et
1759 2102 1908 2130 omnes
1937 2089 2135 2130 eumdem
2155 2091 2303 2142 potum
2333 2088 2415 2142 spi-

1383 2161 1581 2201 ritualem
1599 2161 1812 2201 biberunt.
1836 2160 2043 2202 Bibebant
2063 2162 2205 2201 autem
2224 2159 2275 2201 de
2295 2159 2414 2212 spiri-

1383 2232 1488 2272 tuali
1517 2235 1799 2285 consequente
1838 2244 1909 2273 eos
1940 2234 2083 2285 petra;
2120 2233 2238 2284 petra
2271 2232 2415 2271 autem

1383 2305 1472 2343 erat
1505 2302 1709 2343 Christus.
1732 2317 1752 2340 »
1780 2302 1834 2343 De
1863 2302 2071 2354 allegoria
2098 2301 2333 2354 pertinente
2363 2300 2415 2342 ad

1383 2385 1537 2426 corpus
1571 2372 1721 2413 Christi
1766 2373 2012 2425 mysticum,
2056 2372 2155 2413 dicit
2195 2371 2307 2413 idem
2336 2372 2365 2396 ¹²
2399 2384 2411 2413 ε

1387 2461 1405 2483 «
1423 2445 1636 2497 Scriptum
1657 2447 1744 2495 est,
1768 2444 1970 2497 quoniam
1998 2443 2216 2484 Abraham
2237 2443 2343 2485 duos
2360 2443 2412 2484 fi-

1382 2515 1460 2556 lios
1493 2515 1672 2566 habuit,
1698 2527 1834 2556 unum
1865 2515 1916 2556 de
1942 2514 2107 2562 ancilla,
2129 2516 2171 2555 et
2196 2525 2334 2555 unum
2363 2514 2414 2556 de

1382 2587 1530 2627 libera.
1554 2586 1634 2627 Sed
1649 2586 1782 2639 quide
1794 2586 1947 2626 ancilla
1959 2618 1971 2636 ,
1989 2586 2224 2627 secundum
2244 2597 2414 2626 carnem

1386 2661 1511 2699 natus
1531 2659 1618 2707 est;
1649 2657 1721 2710 qui
1748 2659 1891 2698 autem
1909 2657 1960 2698 de
1979 2657 2113 2698 libera
2128 2688 2141 2708 ,
2165 2669 2240 2710 per
2267 2668 2414 2710 repro-

1383 2729 1629 2769 missionem
1649 2742 1658 2769 :
1687 2740 1784 2781 quae
1805 2730 1905 2768 sunt
1924 2740 1998 2780 per
2018 2728 2269 2780 allegoriam
2287 2728 2410 2769 dicta.

1383 2798 1484 2839 Haec
1503 2798 1619 2839 enim
1637 2801 1736 2838 sunt
1756 2797 1840 2838 duo
1857 2800 2121 2839 testamenta.
2139 2813 2158 2837 »
2181 2797 2274 2839 Non
2293 2810 2414 2852 opor·

1381 2870 1466 2911 tuit
1484 2873 1532 2911 ut
1552 2870 1733 2923 amplius
1764 2870 2033 2923 explanaret,
2064 2871 2166 2924 quia
2193 2884 2268 2925 per
2297 2871 2413 2913 illam

1382 2942 1681 2995 intelliguntur
1700 2943 1784 2984 duo
1819 2943 1980 2996 populi.
2015 2942 2145 2984 Juxta
2170 2942 2409 2994 intelligen-

1382 3015 1485 3056 tiam
1506 3026 1605 3068 quae
1625 3014 1808 3056 declarat
1823 3014 1924 3067 quid
1937 3017 1997 3055 est
2011 3015 2320 3068 expectandum
2337 3026 2412 3068 per

1382 3098 1520 3138 spem,
1544 3086 1727 3127 sumitur
1744 3085 1972 3137 anagogia.
1997 3085 2069 3127 Est
2090 3089 2233 3126 autem
2251 3085 2410 3139 duplex

1382 3157 1611 3209 anagogia,
1635 3157 1788 3197 scilicet
1808 3156 2005 3207 coelestis,
2028 3158 2069 3198 et
2088 3156 2406 3210 supercoelestis.

1383 3228 1613 3280 Anagogia
1633 3228 1808 3269 coelestis
1826 3259 1839 3278 ,
1876 3230 1924 3268 ut
1959 3229 2128 3281 quando
2158 3227 2319 3268 dictum
2349 3231 2410 3268 est

1382 3298 1565 3339 Abrahae
1579 3299 1605 3321 ¹³
1625 3314 1634 3340 z
1657 3298 1858 3351 «Suscipe
1873 3298 2042 3349 coelum,
2064 3301 2105 3339 et
2118 3310 2297 3339 numera
2316 3298 2412 3340 stel-

1382 3370 1468 3420 las,
1489 3370 1523 3410 si
1541 3372 1658 3422 potes
1671 3401 1681 3421 ‚
1697 3384 1716 3408 »
1743 3369 1784 3409 id
1799 3373 1861 3409 est
1879 3369 2070 3410 coelestes
2090 3369 2405 3421 intelligentias

1382 3494 1421 3500 —
1444 3477 1465 3498 '¹
1487 3477 1497 3507 l
1520 3477 1610 3514 Cora,
1636 3485 1669 3516 x,
1696 3477 1728 3508 4.
1749 3493 1790 3500 —
1810 3475 1837 3497 ¹²
1855 3475 1983 3517 Galat„
2005 3484 2052 3516 ιν,
2075 3477 2182 3508 22-22.
2203 3493 2244 3499 —
2273 3475 2295 3493 '³
2314 3475 2408 3514 Gen„

1381 3525 1438 3557 xv,
1458 3519 1488 3550 5.
1506 3535 1547 3541 —
1569 3519 1609 3558 (ιι)
1635 3517 1749 3558 Suppl.
1771 3519 1894 3548 creata.
1921 3534 1961 3541 —
1992 3517 2039 3558 (b)
2069 3517 2162 3558 Vuly.
2189 3516 2354 3548 ordinata.
2370 3534 2410 3541 —

1383 3565 1422 3606 (c)
1457 3564 1532 3606 Leq.
1564 3565 1771 3605 sapientibus
1810 3564 1929 3596 mundi
1946 3587 1954 3601 ‚
1989 3563 2040 3595 vel
2080 3563 2333 3605 insipientibus,
2370 3581 2410 3588 —-

1382 3613 1432 3653 (rt)
1447 3613 1525 3645 Caet.
1541 3612 1622 3645 edit.
1637 3613 1731 3646 Unde
1744 3614 1777 3645 et
1790 3612 1807 3644 J
1812 3621 1995 3645 oannes.—
2006 3612 2046 3653 (e)
2066 3611 2161 3651 γαίᾳ.
2177 3611 2405 3653 progreditur.

2441 3114 2557 3147 Anogo-

2447 3156 2496 3190 gia
2509 3155 2560 3182 du-

2457 3198 2534 3234 plex.
