2633 3878
195 237 270 274 150
892 217 1336 263 ILLUMINATIONES
1366 216 1630 259 ECCLESIAE

190 322 426 364 elevantem
460 316 707 370 tripliciter;
741 316 782 355 et
816 311 1023 367 triplicem
1055 310 1218 363 oportet

188 397 300 450 quod
337 394 489 434 habeat
526 389 846 444 perfectionem,
882 384 1214 438 corresponden-

188 471 272 508 tem
299 463 503 505 charitati.
531 461 650 502 Unde
679 459 841 512 signari
871 458 952 498 hoc
980 456 1126 504 modo,
1154 458 1216 495 est

188 549 261 591 per
282 534 586 590 professionem
607 532 745 573 adhuc
765 530 942 581 alligare
970 530 1011 568 et
1038 526 1215 577 signum

186 607 452 662 imprimere,
475 609 521 646 ut
540 603 790 657 respondeat
808 600 867 639 illi
888 599 1014 650 signo
1035 596 1213 637 charita-

186 681 260 721 tis:
281 679 374 720 haec
390 680 533 719 autem
550 673 746 729 perfectio
761 669 951 712 consistit
971 669 1015 708 in
1035 668 1216 721 descrip-

185 754 295 794 tione
324 749 525 799 civitatis,
559 746 711 787 scilicet
740 742 853 796 quod
884 741 1027 781 anima
1063 740 1216 780 habeat

185 825 228 864 iu
251 836 294 864 se
316 822 510 864 divinum
531 817 708 866 cultum,
731 814 925 856 divinum
946 812 1018 853 Dei
1034 822 1212 862 nexum,

182 894 375 936 divinum
406 891 477 932 Dei
510 889 667 939 zelum,
701 886 895 929 divinum
922 884 994 925 Dei
1023 894 1211 924 sensum.

182 966 328 1007 Cultus
349 964 418 1004 Dei
445 965 507 1003 est
527 961 572 1001 in
592 959 776 1009 Oriente,
797 969 934 997 nexus
953 955 998 995 in
1019 954 1211 1005 Meridie,

182 1037 294 1077 zelus
316 1036 362 1076 in
382 1032 690 1087 Septentrione,
718 1040 869 1071 sensus
899 1028 945 1067 in
977 1025 1212 1068 Occidente.

181 1109 231 1149 Et
252 1109 352 1148 sunt
370 1109 456 1147 tres
475 1106 614 1158 partes
632 1102 684 1143 ad
705 1101 934 1149 Orientem,
956 1101 1040 1139 tres
1060 1097 1111 1138 ad
1135 1097 1213 1138 Oc-

180 1180 402 1229 cidentem,
425 1180 510 1217 tres
531 1175 583 1216 ad
605 1173 840 1222 Meridiem,
862 1176 948 1211 tres
974 1170 1025 1210 ad
1045 1169 1215 1222 Septen-

180 1251 374 1291 trionem.
400 1247 545 1289 Cultus
574 1246 700 1286 habet
721 1243 828 1285 duos
851 1241 1046 1291 comites,
1076 1251 1214 1280 unum

179 1321 496 1369 ascendentem,
536 1317 717 1358 alterum
767 1312 1112 1364 subsequentem.
1152 1309 1216 1350 Ad

178 1393 411 1446 perfectum
432 1389 592 1430 cultum
613 1387 694 1427 tria
722 1387 821 1427 sunt
850 1381 1109 1432 necessaria,
1140 1380 1216 1422 sci-

179 1465 273 1505 licet
293 1465 464 1503 aeternae
487 1458 677 1501 veritatis
698 1456 882 1499 veridica
901 1453 1120 1508 professio,
1142 1464 1213 1493 su-

180 1546 324 1588 pernae
346 1531 576 1585 maJ'estatis
595 1528 772 1570 humilis
791 1526 1025 1576 veneratio,
1044 1527 1216 1565 aeternae

183 1605 413 1647 sanctitatis
432 1602 570 1645 virilis
590 1599 831 1642 custoditio.
854 1597 973 1639 Unde
998 1597 1218 1650 ponuntur

181 1679 262 1718 tria
299 1675 533 1717 secundum
567 1676 653 1714 tres
684 1672 794 1712 infra
833 1670 1055 1722 signatos:
1101 1683 1120 1705 (ι
1156 1666 1219 1707 Ex

73 1750 296 1799 1mer-ti·ibu
329 1748 438 1790 Juda
472 1745 694 1787 duodecim
727 1741 858 1783 millia
889 1739 1064 1792 signati.
1095 1754 1114 1776 ›>
1150 1738 1219 1778 Isti

29 1808 150 1844 ‘mmm
183 1822 298 1863 enim
327 1819 590 1867 ordinantur,
622 1827 710 1856 non
740 1813 973 1854 secundum
1006 1810 1219 1852 carnalem

51 1850 143 1877 nomi-

23 1893 164 1961 nffiunff·
185 1891 527 1946 generationem,
559 1888 659 1941 quia
681 1886 811 1928 Judas
838 1896 925 1925 non
953 1883 1030 1924 fuit
1056 1882 1221 1936 primus

42 1976 144 2004 Jacob.
183 1964 316 2014 filius3
349 1962 420 2002 sed
456 1960 708 2002 ordinantur
750 1955 983 1998 secundum
1026 1953 1222 2007 spiritua-

48 2018 141 2092 ἐξὲξ
184 2036 282 2076 lem.
341 2033 476 2075 Juclas
525 2031 827 2083 interpretatur
871 2026 1076 2068 confessio
1122 2040 1130 2066 ς
1182 2026 1223 2065 et

43 2101 152 2170 εζξζξζζ,
187 2110 249 2148 est
290 2105 639 2152 fundamentum3
681 2101 783 2154 quia
818 2098 1037 2153 spirituale
1072 2096 1222 2138 funda-

28 2187 81 2214 sio-
187 2181 383 2220 mentum
402 2177 507 2218 fides
529 2178 607 2226 est,
630 2185 757 2227 super
779 2184 908 2225 qnam
929 2169 1132 2211 fundatur
1152 2168 1224 2209 Ec-

190 2250 329 2292 clesia.
352 2249 437 2289 Hoc
459 2251 521 2289 est
547 2258 653 2299 ergo
679 2231 889 2298 primum,
912 2245 958 2283 ut
980 2241 1092 2294 apud
1112 2243 1151 2281 te
1172 2240 1226 2280 sit

191 2323 362 2374 integra
391 2319 595 2361 confessio
624 2316 837 2365 veritatis,
869 2314 1051 2367 perfecta
1080 2311 1226 2352 credu-

192 2395 289 2436 litas
310 2396 350 2434 et
376 2403 588 2433 assensus.
612 2388 804 2430 Secundo
823 2386 1056 2439 requiritur
1076 2395 1224 2437 super-

194 2478 262 2507 nae
298 2463 529 2518 maiestatis
567 2461 742 2503 humilis
781 2458 1019 2507 venerati03
1061 2459 1101 2497 et
1139 2457 1223 2504 est,

195 2537 364 2591 quando
385 2536 514 2576 homo
534 2533 769 2575 considerat
782 2531 943 2585 proprii
965 2528 1133 2571 sceleris
1155 2527 1230 2567 im-

195 2609 462 2659 manitatem,
489 2610 530 2648 et
560 2606 716 2647 divina}
744 2602 979 2645 severitatis
1006 2600 1230 2641 immensi-

197 2686 340 2723 tatem.
365 2682 417 2723 Et
443 2681 534 2722 ideo
562 2680 753 2732 sequitur
774 2692 782 2717 2
813 2692 832 2715 α
853 2676 913 2717 Ex
942 2675 1055 2715 tribu
1081 2673 1231 2714 Ruben

74 2772 179 2800 nui-‚en
199 2754 419 2796 duodecim
446 2752 577 2793 millia
609 2750 783 2803 signati.
806 2764 824 2786 ))
857 2748 1000 2789 Ruben
1030 2747 1232 2798 interpre-

41 2813 180 2885 ξζὲζζγι
199 2827 313 2866 tatur
338 2823 451 2864 filius
488 2821 663 2862 visionis
686 2825 712 2861 ¹.
742 2819 881 2860 Tertio
912 2816 1143 2870 requiritur
1174 2816 1233 2855 in-

200 2899 333 2938 ternae
363 2893 593 2934 sanctitatis
612 2891 746 2932 virilis
766 2888 1010 2939 custoditio,
1035 2889 1082 2928 ut
1103 2886 1161 2926 sic
1181 2885 1234 2926 sit

202 2969 332 3009 homo
352 2965 604 3019 praecinctus
617 2965 657 3003 et
676 2962 888 3003 accinctus
909 2961 1054 3001 contra
1071 2957 1231 3007 omnia,

203 3037 418 3080 restrictor
432 3035 626 3077 omnium
637 3029 1073 3075 defluxionumUnde
1085 3029 1234 3070 etiam2

207 3109 441 3151 sacerdotes
463 3105 799 3160 prohibebantur
816 3102 962 3142 bibere
987 3101 1163 3151 vinum,
1196 3102 1235 3140 et

209 3193 334 3222 omne
354 3178 466 3233 quod
487 3176 695 3218 inebriare
716 3175 893 3228 poterat,
915 3171 1086 3225 quando
1107 3172 1238 3211 intra·

208 3251 311 3291 bant
342 3251 386 3291 in
415 3249 622 3302 templum
658 3246 711 3288 ad
742 3242 1085 3286 ministrandum.
1120 3241 1237 3282 Patet

210 3321 338 3362 etiam
369 3321 419 3361 de
453 3320 662 3373 praecepto
697 3315 948 3358 munditiae:
980 3313 1060 3353 ista
1095 3315 1237 3353 autem

254 3446 267 3469 ²
288 3453 387 3490 nm,
409 3454 502 3494 raah,
526 3453 654 3494 videre3
674 3452 744 3499 ²12,
766 3451 838 3489 ben,
857 3450 955 3483 filius,
973 3467 1013 3472 —
1033 3449 1047 3471 2
1063 3447 1180 3488 Lea-tt„
1197 3454 1238 3487 x,

215 3502 246 3532 9.
262 3517 298 3524 —
319 3500 440 3539 ³Gen.‚
459 3508 563 3540 xmx,
585 3502 636 3532 20.
660 3517 699 3524 —-
721 3500 734 3522 '⁴
751 3498 840 3531 Psal.
864 3504 958 3538 xmv,
980 3498 1029 3529 11.
1051 3513 1090 3519 —
1110 3496 1123 3518 ⁵
1140 3497 1238 3536 Aug„

217 3546 313 3587 Conf.
332 3547 390 3580 lib.
412 3548 453 3588 X,
472 3556 502 3579 c.
522 3554 620 3579 xxix.

1292 307 1502 349 munditia
1521 308 1584 347 est
1612 305 1749 347 cordis
1769 317 1779 346 ε
1801 307 1843 346 et
1863 305 1956 346 ideo
1975 305 2189 358 sequitur:
2220 322 2239 346 «
2257 306 2322 348 Ex

1288 379 1402 420 tribu
1434 378 1521 420 Gad
1549 377 1770 419 duodecim
1803 376 1936 417 millia
1967 376 2138 429 signati.
2172 392 2191 416 »
2231 378 2323 420 Gad
2359 382 2422 409 Gad
2438 390 2482 410 ac—

1288 451 1590 502 interpretatur
1636 448 1861 488 accinctus
1913 447 2006 489 Non
2050 447 2205 488 sufficit
2247 460 2319 489 ve·
2342 424 2483 500 1ζῖἶῖἕῖ-

1287 533 1363 562 rus
1393 521 1552 572 cultus,
1587 520 1667 560 nisi
1701 519 1754 559 sit
1787 519 1998 572 perfectus
2031 531 2188 570 nexus,
2225 519 2326 572 quia
2342 506 2428 533 “²⁸¹¹''

1288 591 1474 633 charitas
1492 592 1611 632 docet
1631 591 1764 632 Deum
1782 591 1918 631 colere
1933 593 1973 631 et
1991 602 2160 641 amare;
2184 593 2225 631 et
2244 591 2326 631 hoc

1288 666 1365 714 est,
1384 662 1554 716 quando
1576 661 1718 702 anima
1738 661 1888 701 infima
1909 662 2155 713 contemnit,
2180 673 2326 715 supre-

1288 747 1360 774 ma
1384 746 1460 775 seu
1489 744 1660 774 summa
1680 732 1854 785 appetit,
1877 731 1922 772 in
1949 732 2087 773 medio
2109 732 2324 784 dilatatur,

1288 806 1345 846 ita
1368 804 1481 858 quod
1506 804 1552 844 in
1579 814 1779 857 supremo
1798 802 1928 843 habet
1956 803 2324 854 sublimationem;

1287 876 1334 916 in
1352 875 1469 927 imo,
1499 873 1898 928 sequestrationem3
1922 874 1968 914 in
1991 874 2152 925 medio,
2175 874 2326 915 dilata—

1288 947 1464 988 tionem.
1487 945 1538 987 Et
1557 946 1639 987 hoc
1669 947 1732 986 est
1762 945 2031 997 sempiternae
2052 945 2327 986 beatitudinis

1288 1018 1500 1072 appetitus
1544 1017 1810 1071 praecipUUS,
1850 1029 2047 1070 supernae
2086 1017 2327 1059 dilectionis

1289 1090 1464 1131 affectus
1505 1088 1724 1140 dilatatus,
1769 1087 1997 1129 mundanae
2038 1089 2328 1142 prosperitatis

1289 1161 1356 1204 vel
1367 1159 1644 1214 possessionis
1660 1161 1927 1213 contemptus
1942 1160 2213 1212 perfectivus.
2226 1160 2328 1202 Haec

1288 1234 1371 1275 tria
1396 1232 1697 1283 intelliguntur
1729 1243 1803 1283 per
1823 1234 1908 1272 tres
1929 1231 2123 1283 signatos
2144 1243 2324 1285 sequen-

1288 1307 1364 1346 tes.
1389 1303 1565 1345 Necesse
1586 1304 1648 1343 est
1667 1313 1770 1354 ergo
1792 1303 1841 1342 ut
1866 1302 1915 1353 (b)
1936 1302 1981 1342 in
2001 1303 2144 1342 anima
2160 1302 2214 1343 sit
2232 1314 2329 1344 con-

1289 1377 1475 1428 temptus
1493 1386 1636 1427 verus,
1658 1376 1707 1414 ut
1726 1373 1780 1414 sit
1799 1373 1937 1426 primo
1957 1372 2236 1414 beatitudinis
2259 1385 2329 1426 ap-

1291 1448 1463 1501 petituS.
1492 1449 1540 1488 Et
1570 1446 1663 1487 ideo
1695 1445 1917 1499 sequitur:
1947 1459 1967 1483 α
1993 1444 2057 1486 Ex
2079 1444 2195 1486 tribu
2223 1444 2329 1486 Aser

1291 1519 1515 1561 duodecim
1543 1517 1677 1558 millia
1707 1516 1878 1569 signati.
1900 1531 1919 1554 »
1946 1517 2050 1559 Aser
2075 1516 2326 1570 interpreta—
2367 1535 2489 1562 Asana.

1291 1594 1362 1632 tur
1399 1592 1569 1641 beatus,
1611 1589 1700 1631 sive
1731 1589 1745 1611 ³
1783 1589 1997 1642 «pinguis
2035 1590 2175 1642 panis,
2217 1601 2327 1643 prae-
2348 1577 2490 1646 ξξξΡῖξζζ

1291 1663 1396 1703 bens
1423 1661 1592 1703 delicias
1620 1661 1811 1714 regibus.
1844 1676 1863 1698 n
1891 1659 2047 1701 Beatus
2079 1662 2224 1701 autem
2244 1661 2328 1711 est,
2350 1662 2406 1688 1¹²⁵·

1294 1736 1367 1790 qui
1390 1736 1435 1776 in
1454 1735 1760 1777 beatitudinem
1783 1746 1951 1776 summo
1970 1746 2113 1776 amore
2133 1734 2333 1775 transfer-

1294 1812 1378 1850 tur.
1415 1808 1571 1849 Deinde
1602 1808 1793 1861 sequitur
1827 1819 2011 1860 superna
2039 1806 2255 1847 dilatatio:
2291 1806 2333 1846 et

1295 1880 1388 1922 ideo
1410 1880 1601 1932 sequitur
1624 1891 1633 1919 :
1658 1893 1678 1917 «
1701 1883 1761 1918 EX
1781 1878 1896 1919 tribu
1926 1877 2166 1931 Nephtalim
2181 1909 2191 1928 ,
2226 1877 2332 1918 duo-
2366 1893 2493 1928 Nephta—

1297 1951 1433 1993 decim
1459 1950 1592 1991 millia
1617 1950 1793 2002 signati.
1816 1965 1835 1988 ))
1857 1949 2102 2002 Nephtalim
2122 1949 2328 2001 interpre-
2351 1933 2490 2003 ffioffafi‘

1296 2027 1410 2065 tatur
1440 2023 1641 2073 latitudo,
1676 2025 1717 2064 et
1752 2023 1894 2075 signat
1926 2022 2040 2075 quod
2074 2021 2333 2074 quicumque

1298 2096 1391 2138 vult
1411 2097 1569 2138 habere
1590 2096 1806 2137 charitatis
1833 2107 2017 2146 nexum,
2047 2094 2160 2147 quod
2180 2093 2334 2134 habeat

1299 2169 1539 2211 ordinatum
1558 2168 1758 2209 affectum
1779 2167 1829 2208 ad
1851 2178 2020 2216 omnes,
2052 2166 2124 2206 sed
2150 2166 2229 2206 hoc
2246 2176 2335 2206 non

1300 2242 1435 2294 potest
1454 2251 1559 2288 esse,
1577 2239 1611 2279 si
1631 2238 1791 2279 fuerint
1813 2237 1966 2291 privati
1984 2237 2086 2278 boni
2107 2239 2332 2278 amatores.

1302 2313 1398 2354 Ideo
1424 2313 1607 2365 oportet,
1637 2310 1750 2363 quod
1779 2309 1837 2349 ibi
1865 2308 1918 2349 sit
1945 2310 2212 2360 contemptus
2238 2319 2335 2348 om-

1301 2385 1422 2425 nium
1452 2397 1460 2423 :
1487 2385 1528 2424 et
1555 2382 1649 2422 ideo
1682 2380 1874 2433 sequitur
1912 2394 1920 2420 t
1956 2395 1974 2418 ((
1998 2378 2062 2420 Ex
2099 2379 2214 2419 tribu
2247 2378 2335 2420 Ma-
2381 2391 2496 2417 Manas-

1302 2466 1440 2504 nasse,
1457 2454 1502 2507 (c)
1516 2452 1738 2495 duodecim
1751 2451 1884 2492 millia
1898 2451 2072 2503 signati.
2087 2451 2337 2492 »Manasses
2355 2440 2414 2502 ῖῗξ
2425 2431 2496 2459 (Μ’

1302 2527 1607 2579 interpretatur
1641 2523 1812 2565 oblivio.
1865 2522 2008 2575 Aliqui
2043 2522 2158 2563 enim
2203 2521 2334 2575 despi-

1305 2598 1422 2638 ciunt
1441 2595 1695 2646 mundialia,
1724 2595 1796 2635 sed
1821 2606 1907 2635 non
1927 2594 2149 2643 deserunt;
2173 2593 2244 2633 alii
2264 2592 2336 2634 de-

1306 2671 1475 2718 serunt,
1509 2667 1581 2708 sed
1607 2678 1694 2707 non
1720 2665 1981 2718 despiciunt3
2013 2664 2083 2705 alii
2103 2663 2340 2716 despiciunt

1307 2743 1347 2781 et
1366 2740 1580 2788 deserunt,
1604 2737 1676 2777 sed
1696 2748 1784 2776 non
1804 2735 2140 2777 obliviscuntur:
2169 2735 2339 2787 quando

1308 2822 1414 2862 ergo
1441 2809 1584 2849 anima
1603 2806 1775 2848 dimittit
1793 2808 1834 2846 et
1853 2805 2130 2856 obliviscitur,
2158 2808 2259 2846 tunc
2278 2806 2341 2846 est

1307 2881 1527 2936 perfectio,
1562 2881 1603 2920 et
1631 2879 1711 2919 ista
1743 2877 1971 2918 collocatur
2004 2877 2050 2917 in
2082 2878 2202 2918 sexto
2232 2877 2337 2919 loco.

1309 2954 1426 2996 Unde
1443 2952 1636 2995 Psalmus
1657 2949 1755 2991 dicit
1768 2953 1804 2988 a:
1823 2964 1841 2988 c«
1861 2948 2115 2991 Obliviscere
2135 2949 2341 3002 populum

1309 3029 1448 3076 tuum,
1470 3027 1510 3065 et
1525 3024 1701 3065 domum
1719 3021 1850 3075 patris
1870 3021 1947 3061 tui.
1970 3034 1988 3058 »
2013 3020 2308 3073 Augustinus⁵
2327 3034 2336 3061 ε

1317 3115 1337 3139 c(
1359 3098 1500 3140 Minus
1525 3099 1566 3138 te
1595 3097 1725 3146 amat,
1752 3094 1826 3147 qui
1850 3095 1994 3134 tecum
2017 3092 2177 3146 aliquid
2203 3095 2339 3143 amat,

1312 3171 1425 3225 quod
1444 3172 1614 3224 propter
1636 3170 1678 3208 te
1704 3177 1790 3207 non
1810 3167 1937 3205 amat.
1964 3179 1983 3201 n
2006 3163 2218 3205 Manasses
2235 3174 2341 3214 ergo

1312 3242 1487 3297 ponitur
1515 3242 1633 3281 sexto
1660 3238 1773 3288 loco,
1810 3236 1884 3289 qui
1913 3235 1992 3276 fuit
2019 3235 2134 3275 filius
2161 3232 2338 3286 Joseph,

1312 3314 1387 3368 qui
1416 3313 1494 3354 fuit
1522 3309 1773 3352 undecimus
1803 3307 1918 3348 filius
1948 3306 2088 3347 Jacob.
2113 3303 2229 3345 Unde
2255 3315 2342 3344 non

1314 3387 1404 3426 sine
1433 3383 1634 3437 mysterio
1662 3380 1832 3435 ponitur
1857 3380 1976 3419 sexto
2003 3377 2108 3418 loco.
2129 3374 2269 3416 Tertio
2296 3375 2339 3416 in

1314 3456 1456 3497 anima
1483 3450 1808 3505 contemplativa
1831 3449 1995 3502 oportet
2021 3446 2134 3500 quod
2160 3446 2214 3488 sit
2244 3458 2337 3500 per-

1359 3538 1403 3579 (α)
1424 3537 1504 3570 Caet.
1524 3535 1606 3568 edit.
1619 3535 1707 3567 et.-
1726 3532 1770 3575 (b)
1785 3532 1866 3566 Goet.
1886 3530 1966 3563 edit.
1987 3531 2171 3563 Manasses.
