2633 3878
80 450 171 477 Malo-

58 499 125 518 rum
146 491 198 518 de-

72 532 189 559 clinatio

59 573 175 607 triplex.

1062 161 1302 203 PSALMUS
1332 159 1504 203 CXVIII.

219 260 298 298 sive
323 259 430 296 mala
457 258 572 294 malis
599 255 876 304 imprecand03
911 253 980 289 sed
1011 261 1032 287 e
1052 250 1249 287 contrario

217 332 291 368 pro
309 319 660 367 transgressoribus
689 316 885 363 rogando,
903 316 947 350 ut
963 323 1043 350 non
1065 312 1250 359 perirent,

218 384 299 418 tam
339 381 522 428 exemplo
560 378 785 422 dominico,
817 386 938 423 quam
967 375 1176 421 praecepto.
1210 375 1252 409 Et

219 446 335 489 nota,
352 442 462 490 quod
490 443 545 477 est
567 440 765 476 malorum
793 437 1002 474 declinatio
1028 435 1218 482 tripartita
1240 447 1248 470 :

218 506 361 553 prima,
384 515 408 540 a
426 503 628 539 voluntate
649 500 785 537 divina
805 499 857 536 ad
888 497 1093 546 propriam
1111 496 1251 533 volun-

221 569 339 602 tatem
351 578 362 611 3
385 563 572 607 secunda,
593 573 616 598 a
634 561 834 598 voluntate
858 560 1019 608 propria
1040 557 1092 594 ad
1111 556 1253 604 iniqui-

220 629 340 664 tatem
350 638 361 672 ;
386 626 519 669 tertia,
560 624 611 660 ab
644 623 848 670 iniquitate
876 621 928 657 ad
953 619 1218 656 infelicitatem
1241 630 1249 654 :

222 697 391 735 quarum
399 686 530 734 prima
539 685 704 733 pertinet
715 684 767 720 ad
781 683 1028 720 aversionem
1039 694 1050 727 3
1065 680 1252 722 secunda,

222 749 274 785 ad
293 748 592 785 conversionem
603 759 613 792 ;
636 746 761 791 tertia,
782 745 834 782 ad
851 742 1250 781 animadversionem.

222 813 273 846 De
292 810 422 857 primo
443 810 454 830 ¹
477 821 486 845 ε
517 821 536 843 «
564 809 707 845 Omnes
739 817 813 843 nos
841 805 954 853 quasi
984 814 1078 841 oves
1112 802 1254 840 erravi-

221 881 331 916 mus;
351 870 624 917 unusquisque
653 870 695 905 in
718 869 824 904 viam
851 877 965 903 suam
986 864 1209 902 declinavit.
1231 878 1248 898 n

222 932 324 977 Quid
344 935 400 968 est
413 932 610 968 declinare
629 931 670 967 in
683 930 790 966 viam
812 940 939 974 suam,
961 928 1034 964 nisi
1055 927 1254 963 declinare

222 994 264 1030 in
281 993 526 1030 voluntatem
544 992 774 1040 propriam?
791 993 860 1027 Per
870 991 972 1026 hanc
987 990 1093 1026 viam
1115 988 1255 1025 animae

224 1055 476 1102 gradiuntur,
499 1065 589 1091 cum
610 1065 633 1091 a
659 1054 769 1090 bono
798 1050 1114 1088 incommutabili
1145 1060 1255 1086 aver-

224 1119 356 1153 tuntur
369 1128 378 1152 :
393 1127 481 1152 ecce
493 1115 703 1152 declinatio
718 1114 946 1151 aversionis.
963 1115 1013 1149 De
1028 1111 1202 1148 secundo
1214 1113 1228 1133 *²
1244 1123 1252 1147 ε

226 1192 245 1212 «
262 1181 315 1216 Ne
335 1177 507 1214 declines
519 1177 571 1214 ad
586 1177 832 1224 iniquitatem
842 1188 852 1220 3
867 1175 969 1211 hanc
983 1174 1089 1210 enim
1108 1172 1254 1220 coepisti

222 1239 334 1288 sequi
359 1242 449 1286 post
471 1239 694 1284 miseriam3
715 1251 732 1271 n
759 1237 871 1284 quasi
883 1236 1116 1273 diceretzNe
1137 1234 1256 1270 decli-

222 1313 292 1338 nes
328 1301 381 1338 ad
415 1301 661 1348 iniquitatem
694 1298 962 1336 conversionis
996 1297 1128 1333 :hanc
1150 1296 1256 1333 enim

224 1362 374 1410 coepisti
404 1362 516 1410 sequi
546 1364 636 1408 post
663 1361 861 1397 miseriam
891 1359 1140 1396 aversionis:
1165 1368 1255 1395 ecce

224 1423 433 1461 declinatio
453 1423 735 1460 conversionis.
768 1424 818 1458 De
843 1421 956 1457 tertio
982 1423 996 1444 ³
1019 1433 1028 1457 :
1051 1432 1070 1454 «
1084 1419 1256 1456 Declina-

223 1485 279 1522 vit
296 1485 469 1532 populus
499 1484 656 1530 ingredi
689 1483 906 1528 civitatem,
939 1493 1019 1529 quo
1045 1481 1168 1518 modo
1190 1481 1257 1517 de-

224 1547 369 1584 clinare
406 1545 506 1583 solet
540 1545 715 1592 populus
759 1555 915 1588 versus,
949 1546 986 1580 et
1016 1543 1172 1590 fugiens
1206 1542 1256 1579 de

222 1607 372 1656 praelio.
393 1620 411 1641 »
429 1609 498 1643 Per
515 1607 618 1642 hanc
650 1605 843 1642 civitatem
863 1605 1120 1651 intelligimus
1134 1604 1256 1640 felici-

222 1672 357 1714 tatem,
375 1679 497 1717 quam
524 1667 698 1704 declinat
727 1667 882 1714 ingredi
909 1667 1082 1714 populus
1117 1676 1257 1702 versus

224 1731 276 1768 ad
295 1730 560 1777 iniquitatem,
590 1729 744 1775 fugiens
772 1729 821 1765 de
841 1728 977 1775 praelio
997 1739 1068 1775 per
1085 1727 1257 1764 aversio·-

223 1803 316 1829 nem
333 1803 356 1828 a
377 1794 466 1828 Deo.
493 1791 596 1836 Quid
626 1793 681 1827 est
713 1793 843 1827 autem
872 1790 1071 1826 declinare
1102 1789 1257 1835 ingredi

223 1853 466 1897 felicitatem,
491 1862 614 1899 quam
646 1851 844 1887 declinare
874 1851 926 1887 ad
962 1850 1258 1887 infelicitatem?

224 1918 320 1952 Ecce
339 1913 548 1951 declinatio
568 1912 934 1950 animadversionis,

659 2019 831 2060 Epilogus.

273 2100 331 2136 Ait
359 2110 454 2146 ergo
479 2099 690 2146 Propheta,
720 2101 911 2146 tanquam
934 2098 1064 2135 bonus
1098 2097 1258 2141 athleta,

226 2172 344 2198 orans
361 2171 434 2208 pro
454 2160 642 2204 inimicis,
670 2162 706 2196 et
732 2160 936 2196 insinuans
959 2159 1167 2195 victoriam
1190 2170 1259 2205 ge-

226 2223 343 2259 minae
371 2223 617 2259 adversitatis
643 2233 714 2270 per
738 2222 921 2258 virtutem
947 2221 1112 2268 geminae
1135 2220 1260 2257 chari-

227 2284 340 2320 tatis:
362 2286 478 2321 Multa·
503 2287 567 2330 qui
593 2288 857 2330 persequuntur
882 2294 958 2328 me,
989 2286 1181 2330 quantum
1209 2282 1261 2319 ad

227 2346 506 2382 adversitatem
546 2345 838 2391 maledicendi;
883 2349 916 2380 et
962 2346 1137 2380 tribulant
1180 2355 1258 2386 me,

229 2410 421 2454 quantum
447 2407 501 2443 ad
526 2406 803 2443 adversitatem
829 2406 1126 2451 malefaciendi3
1149 2417 1171 2441 a
1191 2409 1260 2441 tes-

230 2470 389 2504 timoniis
409 2471 497 2513 tuis,
519 2479 606 2515 quae
629 2468 797 2505 libenter
815 2468 978 2511 retinui,
998 2455 1190 2514 quantum
1210 2467 1261 2503 ad

231 2530 459 2566 charitatem
494 2530 584 2575 Dei3
618 2541 687 2566 non
721 2531 926 2575 declinavi,
966 2539 1111 2575 rogans
1148 2528 1262 2564 malis

231 2591 337 2628 mala
355 2591 533 2636 retribui,
555 2593 747 2638 quantum
766 2592 817 2628 ad
832 2591 1059 2628 charitatem
1074 2589 1259 2637 proximi.

537 2736 541 2737 ⁷
587 2736 805 2764 VERSICULUS
829 2736 904 2764 xlv.

279 2842 360 2877 158.
388 2840 475 2875 Vide·
499 2841 801 2885 praevaricantes,
829 2840 899 2875 etc.
926 2837 1113 2885 Superius
1138 2838 1265 2875 oravit

232 2901 424 2949 Propheta
430 2911 503 2948 pro
511 2900 854 2948 persequentibus,
861 2910 911 2936 ne
923 2899 1145 2936 crucientur
1155 2903 1264 2937 aeter-

232 2963 396 3008 naliter3
417 2972 551 2998 rursus
569 2965 656 2998 orat
673 2972 747 3009 pro
765 2961 915 2998 eisdem
933 2961 1262 3009 persecutoribus,

231 3034 282 3061 ne
311 3023 534 3061 saucientur
557 3023 787 3060 mortaliter.
818 3022 1116 3070 Speculabatur,
1135 3025 1180 3059 ut
1198 3033 1266 3060 au-

230 3089 356 3132 tumo,
376 3085 601 3134 speculator
621 3086 801 3132 eximius,
818 3086 859 3122 in
874 3087 953 3123 alta
970 3087 1170 3134 sapientiae
1182 3098 1263 3134 spe-

233 3149 324 3186 cula
359 3147 607 3193 constitutus,
641 3147 752 3194 quod
783 3148 1014 3184 tribulantes
1044 3149 1264 3195 visibiliter,

232 3210 471 3247 tribulantur
500 3209 768 3256 invisibiliter3
790 3212 827 3246 et
844 3210 1099 3258 plerumque,
1119 3210 1265 3247 laeden-

233 3274 290 3309 tes
320 3271 481 3316 leviter,
509 3270 705 3307 laeduntur
737 3271 918 3317 graviter.
953 3273 1049 3308 Nam
1084 3271 1264 3319 plerique

286 3403 389 3440 λὶς-α.)
418 3409 498 3440 Lm,
527 3405 557 3433 6.
586 3415 627 3424 —
651 3402 661 3419 ²
687 3401 758 3441 Job,
782 3408 909 3441 XXXV),
939 3403 988 3433 2¹.
1011 3417 1049 3426 -
1082 3402 1092 3420 ³
1120 3402 1144 3433 ll
1174 3402 1263 3442 Κεφ,

2275 156 2347 194 521

1324 246 1758 291 vulnerantvenialiter,
1767 246 2063 282 etvulnerantur
2071 243 2336 290 mortaliter(a)
2344 271 2352 279 .

1324 310 1432 347 Unde
1459 309 1648 345 nimirum
1673 310 1942 355 persecutores
1966 307 2134 343 inermes
2153 315 2236 342 non
2255 304 2356 340 iner-

1324 372 1398 407 mis
1417 371 1499 418 ipse
1517 369 1771 417 perspiciens,
1787 371 1823 405 et
1839 367 2008 414 amplius
2029 367 2216 411 alienum,
2234 375 2355 413 quam

1324 433 1531 480 proprium
1556 430 1779 479 periculum
1808 429 2109 476 pertimescens,
2129 427 2358 474 ingemisce-

1324 494 1393 531 bat
1426 493 1718 537 interveniens,
1750 494 1787 528 et
1816 489 2100 527 interveniebat
2130 488 2312 535 inquiens
2346 499 2354 522 :

1329 556 1440 599 Vidi,
1460 557 1547 599 etc.‚
1565 554 1677 602 quasi
1699 553 1803 590 dicat
1824 564 1833 588 :
1855 551 1942 588 Vidi
1960 550 2262 598 praevaricantes
2289 548 2357 584 tri-

1325 617 1502 660 bulatos,
1531 619 1568 652 et
1593 615 1823 652 tribulantes
1837 627 1847 660 3
1877 616 1914 649 et
1939 612 2044 648 oculi
2064 610 2143 646 mei
2167 610 2359 656 liquesce-

1326 678 1445 721 bant,
1467 676 1655 724 quoniam
1681 676 1737 712 illi
1764 685 1874 712 arma
1898 672 2116 722 spiritualia
2134 681 2216 708 non
2233 671 2358 707 habe-

1326 739 1422 775 bant
1456 750 1464 774 ε
1500 748 1588 774 ecce
1619 737 1732 773 vides
1769 737 1969 773 bonorum
2005 732 2361 771 considerationem

1327 800 1429 836 circa
1449 799 1648 836 malorum
1666 797 2028 844 exasperationem,
2048 797 2085 832 et
2103 795 2267 832 istorum
2287 792 2361 828 mi-

1327 861 1563 898 serationem
1590 859 1694 896 circa
1722 859 1882 895 illorum
1909 856 2238 893 vulnerationem.
2260 855 2361 890 Con-

1328 922 1512 959 sideratio
1531 921 1700 969 pertinet
1717 920 1769 957 ad
1786 921 1989 967 aspectum
2000 930 2011 963 3
2031 915 2292 963 exasperatio,
2310 915 2361 950 ad

1329 986 1528 1032 objectum
1540 997 1551 1030 ;
1572 982 1791 1027 miseratio,
1821 982 1874 1018 ad
1899 980 2104 1025 affectum3
2125 977 2360 1021 vulneratio,

1329 1047 1381 1084 ad
1400 1046 1671 1083 imminentem
1692 1043 1886 1081 effectum.

1661 1149 1846 1184 Articulus
1869 1148 2027 1193 primus.

1375 1235 1574 1270 Bonorum
1602 1230 1863 1268 consideratio
1891 1228 2124 1272 declaratur,
2146 1237 2237 1263 cum
2264 1226 2361 1262 dici-

1328 1298 1392 1331 tur
1412 1306 1421 1331 :
1447 1295 1552 1338 Vidi,
1572 1293 1718 1329 scilieet
1737 1292 1824 1328 visu
1843 1289 2033 1334 interiori,
2053 1299 2136 1325 non
2157 1287 2359 1332 exteriori,-

1328 1355 1415 1391 visu
1445 1354 1659 1399 laudabili,
1689 1364 1771 1390 non
1808 1350 2060 1399 vituperabili
2097 1362 2105 1386 :
2138 1349 2225 1386 talis
2256 1348 2363 1385 visus

1329 1419 1386 1453 est
1404 1416 1557 1464 pietatis
1577 1415 1750 1452 intuitus.
1772 1414 1838 1450 Hic
1857 1416 1968 1460 potes
1987 1414 2138 1456 notare,
2158 1411 2269 1458 quod
2290 1410 2361 1446 tria

1329 1478 1435 1514 mala
1452 1477 1646 1514 debemus
1662 1477 1730 1523 pia
1748 1474 2063 1512 consideratione
2079 1473 2214 1508 videre
2224 1484 2235 1517 ;
2254 1471 2362 1508 vide-

1329 1541 1420 1577 licet
1438 1539 1545 1576 mala
1563 1538 1763 1582 interiora,
1784 1536 1891 1574 mala
1911 1535 2120 1579 exteriora,
2140 1533 2247 1570 mala
2266 1533 2364 1569 infe-

1329 1601 1436 1638 riora
1457 1612 1465 1637 2
1494 1601 1570 1637 hoc
1599 1602 1677 1644 est,
1696 1598 1883 1635 interiora
1901 1597 2017 1641 vitia,
2038 1595 2090 1632 ad
2110 1598 2364 1632 contemnen-

1331 1663 1451 1708 dum3
1479 1661 1672 1698 exteriora
1700 1658 1952 1707 praejudicia‚
1986 1657 2038 1694 ad
2068 1656 2337 1693 miserendum
2352 1667 2363 1700 ;

1330 1723 1516 1760 inferiora
1546 1721 1761 1769 supplicia,
1788 1720 1841 1757 ad
1867 1718 2187 1767 praecavendum.
2216 1719 2266 1753 De
2290 1717 2367 1764 pri-

1330 1795 1398 1821 mo
1417 1785 1431 1806 ¹⁴
1450 1796 1459 1820 :
1485 1796 1504 1818 «
1522 1783 1610 1819 Vidi
1629 1793 1763 1820 servos
1787 1783 1829 1818 in
1855 1782 1987 1828 equiS,
2008 1782 2045 1816 et
2069 1778 2265 1827 principes
2283 1789 2366 1815 am-

1330 1846 1512 1883 bulantes
1540 1845 1653 1892 quasi
1683 1855 1816 1881 servos
1849 1853 1966 1890 super
2000 1844 2199 1878 terram.»
2229 1841 2367 1877 Servos

1331 1908 1527 1956 equitare,
1547 1909 1583 1943 et
1601 1906 1798 1954 principes
1812 1905 2011 1952 peditare,
2031 1906 2088 1940 est
2105 1903 2264 1939 affectus
2281 1912 2367 1938 sen-

1331 1970 1466 2007 sitivos
1489 1979 1675 2016 praeesse,
1700 1970 1738 2005 et
1765 1965 2023 2003 intellectivos
2051 1964 2212 2001 subesse
2239 1975 2248 2000 ε
2278 1974 2366 2001 ecce

1331 2032 1430 2068 visio
1450 2030 1650 2068 malorum
1672 2029 1904 2066 interiorum
1933 2027 2107 2064 serviens
2126 2025 2365 2063 contritioni.

1332 2094 1384 2130 De
1405 2092 1579 2129 secundo
1603 2093 1616 2113 5
1640 2103 1649 2128 :
1675 2103 1693 2125 ι(
1711 2090 1801 2126 Vidi
1823 2089 2062 2134 calumnias,
2084 2098 2172 2136 quae
2190 2088 2264 2124 sub
2285 2087 2367 2124 sole

1332 2157 1530 2202 geruntur,
1554 2156 1590 2190 et
1608 2153 1805 2200 lacrymas
1824 2152 2104 2194 innocentum,
2126 2152 2163 2186 et
2188 2149 2368 2186 consola-

1331 2222 1460 2255 torem
1475 2216 1690 2259 neminem,
1707 2225 1779 2251 nec
1797 2224 1913 2261 posse
1930 2212 2107 2249 resistere
2128 2222 2269 2249 eorum
2284 2211 2368 2248 vio-

1332 2279 1462 2317 lentiae
1494 2280 1727 2315 cunctorum
1759 2275 1907 2313 auxilio
1944 2274 2147 2311 destitutos
2181 2286 2191 2310 :
2226 2287 2244 2308 n
2282 2284 2369 2310 ecce

1332 2342 1434 2378 visio
1454 2341 1652 2377 malorum
1671 2338 1909 2375 exteriorum
1923 2336 2096 2373 serviens
2111 2335 2367 2372 miserationi.

1336 2407 1387 2441 De
1411 2403 1523 2440 tertio
1544 2404 1557 2424 ⁶
1580 2413 1588 2437 :
1616 2415 1633 2433 α
1652 2400 1739 2436 Vidi
1765 2399 1910 2446 impios
1935 2398 2132 2445 sepultos,
2155 2398 2223 2445 qui
2253 2397 2370 2434 etiam

1335 2476 1424 2502 cum
1452 2464 1582 2501 adhuc
1608 2463 1799 2506 viverent,
1826 2461 1868 2497 in
1896 2460 1985 2497 loco
2013 2462 2146 2496 sancto
2180 2462 2307 2504 erant,
2335 2462 2372 2496 et

1334 2525 1602 2563 laudabantur
1629 2524 1670 2560 in
1696 2522 1870 2567 civitate,
1902 2521 2016 2568 quasi
2046 2521 2244 2567 justorum
2275 2531 2371 2568 ope-

1335 2598 1476 2624 rum.»
1499 2586 1608 2622 Tales
1639 2586 1729 2621 sunt
1759 2582 2007 2620 simulatores
2038 2583 2078 2618 in
2109 2581 2252 2618 sanctis
2283 2592 2370 2619 mo-

1335 2648 1512 2686 nasteriis
1540 2647 1605 2683 vel
1627 2646 1767 2683 officiis
1799 2644 2023 2690 existentes,
2046 2654 2182 2681 coram
2200 2643 2371 2680 homini·

1335 2711 1411 2748 bus
1435 2708 1678 2753 laudabiles,
1706 2707 1776 2744 sed
1801 2716 1937 2743 eoram
1968 2707 2046 2756 Dep
2075 2704 2370 2753 vituperabiles,

1337 2772 1406 2820 qui
1425 2769 1687 2808 simulationis
1703 2768 1843 2806 merito
1863 2767 2006 2815 sepulti
2023 2770 2114 2804 sunt
2131 2768 2172 2804 in
2189 2766 2342 2804 inferno
2360 2779 2368 2803 ε

1337 2845 1427 2873 ecce
1453 2833 1553 2870 visio
1587 2831 1787 2868 malorum
1817 2829 2049 2867 inferiorum
2077 2829 2250 2866 serviens
2278 2839 2371 2866 cau·-

1336 2896 1447 2933 tioni.

1653 2941 1841 2976 Articulus
1867 2939 2053 2976 secundus.

1384 3021 1574 3058 Malorum
1600 3018 1846 3067 exasperatio
1874 3017 2178 3062 demonstratur,
2199 3025 2290 3052 cum
2308 3024 2369 3051 se-

1338 3083 1470 3132 quitur
1492 3094 1500 3119 :
1524 3083 1821 3118 praevaricantes.
1849 3081 1954 3124 Quos
1979 3089 2099 3126 supra
2117 3086 2370 3123 nuncupave-

1337 3148 1398 3183 rat
1420 3146 1702 3193 persequentes
1730 3145 1768 3180 et
1794 3141 2048 3186 tribulantes,
2078 3139 2142 3176 hic
2169 3140 2371 3186 nuncupat

1336 3208 1657 3257 praevaricantes,
1678 3209 1721 3243 ut
1741 3205 1920 3242 ostendat
1939 3204 2029 3241 illos
2056 3213 2139 3240 esse
2162 3201 2370 3239 tribulatos

1339 3274 1376 3308 et
1406 3270 1636 3307 tribulantes
1667 3281 1674 3304 :
1712 3267 1785 3303 nisi
1818 3266 1981 3304 fuissent
2007 3264 2167 3301 interius
2193 3263 2369 3301 tribulati

1339 3362 1411 3394 xix,
1432 3354 1463 3384 3.
1482 3367 1521 3376 -—
1537 3351 1550 3372 δ
1568 3350 1690 3387 ΕσςΙε.,
1713 3357 1747 3389 x,
1768 3350 1799 3380 7.
1816 3365 1858 3372 -—
1877 3349 1890 3370 ⁸
1906 3347 2028 3388 Eccle.,
2047 3355 2090 3386 w,
2116 3350 2141 3380 l.
2159 3365 2198 3371 -
2216 3348 2228 3365 ⁸
2249 3346 2366 3385 Eccle.‚

1340 3409 1416 3441 vm,
1437 3403 1528 3432 ¹0.-
1555 3398 1598 3438 (α)
1624 3397 1716 3429 Edit.
1744 3396 1819 3430 Ven.
1842 3394 2026 3427 moraliter.

2419 1414 2490 1441 Trio.

2383 1455 2461 1483 mala
2476 1452 2527 1489 pie

2382 1495 2521 1524 videnda.
