2633 3878
1028 230 1268 273 PSALMUS
1298 232 1469 273 cxvlll.

179 326 284 363 enim
313 336 459 364 nomen
491 331 546 364 est
570 327 814 365 humilitatis.
847 323 1018 370 QuaeriS,
1053 323 1207 369 quare?

177 388 332 436 Triplici
351 389 502 426 ratione
524 401 532 425 z
553 389 647 436 quia
673 399 809 425 servus
841 389 898 424 est
917 384 1074 422 debitor
1095 382 1209 419 timo-

178 451 249 498 ris,
283 451 440 488 debitor
474 451 626 498 operis,
662 454 698 487 et
736 450 892 487 debitor
925 447 1099 485 honoris.
1141 449 1211 484 Per

179 514 360 552 timorem
389 514 618 551 humiliatur
652 514 835 560 interius;
862 523 934 561 per
962 522 1083 559 opus,
1107 512 1209 547 exte-

178 576 283 623 rius;
317 587 388 624 per
423 576 619 613 honorem
646 604 656 621 ,
695 575 869 612 interius.
911 576 960 611 De
997 573 1128 621 primo
1164 573 1207 607 ¹:

182 652 200 672 α
219 639 357 675 Servus
379 637 589 675 Dominum
609 648 725 674 suum
745 637 897 674 timebit
919 649 927 673 ε
950 650 967 671 n
988 645 1077 672 ecce
1098 634 1209 671 debi-

179 703 262 736 tum
290 699 454 736 timoris.
490 701 540 736 De
571 700 747 736 seeundo
767 701 781 722 ²
803 711 811 736 ε
838 698 1008 743 «Panis,
1029 699 1067 735 et
1097 696 1212 734 disci—

178 761 306 809 plina,
328 764 366 799 et
393 772 493 810 opus
521 771 634 798 servo
657 773 665 797 :
687 776 704 796 »
731 772 820 798 ecce
852 760 1032 798 debitum
1065 758 1210 807 operis.

181 826 230 861 De
250 824 362 861 tertio
383 825 396 847 ³
414 835 422 860 :
449 836 468 858 (ι
485 824 592 861 Servi
613 824 798 861 dominos
818 834 910 859 suos
931 822 1040 860 omni
1060 822 1211 859 honore

181 885 322 932 dignos
352 886 588 923 arbitren'ur
619 897 627 922 :
656 899 673 920 ι»
711 896 798 922 eece
827 885 1006 922 debitum
1034 884 1210 922 honoris.

522 990 706 1025 Articulus
732 990 873 1024 tertius.

227 1071 405 1108 Hilaritas
423 1073 647 1117 annotatur,
669 1082 761 1107 eum
790 1070 950 1108 additur
974 1083 981 1107 :
1005 1072 1047 1106 1η
1069 1071 1210 1107 bonum.

180 1133 295 1179 Quod
314 1135 371 1171 est
385 1133 560 1171 hilariter
579 1135 847 1182 operandum,
871 1145 994 1182 quare
1013 1135 1213 1171 hilariter?

179 1196 276 1241 Quia
294 1196 458 1234 faciliter
480 1209 489 1233 :
511 1207 606 1234 nam
625 1196 789 1234 facilitas
821 1197 952 1245 operis
979 1197 1214 1234 hilaritatem

179 1261 341 1305 generat
367 1258 578 1306 operantis.
601 1258 667 1295 Hic
686 1263 813 1306 potest
844 1260 968 1297 notari
991 1270 1108 1307 super
1124 1258 1214 1295 faci-

179 1320 283 1357 litate
302 1320 422 1366 honi,
444 1320 556 1368 quod
574 1320 748 1365 bonum,
771 1321 813 1357 in
834 1324 1025 1368 quantum
1046 1321 1213 1367 bonum,

179 1385 236 1420 est
253 1382 544 1429 desiderabile3
563 1383 604 1419 in
633 1385 826 1430 quantum
852 1383 1137 1428 desideratum,
1161 1385 1217 1419 est

182 1444 408 1492 operabile3
430 1445 470 1481 in
496 1447 690 1492 quantum
716 1447 943 1493 operatum,
966 1447 1022 1482 est
1039 1445 1214 1481 honora-

180 1506 272 1543 bile.
297 1506 612 1543 Desiderabilitas
633 1509 765 1544 movet
798 1507 1018 1544 affectivam
1034 1520 1044 1553 3
1078 1517 1217 1555 opera-

180 1568 332 1614 bilitas‚
365 1568 611 1615 effectivam;
642 1569 956 1616 honorabilitas,
986 1570 1215 1616 agnitivam.

180 1632 339 1678 Propter
369 1631 486 1666 istum
514 1631 710 1678 triplicem
735 1634 888 1668 motum
915 1634 971 1668 est
992 1632 1147 1668 bonum
1164 1631 1218 1668 fa-

180 1691 318 1738 ciliter,
340 1694 376 1728 et
393 1702 464 1740 per
483 1702 729 1740 consequens
756 1693 932 1730 hilariter
953 1694 1214 1742 operandum.

179 1755 231 1791 De
250 1753 415 1802 primo?
437 1766 445 1790 :
471 1767 490 1788 «
507 1753 753 1791 Desiderium
776 1756 977 1802 justorum
997 1766 1114 1792 omne
1143 1755 1216 1792 bo-

179 1827 304 1853 num:
328 1829 346 1851 »
370 1826 459 1852 eece
491 1816 588 1853 boni
621 1816 970 1862 desiderabilitas3
1004 1818 1116 1865 quod
1149 1828 1217 1854 ex-

180 1877 352 1926 pressius
372 1878 467 1914 dicit
498 1878 706 1926 Dionysius
727 1881 740 1901 ⁵
763 1892 771 1916 :
798 1892 816 1913 «
849 1882 1000 1917 Bonum
1017 1909 1028 1925 ‚
1060 1879 1216 1927 inquit,

182 1941 407 1979 desiderant
427 1942 562 1978 omnia
581 1954 590 1978 ;
613 1942 894 1980 intellectualia
920 1943 1082 1990 quidem
1104 1946 1140 1979 et
1157 1953 1218 1980 ra-

181 2004 362 2050 tionalia,
394 2004 611 2051 cognitive,
634 2005 834 2042 sensibilia
865 2008 1021 2047 autem,
1054 2004 1218 2041 sensibi-

179 2067 267 2104 liter
281 2079 292 2114 ;
313 2067 488 2115 expertia
507 2077 603 2104 vero
629 2077 766 2104 sensus
775 2095 787 2114 ,
805 2067 976 2105 naturali
994 2070 1106 2104 motu
1124 2067 1218 2104 vivi-

180 2129 245 2167 fici
277 2130 460 2167 desiderii
482 2143 492 2177 ;
523 2130 695 2166 carentia
727 2133 858 2166 autem
886 2130 986 2175 vita,
1007 2132 1043 2167 et
1065 2131 1219 2166 tantum

181 2192 384 2229 existentia
403 2192 620 2240 aptitudine
637 2220 648 2238 ,
670 2192 718 2229 ad
739 2192 866 2229 solam
886 2192 1111 2229 substantiae
1130 2202 1220 2238 par-

180 2254 460 2302 ticipationem.
494 2268 510 2289 »
546 2257 598 2291 De
631 2255 806 2291 secundo
825 2255 869 2290 6:
895 2257 1032 2291 «Dum
1064 2257 1219 2302 tempus

181 2316 394 2362 habemus,
414 2327 627 2365 operemur
646 2317 801 2353 bonum
821 2316 873 2353 ad
893 2327 1030 2353 omnes
1054 2329 1062 2353 :
1086 2330 1104 2350 »
1130 2327 1218 2353 ecce

181 2378 279 2415 boni
299 2378 568 2425 operabilitas.
585 2380 636 2414 De
654 2379 766 2415 tertio
781 2380 795 2401 ⁷
818 2391 826 2414 :
849 2378 1000 2424 Gloria,
1016 2381 1052 2415 et
1074 2378 1219 2424 honor,

184 2442 220 2476 et
238 2449 315 2486 pax
335 2439 442 2476 omni
473 2439 653 2486 operanti
675 2440 828 2477 bonum
851 2452 859 2476 ε
880 2453 898 2474 ι)
924 2450 1013 2477 ecce
1033 2440 1129 2477 boni
1149 2440 1221 2476 ho-

184 2500 428 2538 norabilitas.

512 2600 703 2635 Articulus
728 2603 895 2646 quastus.

233 2687 530 2726 Rationabilitas
562 2689 795 2734 denotatur,
824 2700 916 2726 cum
945 2689 1087 2726 dicitur
1109 2702 1117 2726 :
1140 2692 1221 2728 Non

185 2753 451 2788 calumnientur
469 2762 522 2788 me
549 2753 699 2798 superbi
713 2765 723 2799 ;
748 2752 842 2800 quia
867 2752 1067 2790 calumnia
1085 2764 1222 2801 super-

185 2815 349 2861 borum,
372 2816 429 2850 est
446 2814 599 2850 malum
620 2814 779 2852 difficile
800 2815 1051 2853 tolerandum
1073 2829 1081 2853 :
1105 2817 1220 2854 obse-

187 2876 326 2924 quium
372 2879 505 2913 autem
542 2877 777 2916 rationabile
824 2882 978 2917 recusat
1021 2880 1221 2926 obJectum

189 2937 364 2984 difficile,
396 2939 587 2986 quoniam
605 2939 973 2989 improportionalc.
1003 2942 1069 2979 Hic
1095 2945 1224 2990 potest

188 3000 341 3047 notari,
371 3001 482 3048 quod
511 3002 614 3039 circa
645 3003 717 3039 tria
747 3005 936 3051 contingit
958 3004 1220 3041 calumniari:

189 3063 293 3101 circa
313 3065 421 3101 bona
439 3068 602 3112 naturae,
621 3067 725 3104 cirea
745 3068 853 3104 bona
871 3068 1050 3112 fortunae,
1065 3070 1101 3104 et
1121 3068 1224 3104 circa

189 3127 298 3164 bona
325 3127 471 3173 gratiae.
499 3128 673 3165 Primum
704 3130 869 3176 pertinet
897 3129 949 3165 ad
977 3129 1224 3176 corporalem

191 3189 515 3237 dispositionem3
537 3190 757 3227 secundum
783 3191 834 3228 ad
855 3191 1113 3238 temporalem
1133 3202 1224 3239 pos-

191 3251 436 3296 sessionem;
470 3252 626 3289 tertium
659 3252 711 3289 ad
740 3253 934 3290 moralem
963 3254 1226 3292 conversatio-

191 3324 296 3351 nem.
320 3316 370 3350 De
390 3314 519 3362 primo
540 3315 553 3336 ⁸
576 3327 585 3351 :
613 3327 631 3348 «
649 3315 721 3360 Qui
739 3315 1001 3353 calumniatur
1021 3319 1224 3363 egentem,

195 3376 407 3423 exprobrat
424 3377 562 3415 factori
588 3377 672 3424 ejus
695 3389 703 3414 ε
726 3391 744 3412 »
774 3387 863 3414 ecce
886 3377 1084 3415 calumnia
1104 3378 1226 3416 factu-

242 3464 246 3476 ·
268 3459 402 3497 Malae..
423 3469 447 3501 1,
464 3464 496 3492 ti.
509 3478 550 3483 —
564 3461 576 3482 ²
592 3462 712 3500 Ecclz'„
732 3470 858 3502 xxxiii,
876 3464 925 3494 253.
949 3480 981 3483 -
1000 3462 1013 3483 ³
1031 3462 1038 3492 Ι
1065 3463 1161 3503 Tim,
1179 3471 1226 3503 vi,

198 3508 226 3537 1.
248 3523 288 3528 —
307 3506 316 3524 ⁴
338 3507 446 3545 prov„
468 3515 516 3548 xi,
538 3510 587 3540 13.
607 3525 647 3532 —
667 3510 679 3531 ⁵
697 3508 810 3549 bion„
831 3508 870 3540 cle
898 3509 974 3540 Div.
994 3509 1105 3550 Nom„
1125 3519 1154 3541 c.
1180 3518 1224 3542 iv.

2241 234 2318 271 475

1286 331 1358 367 roe,
1379 321 1578 368 pertinens
1597 321 1648 358 ad
1668 324 1864 359 naturam.
1886 324 1937 359 De
1958 321 2132 358 secundo
2151 321 2190 356 ⁹:
2213 330 2232 353 ι(
2251 321 2320 356 Ac-

1286 383 1425 420 cedam
1454 383 1507 420 ad
1535 393 1608 420 vos
1637 382 1678 419 in
1705 383 1881 430 judicio,
1901 386 1938 420 et
1968 393 2035 420 ero
2069 382 2174 419 testis
2203 380 2319 418 velox

1286 444 1497 489 maleficis,
1520 447 1556 482 et
1578 444 1786 490 adulteris,
1809 447 1845 481 et
1861 444 2051 492 perjuris,
2083 446 2121 481 et
2152 443 2220 491 qui
2251 453 2319 479 cu-

1286 507 1528 544 lumniantur
1555 506 1782 544 mercedem
1812 505 2042 543 mercenarii
2067 518 2075 542 :
2107 519 2124 540 n
2149 515 2237 542 ecce
2258 514 2321 541 ca·

1287 568 1439 605 lumnia
1467 569 1660 606 mercedis
1695 568 1896 617 pertinens
1934 568 1986 604 ad
2024 567 2238 604 fortunam.
2270 567 2322 603 De

1287 631 1400 668 tertio
1424 632 1450 654 ¹⁰
1473 644 1480 666 :
1509 644 1526 665 «
1545 632 1753 669 Dominum
1784 631 1978 668 Christum
2010 630 2246 667 sanctificate
2267 643 2278 676 ;
2299 644 2316 664 n

1288 696 1324 730 et
1339 693 1440 730 infra
1463 705 1471 729 :
1495 707 1512 727 ιι
1533 695 1577 729 Ut
1597 694 1637 730 in
1657 704 1728 739 eo,
1747 693 1857 741 quod
1879 692 2088 730 detrahunt
2113 691 2162 728 de
2181 690 2321 736 vobis,

1289 754 1602 800 confundantur,
1636 755 1704 802 qui
1736 755 2026 792 calumniantur
2053 756 2224 790 vestram
2249 752 2323 789 bo-

1287 828 1382 855 nam
1402 816 1741 854 conversationem
1769 817 1810 852 in
1828 817 2002 862 Christ03
2025 829 2042 850 n
2067 825 2156 853 ecce
2177 814 2324 852 calum-

1287 880 1354 918 nia
1389 879 1507 917 bonae
1547 878 1886 924 conversationis,
1916 878 2116 926 pertinens
2153 877 2206 914 ad
2239 886 2325 923 gra-

1287 942 1383 978 tiam
1410 941 1527 978 :talis
1564 940 1719 978 videtur
1755 940 1977 985 columnia,
2011 950 2133 988 quam
2166 941 2323 976 veretur

1288 1005 1496 1053 Propheta.

1724 1050 1895 1091 Epilogus.

1340 1129 1397 1167 Ait
1414 1139 1507 1176 ergo
1527 1127 1880 1176 Psalmographus,
1902 1128 2093 1174 tanquam
2111 1126 2153 1162 in
2173 1125 2324 1163 Christo

1288 1191 1479 1240 parvulus
1501 1204 1510 1228 :
1531 1193 1700 1238 suscipe,
1726 1192 1921 1238 quantum
1942 1189 1994 1225 ad
2017 1192 2125 1225 actus
2151 1191 2329 1236 accepta·

1288 1254 1499 1299 bilitatem,
1521 1265 1610 1302 quae
1628 1252 1786 1301 respicit
1805 1262 1966 1288 causam
1981 1250 2144 1288 finalem
2152 1263 2162 1296 ;
2177 1250 2327 1286 Servum

1291 1321 1412 1363 tuum,
1433 1319 1626 1364 quantum
1655 1315 1707 1352 ad
1735 1313 2020 1359 humilitatem,
2049 1323 2138 1360 quae
2171 1311 2330 1360 respicit

1291 1390 1450 1417 causam
1466 1378 1724 1424 efficientem3
1745 1379 1787 1414 In
1811 1377 1962 1421 bonum,
1985 1379 2179 1422 quantum
2199 1374 2252 1411 ad
2270 1374 2329 1411 hi-

1289 1441 1506 1487 laritatem,
1527 1451 1615 1488 quae
1642 1439 1802 1487 respicit
1832 1448 1992 1474 causam
2022 1436 2253 1481 formalem
2275 1437 2329 1474 Ne

1290 1505 1556 1540 calumnientur
1582 1513 1638 1538 me
1663 1501 1827 1547 superbi,
1856 1501 2048 1547 quantum
2074 1498 2127 1535 ad
2151 1498 2326 1535 rationa-

1291 1565 1484 1602 bilitatem
1498 1593 1510 1610 ,
1530 1575 1618 1612 quae
1634 1563 1791 1611 respicit
1811 1572 1971 1599 causam
1992 1560 2248 1598 materialem.

1655 1710 1881 1738 VERSICULUS
1907 1710 1958 1737 xl.

1340 1817 1423 1853 123.
1466 1816 1571 1852 Oculi
1599 1816 1670 1851 mei
1709 1814 1929 1859 defecerunt,
1951 1814 2025 1849 etc.
2052 1810 2206 1848 Vidistis
2237 1810 2331 1848 ado-

1292 1877 1552 1916 lescentulam
1596 1876 1820 1924 aequitatem
1870 1873 2090 1912 calumnias
2133 1882 2331 1920 expaven-

1292 1945 1370 1979 tem
1403 1968 1414 1986 ,
1456 1943 1493 1977 et
1529 1938 1814 1976 calumniantes
1867 1938 2073 1974 caventem
2101 1948 2113 1981 ;
2165 1934 2330 1971 videatis

1293 2002 1477 2040 eamdem
1528 2001 1726 2038 defectum
1774 1998 1983 2047 proprium
2035 1999 2326 2044 agnoscentem.

1292 2067 1389 2103 Nam
1420 2063 1624 2101 Psalmista
1644 2092 1656 2109 ‚
1702 2062 1771 2099 tali
1810 2060 2066 2108 dispositione
2101 2067 2330 2107 praesuppo-

1293 2129 1386 2174 sita,
1407 2127 1539 2176 psallit
1568 2127 1621 2164 ita
1643 2139 1652 2163 ε
1676 2127 1780 2163 Oculi·
1807 2127 1901 2170 met,
1923 2127 2011 2169 etc.;
2049 2133 2094 2160 ac
2127 2122 2159 2159 si
2192 2121 2298 2158 dicat
2320 2133 2328 2158 ε

1292 2192 1432 2227 Fateor
1467 2189 1676 2227 oculorum
1717 2188 1950 2225 interiorum
1994 2185 2190 2222 desectum
2227 2183 2332 2220 circa

1292 2252 1548 2301 praemiorum
1574 2254 1611 2288 et
1635 2251 1866 2287 meritorum
1895 2250 2112 2297 aspectum.
2139 2246 2211 2283 Ubi
2236 2255 2333 2293 pen-

1293 2326 1377 2353 sare
1395 2324 1608 2362 possumus
1627 2341 1640 2360 ,
1673 2313 1742 2361 qui
1771 2313 1847 2349 sint
1874 2311 2001 2357 oculi,
2024 2310 2113 2358 quis
2133 2309 2348 2354 defectus,

1293 2377 1382 2426 quis
1418 2377 1707 2426 praemiorum,
1743 2375 1832 2424 quis
1867 2374 2098 2411 meritorum
2136 2372 2329 2419 aspectus.

1293 2439 1404 2478 Oculi
1443 2441 1618 2487 spectant
1653 2438 1705 2475 ad
1735 2437 2018 2486 speculativam
2051 2437 2088 2472 et
2117 2433 2332 2483 practicam

1293 2502 1513 2545 rationem;
1532 2500 1704 2537 defectus
1726 2500 1778 2537 ad
1797 2498 2014 2536 affectionis
2032 2496 2330 2542 remissionem;

1293 2564 1549 2613 praemiorum
1579 2566 1759 2610 aspectus
1791 2561 1843 2598 ad
1873 2561 2010 2597 salutis
2047 2557 2330 2596 consideratio-

1294 2638 1386 2664 nem
1397 2640 1407 2673 ;
1429 2626 1661 2663 meritorum
1682 2626 1860 2672 aspectus
1891 2623 1942 2660 ad
1962 2621 2114 2659 virtutis
2133 2619 2332 2668 operatio-

1295 2701 1401 2727 nem.

1629 2734 1820 2771 Articulus
1841 2735 1996 2780 primus.

1343 2816 1539 2859 Quantum
1559 2811 1610 2849 ad
1631 2811 1820 2859 primum,
1842 2809 1984 2846 dicitur
2006 2820 2014 2845 :
2040 2808 2145 2845 Oculi
2162 2809 2243 2843 mei.
2272 2807 2333 2844 Isti

1295 2876 1494 2925 siquidem
1516 2874 1623 2913 oculi
1644 2884 1726 2910 non
1746 2875 1836 2910 sunt
1855 2871 2027 2908 sensitivi
2040 2898 2052 2917 ,
2068 2870 2139 2907 sed
2159 2868 2334 2906 intellec-

1296 2939 1364 2976 tivi
1386 2967 1397 2985 ,
1427 2940 1509 2975 tam
1537 2935 1852 2984 contemplativi,
1883 2944 2004 2982 quam
2029 2932 2146 2970 activi
2169 2944 2177 2969 :
2200 2931 2335 2969 divina

1298 3001 1485 3049 imperia,
1503 2999 1668 3047 judicia,
1686 2998 1854 3046 praemia
1873 2995 2120 3045 speculantes
2130 3006 2142 3041 3
2161 2995 2336 3031 humana

1298 3063 1508 3108 desideria,
1530 3061 1704 3110 eloquia,
1724 3062 1762 3098 et
1785 3058 1969 3097 exercitia
1982 3057 2217 3104 regulantes.
2227 3055 2335 3093 Tales

1299 3126 1437 3164 oculos
1467 3124 1672 3162 interiores
1696 3122 1898 3170 Scriptura
1920 3121 2144 3167 frequenter
2165 3116 2336 3154 insinuat

1298 3199 1370 3237 per
1381 3188 1518 3226 oculos
1530 3186 1755 3224 exteriores.
1780 3183 1887 3221 Unde
1900 3181 2135 3226 notandum,
2151 3179 2264 3227 quod
2281 3178 2336 3216 le-

1299 3252 1429 3299 gimus
1440 3250 1574 3288 oculos
1587 3248 1782 3294 ardentes,
1795 3246 1931 3284 oculos
1945 3245 2181 3285 deficientes,
2198 3241 2336 3280 oculos

1297 3314 1477 3351 videntes
1500 3325 1508 3349 ε
1530 3321 1704 3360 quorum
1728 3309 1845 3358 primi
1861 3308 2055 3357 pertinent
2075 3305 2127 3343 ad
2144 3308 2337 3351 transgre-

1300 3376 1468 3421 dientes;
1481 3373 1660 3418 secundi,
1675 3372 1726 3409 ad
1746 3370 2032 3418 regredientes3
2046 3367 2166 3414 tertii,
2181 3366 2233 3405 ad
2245 3376 2337 3415 pro·

1301 3479 1340 3485 -
1365 3467 1376 3478 ··
1394 3460 1521 3499 Galat„
1543 3466 1588 3497 vi,
1615 3460 1661 3488 18.
1689 3474 1726 3480 —
1749 3457 1756 3470 ⁷
1779 3456 1882 3492 nom..
1904 3463 1943 3493 11,
1973 3456 2019 3485 10.
2040 3470 2079 3476 —
2101 3452 2115 3474 ὓ
2135 3454 2242 3493 Ρνου.,
2265 3458 2334 3491 xlv,

1302 3512 1353 3541 3¹.
1374 3526 1415 3533 —
1433 3510 1445 3526 ²·
1465 3505 1600 3546 Malae„
1621 3512 1672 3546 111,
1694 3507 1724 3536 5.
1747 3521 1781 3526 —-
1805 3504 1829 3525 ¹·
1853 3503 1860 3534 Ι
1886 3503 1991 3543 Petra,
2015 3508 2066 3542 ιιι,
2092 3502 2142 3541 15,
2166 3501 2216 3532 16.
