2633 3878
321 254 398 294 46ss

320 342 373 378 tio
393 340 440 376 sit
459 339 639 382 causata,
658 338 701 374 ut
724 339 934 385 praesumat
959 334 1148 381 Propheta
1180 332 1309 368 dicere
1334 344 1340 367 :

320 406 385 439 Det·
405 404 490 447 mei,
513 399 625 448 quasi
645 399 842 437 cohaerens
859 399 906 435 ci.
929 397 1043 434 Plane
1066 407 1113 431 ex
1133 395 1272 442 triplici
1289 394 1342 430 fe-

318 465 482 509 licitate;
516 463 661 499 seilicet
687 473 735 498 ex
761 461 939 498 felicitate
968 457 1206 505 accipiendi,
1234 457 1340 492 inve-

317 526 472 571 niendi,
497 524 763 571 ingrediendi3
804 523 897 570 quia
924 520 1113 567 Propheta
1143 517 1344 554 consuevit

317 587 500 624 facillime
532 590 667 635 petens
696 585 871 632 accipere
889 611 900 629 ,
935 591 1113 629 quaerens
1138 578 1311 615 invenire
1331 608 1342 624 ,

316 650 477 698 pulsans
506 649 677 686 introire.
699 648 761 683 Vis
791 645 927 683 audire
957 643 1190 690 prophetam
1222 641 1344 677 taliter

317 714 638 760 praesumentem,
658 714 846 756 tanquam
879 705 1040 744 faciliter
1065 704 1345 751 accipientem?

317 774 417 810 Audi
441 773 622 810 eumdem
655 770 915 819 psallentcm¹
940 780 948 804 :
972 782 989 801 u
1019 769 1061 803 ln
1093 774 1344 813 quacumque.

318 836 380 873 die
401 836 634 872 invocavero
655 837 689 870 te
705 861 716 879 ,
738 843 826 869 ecce
847 830 1016 877 cognovi
1036 828 1226 876 quoniam
1247 829 1345 862 Deus

317 908 427 935 meus
448 908 488 933 es
511 908 519 933 z
540 910 558 930 ι)
583 899 638 932 est
661 895 767 931 enim
799 904 877 930 vox
898 892 1120 939 frequenter
1153 887 1342 936 petentis,

317 962 353 997 et
371 959 534 996 faciliter
552 956 787 1006 accipientis.
818 956 880 991 N'is
900 953 1035 990 audire
1055 952 1179 988 taliter
1198 960 1343 997 praesu-

317 1026 510 1067 mentem,
532 1024 720 1068 tanquam
745 1017 908 1054 faciliter
928 1012 1221 1051 invenientem?
1243 1010 1343 1047 Audi

318 1082 565 1121 canentem²z
587 1096 604 1116 «
625 1083 724 1118 Doce
741 1090 804 1116 me
819 1079 946 1115 facere
962 1076 1204 1113 voluntatem
1221 1076 1342 1118 tuam,

318 1148 411 1196 quia
431 1149 528 1183 Deus
547 1156 657 1182 meus
677 1155 717 1181 es
737 1146 777 1180 tu
794 1156 804 1189 3
829 1155 845 1176 n
869 1143 925 1178 est
944 1140 1048 1177 enim
1067 1149 1147 1175 vox
1167 1136 1343 1184 frequen-

318 1213 373 1246 ter
392 1207 613 1256 quaerentis,
631 1209 667 1243 ct
680 1205 841 1243 faciliter
857 1201 1102 1240 invenientis
1125 1199 1186 1235 vis
1207 1197 1343 1235 audire

316 1271 442 1307 taliter
458 1270 783 1318 praesumentem,
815 1269 1004 1313 tanquam
1034 1262 1196 1299 faciliter
1217 1260 1344 1306 ingrc-

317 1331 518 1369 dientem?
543 1330 643 1368 Audi
669 1329 864 1366 dicentem
885 1328 898 1350 ³
923 1339 930 1363 :
957 1339 974 1361 «
993 1325 1050 1363 Ad
1064 1326 1125 1369 te,
1154 1322 1317 1359 Domine
1331 1349 1342 1367 ,

316 1393 444 1431 levavi
465 1394 638 1430 animam
660 1403 811 1438 meam;
834 1393 932 1427 Deus
951 1399 1084 1434 meus,
1104 1386 1145 1422 in
1165 1388 1200 1422 te
1222 1383 1343 1421 confi-

317 1456 391 1502 do,
410 1466 492 1493 non
512 1454 759 1500 erubescam3
780 1467 797 1489 »
823 1456 879 1490 est
898 1451 1004 1489 enim
1022 1460 1101 1486 vox
1119 1448 1343 1495 frequenter

315 1518 523 1567 pulsantis,
544 1520 581 1554 et
607 1516 770 1554 faciliter
801 1513 1075 1561 ingredientis;
1115 1510 1225 1548 aliter
1262 1519 1345 1544 eru-

316 1581 487 1626 buisset,
506 1579 581 1616 nisi
602 1578 766 1617 faciliter
786 1576 1002 1621 introisset,
1021 1574 1120 1610 sicut
1146 1571 1345 1619 pulsantes

317 1643 570 1689 erubescunt,
592 1652 683 1679 cum
701 1640 861 1678 introire
881 1649 962 1676 non
982 1637 1159 1685 possunt.

745 1748 915 1790 Epilogus.

367 1835 407 1870 Et
437 1833 513 1869 hoc
542 1834 617 1878 est,
645 1830 755 1878 quod
782 1828 983 1866 Psalmista
1010 1826 1121 1871 dicit,
1156 1827 1345 1870 tanquam

317 1905 487 1943 persona
506 1904 593 1940 quae
613 1903 636 1930 a
657 1892 892 1936 defectione,
914 1900 1034 1936 quam
1054 1884 1344 1929 animadvertit,

318 1957 517 1994 celerrime
538 1967 578 1992 se
598 1954 733 1992 avertit
754 1966 762 1989 :
794 1954 976 1988 Declinate
1005 1963 1027 1987 a
1054 1960 1130 1995 me,
1151 1950 1346 1996 quantum

318 2019 370 2055 ad
399 2018 630 2066 dignitatem
659 2014 914 2064 separationis
928 2027 939 2061 3
960 2014 1131 2058 maligni,
1152 2010 1345 2057 quantum

318 2081 370 2118 ad
400 2080 672 2127 indignitatem
703 2077 857 2126 operis;
889 2080 921 2112 et
947 2075 1129 2112 scrutabor
1156 2071 1347 2115 mandata,

318 2145 512 2191 quantum
537 2142 590 2179 ad
619 2140 849 2187 dignitatem
877 2136 1134 2185 operationis3
1163 2136 1230 2170 Dei
1256 2134 1344 2174 mei,

318 2209 510 2253 quantum
529 2205 582 2242 ad
600 2204 873 2252 indignitatem
891 2198 1160 2249 separationis.

680 2347 907 2376 VERSICULUS
933 2346 984 2372 lv,

370 2458 448 2493 116.
470 2455 615 2501 Suscipe
633 2463 686 2490 me
705 2450 896 2489 secundum
924 2449 1103 2494 eloquium
1130 2449 1252 2491 tuum,
1275 2447 1344 2482 etc.

319 2519 489 2565 Qualiter
519 2517 672 2554 animus
701 2525 725 2551 a
755 2512 988 2557 defectione,
1018 2519 1139 2557 quam
1167 2506 1348 2545 animad—

319 2581 446 2627 vertit,
467 2580 572 2616 illico
594 2589 634 2615 se
651 2577 804 2621 avertit,
827 2573 1052 2623 praecedens
1072 2581 1208 2608 versus
1229 2579 1348 2616 expo-

320 2643 420 2690 suit;
451 2641 616 2690 qualiter
649 2642 781 2677 autem
810 2637 862 2674 ad
894 2635 1194 2684 perlectionem,
1227 2642 1347 2680 quam

321 2705 506 2750 advertit,
527 2702 712 2741 continuo
733 2712 772 2738 se
793 2699 1002 2744 convertit,
1024 2708 1195 2746 praesens
1214 2707 1350 2732 versus

322 2767 494 2815 exponit.
516 2768 613 2802 Nam
630 2763 822 2811 Propheta
843 2763 1058 2799 conventus
1079 2759 1243 2796 coelestis
1261 2770 1349 2807 per-

321 2828 531 2866 fectionem
555 2826 774 2871 admirans,
795 2835 840 2862 ac
860 2824 911 2861 ad
930 2823 1052 2871 ipsius
1073 2822 1351 2859 admistionem

325 2892 514 2939 aspirans,
536 2890 655 2926 talem
674 2888 903 2936 petitionem
922 2886 1107 2934 proponit
1126 2885 1165 2921 in
1186 2884 1350 2921 audien-

323 2953 378 2989 tia
410 2952 552 2988 divinae
580 2950 810 2997 majestatis,
840 2952 876 2985 et
903 2948 1163 2985 assistentium
1191 2946 1352 2993 angelo-

325 3025 434 3060 rum,
457 3012 616 3061 qualem
646 3011 817 3048 novitius
842 3020 1064 3057 proponere
1091 3009 1294 3046 consuevit
1314 3008 1353 3044 in

324 3075 530 3123 praesentia
554 3073 727 3118 abbatis,
753 3075 789 3108 et
817 3071 1025 3107 astantium
1050 3071 1351 3107 monachorum.

326 3137 386 3174 Ait
403 3136 508 3173 enim
529 3147 537 3172 :
561 3135 708 3180 Suscipe
733 3145 807 3179 me,
840 3136 927 3178 etc.;
958 3142 1003 3169 ac
1029 3132 1059 3167 si
1087 3132 1232 3168 diceret
1256 3142 1353 3168 voce

328 3198 434 3235 clara
455 3209 463 3234 :
486 3197 644 3244 Suscipe
665 3206 728 3232 me
748 3194 1025 3243 professorem,
1044 3193 1262 3230 secundum
1281 3195 1355 3228 tuae

327 3260 598 3308 promissionis
619 3262 816 3305 tenorem3
840 3261 877 3295 et
895 3257 1018 3294 redde
1040 3256 1159 3292 vitam
1180 3256 1354 3302 superio-

327 3333 431 3368 rem,
467 3333 541 3370 pro
584 3332 664 3369 qua
703 3319 920 3367 contempsi
955 3319 1077 3355 vitam
1114 3317 1352 3354 inferiorem.

328 3386 424 3421 Ecce
448 3383 582 3432 petitio
609 3381 863 3430 professoris,
891 3379 1102 3428 promissio
1132 3379 1356 3425 Salvatoris,

373 3513 385 3535 ¹
402 3512 496 3544 Psal.
517 3519 571 3550 ιν,
590 3514 640 3544 lo.
659 3529 700 3536 —
716 3512 726 3530 ²
747 3510 839 3543 Psal.
860 3518 967 3551 exui,
991 3512 1039 3542 10.
1065 3526 1097 3533 —
1120 3510 1133 3531 ³
1151 3508 1240 3541 Psal.
1263 3516 1358 3548 xxiv,

1011 242 1283 287 EXPOSITIO
1315 243 1367 284 ΙΝ
1399 244 1750 289 PSALTERIUM.

1418 334 1610 382 appetitus
1637 335 1725 372 vitm,
1758 335 1988 383 superioris,
2018 337 2054 372 et
2080 338 2326 386 contemptus
2357 340 2444 377 vitae

1418 395 1622 433 inferioris.
1651 397 1782 434 Potitio
1813 407 1905 433 sanc
1932 396 2052 443 digna
2079 400 2326 446 acceptione;
2351 413 2444 449 pro-

1419 459 1551 496 missio
1585 460 1705 507 digna
1734 461 1950 508 solutione3
1978 461 2170 509 appetitus
2199 462 2343 509 dignus
2371 464 2443 501 im-

1417 521 1602 568 pletione,
1623 526 1660 559 et
1679 526 1922 571 contemptus
1942 523 2128 570 indignus
2151 523 2396 562 confusione.

1756 627 1937 663 Articulus
1961 629 2114 673 primus.

1467 707 1614 743 Primus
1634 706 1750 753 igitur
1770 707 1992 751 denotatur,
2010 719 2099 745 cum
2117 709 2256 746 dicitur
2271 721 2280 746 z
2298 710 2447 757 Suscipe

1419 779 1493 810 me,
1527 768 1670 805 scilicet
1701 769 1749 805 ad
1789 769 2071 817 perfectionem
2104 770 2326 817 coelestem,
2359 773 2443 809 tan—

1420 839 1541 875 quam
1567 830 1760 866 novitium
1780 831 2052 878 profitentem,
2074 831 2228 869 divitias
2237 860 2248 878 ,
2272 833 2445 880 delicias,

1419 895 1453 927 et
1475 891 1690 929 voluntates
1710 894 1890 941 proprias
1911 894 2170 932 dimittentem
2193 908 2201 932 :
2229 896 2324 944 quia
2348 907 2446 933 meae

1420 952 1576 1000 divitiae,
1594 956 1630 990 te
1652 957 1799 1001 tenere;
1822 966 1919 992 meae
1940 956 2103 1003 deliciae,
2121 959 2156 993 te
2176 957 2309 994 videre
2318 970 2329 1004 3
2352 969 2448 995 meae

1420 1015 1765 1062 concupiscentiae,
1796 1017 1866 1053 tibi
1899 1018 2202 1063 praecordialiter
2235 1019 2446 1057 adhaerere.

1419 1076 1527 1113 Unde
1551 1078 1791 1125 notandum,
1812 1080 1922 1126 quod
1943 1079 2129 1116 Dominus
2154 1080 2315 1129 suscipit
2334 1091 2358 1118 a
2377 1092 2450 1118 no-

1418 1137 1513 1176 vitio
1526 1167 1537 1185 ,
1559 1149 1640 1176 non
1661 1139 1743 1177 sine
1763 1151 1910 1188 magno
1930 1141 2082 1189 pietatis
2103 1142 2282 1189 consilio,
2308 1142 2449 1190 triplex

1421 1203 1573 1248 votum3
1608 1204 1743 1249 utpote
1777 1204 2015 1251 paupertatis
2045 1204 2299 1251 voluntariae,
2330 1204 2452 1242 conti-

1419 1264 1581 1311 nentiae,
1608 1265 1842 1301 obedientiae
1865 1277 1873 1301 :
1902 1267 2094 1313 quatenus
2122 1277 2192 1314 per
2217 1266 2451 1314 tripartitum

1419 1327 1602 1363 meritum
1635 1327 1824 1364 efficiatur
1852 1327 2033 1375 capacior
2062 1327 2113 1364 ad
2145 1339 2344 1365 summum
2375 1329 2448 1366 bo·

1420 1401 1518 1427 num
1539 1391 1840 1442 capessendum,
1860 1392 2126 1440 perspicacior
2147 1392 2200 1429 ad
2217 1392 2450 1439 videndum,

1420 1453 1617 1491 efficacior
1645 1453 1697 1490 ad
1729 1453 1955 1490 fruendum.
1989 1456 2040 1490 De
2076 1454 2321 1502 susceptione
2355 1464 2452 1502 pau-

1418 1515 1577 1564 pertatis
1604 1515 1837 1553 voluntariae
1865 1526 1936 1563 per
1965 1515 2212 1553 Psalmistam
2240 1515 2381 1553 dicitur
2405 1515 2450 1552 ¹⁹:

1424 1592 1440 1610 «
1461 1579 1541 1624 Ego
1569 1588 1657 1614 sum
1682 1588 1834 1625 pauper
1861 1579 1898 1614 et
1924 1577 2062 1614 dolens
2070 1591 2083 1625 3
2105 1577 2209 1615 salus
2228 1580 2315 1624 tua,
2337 1580 2449 1624 Deus,

1419 1638 1588 1686 suscepit
1617 1650 1680 1676 me
1703 1651 1711 1675 :
1733 1652 1751 1674 »
1775 1639 1862 1686 quis
1890 1641 1945 1676 est
1970 1639 2037 1676 ille
2062 1650 2215 1688 pauper
2240 1641 2277 1676 et
2297 1639 2449 1685 dolens,

1419 1699 1493 1736 nisi
1511 1701 1800 1748 possessionem
1820 1700 2051 1738 exteriorem
2079 1712 2151 1749 per
2178 1701 2450 1750 compunctio-

1420 1772 1512 1798 nem
1526 1762 1751 1799 interiorem
1768 1762 2022 1810 relinquens?
2034 1765 2085 1799 De
2102 1763 2345 1811 susceptione
2360 1773 2451 1801 con-

1420 1824 1589 1861 tinentiae
1609 1824 1789 1861 scribitur
1809 1825 1821 1846 ὅ
1844 1836 1852 1860 z
1878 1837 1895 1858 «
1915 1824 2117 1862 Fornicata
2136 1830 2285 1862 escum
2304 1827 2451 1862 amato-

1420 1887 1529 1924 ribus
1548 1887 1680 1924 multis
1691 1900 1701 1933 3
1724 1888 1857 1923 tamen
1877 1889 2071 1924 revertere
2093 1887 2145 1924 ad
2165 1898 2242 1934 me,
2265 1887 2359 1925 dicit
2378 1889 2452 1924 Do-

1421 1949 1551 1985 minus
1562 1977 1574 1995 ,
1595 1952 1631 1986 et
1658 1960 1733 1996 ego
1761 1949 1973 1997 suscipiam
1992 1951 2029 1985 te
2051 1961 2060 1986 t
2080 1963 2097 1985 »
2123 1949 2173 1987 ab
2202 1949 2452 1987 immunditia

1420 2011 1638 2056 revertitur,
1666 2014 1702 2047 et
1728 2011 1780 2048 ad
1808 2013 1930 2048 Deum
1956 2012 2210 2058 convertitur,
2236 2012 2305 2060 qui
2328 2011 2451 2049 conti·

1420 2074 1594 2110 nentiam
1615 2072 1832 2121 profitetur.
1859 2077 1911 2109 De
1939 2074 2186 2121 susceptione
2216 2073 2451 2111 obedientiae

1421 2146 1492 2182 per
1516 2135 1750 2182 prophetam
1787 2134 1966 2183 psallitur
1986 2134 1999 2156 ⁶
2021 2147 2030 2172 :
2058 2148 2076 2170 «
2094 2135 2262 2173 Tenuisti
2285 2146 2450 2173 manum

1423 2197 1624 2234 dexteram
1643 2208 1793 2243 meam,
1818 2199 1854 2234 et
1878 2197 1920 2234 in
1937 2198 2139 2235 voluntate
2164 2200 2232 2235 tua
2253 2197 2450 2235 deduxisti

1422 2270 1506 2305 me,
1535 2261 1572 2295 et
1603 2271 1692 2296 cum
1721 2259 1848 2306 gloria
1876 2259 2078 2307 suscepisti
2105 2270 2180 2296 me.
2203 2273 2220 2295 n
2247 2262 2449 2297 Dexteram

1423 2331 1586 2358 manum
1607 2333 1629 2358 a
1653 2325 1730 2359 Deo
1752 2321 1893 2367 teneri,
1915 2324 1971 2359 est
1996 2322 2032 2358 ei
2053 2323 2146 2359 voto
2168 2321 2336 2369 simplici
2356 2321 2450 2358 obe-

1424 2383 1611 2420 dientiam
1629 2384 1819 2430 polliceri.
1844 2386 1886 2421 In
1907 2384 2108 2421 voluntate
2135 2384 2270 2421 divina
2290 2383 2450 2429 deduci,

1423 2447 1479 2482 est
1498 2445 1666 2493 simplex
1685 2446 1918 2483 obedientiae
1937 2448 2074 2482 votum
2092 2445 2144 2483 ad
2163 2445 2338 2483 solemne
2357 2455 2452 2493 per-

1425 2507 1537 2552 duci,
1557 2508 1638 2544 sive
1665 2507 1891 2545 solemniter
1914 2507 2091 2555 profiteri
2116 2520 2124 2544 :
2148 2519 2236 2556 quae
2259 2506 2451 2556 professio

1425 2569 1565 2606 dicitur
1590 2569 1734 2617 suscipi
1755 2581 1846 2606 cum
1864 2569 2011 2617 gloria,
2032 2569 2125 2618 quia
2145 2569 2352 2617 suscipitur
2371 2571 2453 2607 tan-

1424 2642 1546 2679 quam
1565 2631 1700 2678 gloriae
1718 2631 1932 2669 meritoria.

1738 2741 1928 2777 Articulus
1952 2741 2137 2777 secundm.

1473 2823 1696 2860 Secundum
1720 2825 1944 2868 annotatur,
1972 2833 2061 2859 cum
2094 2820 2253 2859 additur
2284 2833 2292 2858 :
2325 2821 2454 2858 Secun-

1427 2885 1512 2921 dum
1531 2886 1707 2931 eloquium
1728 2888 1840 2930 tuum,
1859 2884 2004 2921 scilicet
2021 2883 2276 2931 susceptionis
2291 2883 2455 2931 promis-

1427 2947 1595 2993 sorium,
1610 2947 1723 2993 juxta
1741 2946 1843 2982 illud
1863 2945 2138 2994 propheticum
2156 2946 2170 2968 ⁷
2188 2958 2197 2982 ε
2224 2958 2241 2980 ι(
2261 2947 2356 2982 Ecce
2375 2955 2454 2982 ser-

1428 3019 1499 3044 vus
1532 3019 1662 3054 meus,
1693 3007 1905 3055 suscipiam
1935 3018 2039 3043 eum.
2069 3021 2086 3043 »
2118 3007 2183 3044 llic
2212 3007 2455 3052 notandum,

1428 3073 1619 3117 quantum
1638 3069 1805 3117 pertinet
1825 3068 1877 3106 ad
1896 3068 2157 3116 propositum,
2173 3068 2285 3116 quod
2304 3071 2359 3106 est
2377 3068 2456 3106 elo-

1429 3133 1567 3179 quium
1596 3131 1850 3179 tripartitum,
1885 3130 2065 3167 videlicet
2102 3130 2309 3178 eloquium
2344 3130 2454 3178 quod

1427 3193 1678 3241 promittitur,
1699 3193 1902 3240 eloquium
1922 3192 2033 3240 quod
2059 3191 2286 3238 dimittitur,
2313 3194 2349 3228 et
2372 3191 2454 3228 elo-

1430 3256 1569 3303 quium
1594 3254 1705 3303 quod
1730 3254 1958 3292 admittitur.
1981 3253 2154 3290 Primum
2175 3254 2232 3290 est
2254 3251 2456 3299 eloquium

1429 3316 1730 3364 assumptionis3
1761 3316 2004 3360 secundum,
2038 3315 2242 3362 eloquium
2268 3312 2454 3350 ululatio—

1429 3379 1514 3426 nis;
1546 3378 1725 3424 tertium,
1755 3377 1959 3425 eloquium
1996 3374 2256 3414 exultationis.
2290 3376 2342 3412 De
2373 3374 2455 3423 pri-

1431 3463 1461 3493 2.
1483 3478 1522 3485 —
1545 3461 1558 3483 δ
1576 3460 1667 3493 Psal.
1687 3467 1818 3501 vanr,
1837 3461 1890 3492 30.
1910 3477 1951 3483 —
1972 3459 1982 3479 ⁵
2000 3459 2134 3500 Jerem„
2155 3466 2208 3498 111,
2229 3461 2260 3490 l.
2278 3476 2314 3482 —
2333 3459 2346 3478 ⁶
2365 3458 2455 3505 Psal.

1432 3517 1540 3548 mxu,
1561 3510 1611 3540 24.
1631 3525 1672 3532 —
1691 3509 1701 3526 '¹
1722 3509 1800 3547 lea„
1821 3513 1905 3547 xm,
1930 3509 1957 3537 t.
