2633 3878
71 613 176 640 Laetari

44 654 165 688 triplici-

34 695 79 721 ter
104 702 174 721 con-

33 735 132 771 tingit.

1043 142 1282 185 PSALMUS
1312 143 1483 185 CXVIII.

529 277 716 312 Articulus
741 276 891 321 primus.

242 357 301 394 Ad
319 357 535 405 potentiam
564 358 782 394 effectivam
813 356 1006 403 pertinere
1028 355 1226 402 dignosci-

197 420 281 462 tur,
317 417 427 464 quod
457 417 598 452 dicitur
630 428 637 451 :
672 417 835 452 Laetabor
855 426 936 460 eqo,
957 414 1070 462 quasi
1091 414 1195 450 dicat
1216 425 1225 449 ε

195 479 291 522 Ego,
313 476 381 522 qui
405 475 534 511 laedor
553 474 734 519 exterius,
757 474 919 510 laetabor
939 472 1121 518 interius;
1160 472 1228 519 qui

193 537 382 573 molestor
403 536 651 581 sensualiter,
674 536 839 572 laetabor
872 534 1140 571 affectualiter.
1163 533 1229 569 Hic

194 600 321 645 potest
342 597 483 643 notari,
505 597 616 644 quod
642 597 842 644 tripliciter
863 596 1054 643 contingit
1073 594 1193 631 laetari
1217 607 1225 631 :

195 669 289 696 nam
307 659 418 695 aliter
449 659 599 695 laetatur
625 658 899 703 benefaciens,
927 658 1038 694 aliter
1055 658 1229 704 benepa-

195 720 312 766 tiens,
346 720 456 756 aliter
485 719 738 756 benedicens.
775 720 926 755 Primus
949 719 1101 755 laetatur
1131 718 1230 755 sicut

196 782 328 828 gratiae
349 781 577 818 distributor
586 794 596 827 3
620 780 830 824 secundus,
851 780 951 816 sicut
976 781 1108 826 gratiae
1136 790 1229 816 con-

195 845 369 888 secutor3
394 843 540 885 tertius,
556 842 654 879 sicut
674 842 806 889 gratiae
828 852 901 888 pro
924 841 1048 887 gratia
1066 841 1229 877 retribu-

195 905 268 940 tor.
291 905 341 939 De
377 904 507 950 primo
546 903 728 940 scribitur
766 904 772 920 ¹
795 915 802 939 :
839 915 856 936 «
877 903 1052 939 Laetabor
1082 903 1122 938 in
1159 902 1228 947 eis,

196 975 286 1000 cum
306 964 360 1000 eis
379 964 610 1001 benefecero
638 976 646 1000 z
666 978 683 998 υ
707 975 795 1000 ecce
827 964 958 1000 laetitia
990 963 1143 1000 Domini
1162 963 1230 999 be-

195 1025 433 1062 nefacientis.
473 1028 522 1062 De
558 1026 734 1062 secundo
764 1036 835 1073 per
869 1025 1115 1061 psalmistam
1137 1025 1230 1062 dici-

196 1090 258 1124 tur
271 1086 284 1107 ²
302 1100 310 1124 :
337 1101 355 1122 «
375 1087 567 1124 Exultabo
579 1091 616 1123 et
634 1087 849 1123 laetaborin
865 1087 1135 1123 misericordia
1149 1090 1228 1131 tua,

197 1149 386 1196 quoniam
405 1149 608 1196 respexisti
628 1149 888 1186 humilitatem
910 1159 1054 1194 meam,
1071 1148 1229 1184 salvasti

197 1210 246 1247 de
266 1210 561 1247 necessitatibus
582 1211 756 1247 animam
777 1221 908 1247 meam
926 1223 934 1247 ε
950 1226 966 1243 »
991 1221 1079 1247 ecce
1097 1209 1230 1246 laetitia

196 1272 298 1308 servi
333 1272 630 1320 benepatientis.
668 1275 719 1309 De
752 1273 863 1309 tertio
895 1284 965 1320 per
995 1273 1230 1320 prophetam

196 1333 375 1380 psallitur
396 1335 409 1357 ⁸
432 1346 439 1370 :
467 1348 484 1367 α
504 1335 679 1371 Laetabor
710 1338 747 1370 et
771 1334 957 1371 exultabo
987 1334 1028 1370 in
1048 1337 1104 1379 te;
1130 1334 1230 1381 psal-

196 1394 278 1431 lam
297 1395 446 1431 nomini
468 1399 548 1441 tuo,
573 1396 766 1432 Altissime
791 1408 798 1432 :
819 1410 836 1431 »
862 1407 951 1432 ecce
977 1396 1111 1433 laetitia
1130 1395 1230 1431 servi

196 1456 410 1493 Dominum
430 1457 712 1494 benedicentis.

509 1561 703 1597 Amemus
728 1561 912 1597 secundus.

243 1641 301 1679 Ad
319 1641 550 1688 sapientiam
568 1642 853 1679 dulcorativam
873 1643 1032 1679 attinere
1065 1643 1229 1679 convin-

196 1703 308 1748 citur,
329 1703 440 1750 quod
459 1703 641 1749 adjicitur
674 1717 682 1740 :
714 1706 827 1751 Super
856 1706 998 1751 eloquia
1018 1709 1081 1741 tua
1103 1717 1110 1741 :
1134 1716 1232 1752 quo-

194 1765 303 1801 niam
334 1765 493 1812 eloquia
525 1766 723 1813 sapientiae
760 1769 849 1802 sunt
886 1766 1037 1813 sapida.
1069 1768 1153 1811 Quo
1174 1777 1232 1804 sa-

194 1837 306 1873 pore,
325 1826 400 1862 nisi
422 1826 611 1863 dulcore?
635 1840 653 1861 «
672 1830 757 1864 Non
778 1828 884 1864 enim
904 1828 1023 1864 habet
1044 1829 1231 1865 amaritu-

196 1888 331 1925 dinem
351 1889 596 1925 conversatio
607 1889 711 1926 illius
721 1918 733 1936 ,
756 1903 773 1924 »
791 1891 888 1926 sicut
909 1890 1078 1937 legimus
1097 1889 1122 1927 ³.
1145 1893 1230 1927 Haec

194 1950 311 1996 igitur
331 1950 489 1997 eloquia
517 1952 584 1986 tua
617 1954 704 1987 sunt
737 1952 868 1988 dulcia
904 1955 941 1988 et
967 1952 1228 1997 dulcorativa,

194 2014 274 2048 tam
304 2011 484 2057 interius,
526 2022 646 2058 quam
677 2013 844 2048 exterius
857 2025 868 2058 3
907 2013 1002 2060 quia
1041 2012 1232 2060 sapientia

194 2072 375 2109 dulcorat
405 2072 643 2120 sapientem,
674 2074 835 2110 interius
855 2085 925 2121 per
954 2085 1151 2121 saporem,
1167 2085 1232 2111 ex-

193 2134 312 2170 terius
328 2145 399 2181 per
420 2134 599 2171 odorem.
623 2136 666 2171 Et
691 2138 805 2181 nota,
835 2135 945 2183 quod
965 2136 1133 2182 legimus
1153 2136 1232 2172 elo-

194 2196 288 2243 quia
308 2195 439 2232 dulcia
459 2195 639 2233 faucibus
651 2224 663 2242 ‚
692 2198 823 2234 dulcia
849 2198 987 2243 labiiS,
1020 2197 1150 2235 dulcia
1170 2208 1232 2234 re-

193 2257 313 2304 pertis
345 2257 591 2294 auditoribus
622 2259 688 2305 (u),
720 2259 814 2306 quia
845 2260 1042 2307 sapientiae
1072 2260 1232 2307 eloquia

193 2323 284 2357 sunt
310 2320 442 2357 dulcia
462 2322 682 2367 refricanti,
702 2322 834 2358 dulcia
853 2323 1077 2370 explicanti,
1099 2323 1233 2360 dulcia

193 2382 398 2429 proximos
415 2382 636 2419 aedificanti.
668 2386 717 2419 De
738 2384 864 2430 primo
884 2384 897 2405 5
919 2396 928 2419 :
951 2385 1075 2428 Quam
1100 2384 1233 2421 dulcia

194 2442 374 2479 faucibus
393 2444 490 2480 meis
509 2443 669 2491 eloquia
688 2447 754 2482 tua
773 2447 781 2481 t
805 2459 821 2479 »
854 2456 942 2481 ecce
963 2446 1124 2492 eloquia
1144 2445 1232 2481 'dul-

195 2505 255 2541 cia
273 2505 453 2543 faucibus
484 2505 765 2542 refricantium.
787 2508 837 2542 De
859 2507 1035 2543 secundo
1062 2508 1075 2529 ⁶
1096 2519 1104 2544 ε
1128 2520 1146 2541 «
1178 2507 1232 2544 si-

197 2569 261 2602 cut
281 2567 374 2604 vitta
394 2567 575 2604 coccinea
606 2567 713 2604 labia
734 2570 814 2612 tua,
839 2570 875 2604 et
895 2568 1098 2616 eloquium
1120 2572 1232 2605 tuum

196 2628 310 2666 dulce
323 2641 332 2665 :
343 2642 359 2663 n
375 2640 464 2666 ecce
477 2629 635 2677 eloquia
647 2630 780 2666 dulcia
794 2629 909 2667 labiis
924 2630 1203 2678 explicantium
1221 2643 1229 2667 ;

195 2691 300 2728 unde
332 2694 611 2739 comparantur
630 2691 733 2728 vittae
762 2692 976 2736 coccineae,
997 2703 1086 2739 quse
1106 2692 1233 2729 labio-

194 2763 284 2789 rum
304 2755 360 2789 est
379 2755 670 2790 ornamentum.
688 2755 736 2790 De
750 2754 858 2791 tertio
877 2755 891 2777 ⁷
913 2767 921 2790 :
949 2767 968 2789 «
988 2755 1059 2798 Qui
1076 2755 1232 2802 sapiens

197 2817 253 2851 est
271 2815 413 2859 corde,
436 2815 701 2862 appellabitur
720 2815 893 2862 prudens
902 2828 913 2861 3
937 2819 973 2853 et
1005 2817 1073 2864 qui
1107 2817 1232 2854 dulcis

196 2876 372 2924 eloquio,
393 2877 547 2923 maj0ra
560 2878 747 2925 reperiet3
768 2892 785 2913 »
803 2889 847 2915 ac
861 2878 892 2914 si
910 2878 1062 2915 dicatur
1073 2881 1203 2926 aperte
1220 2892 1229 2916 z

195 2937 410 2984 Sapientia,
451 2949 539 2985 quae
576 2938 755 2976 dulcorat
792 2939 953 2976 interius
995 2950 1067 2987 per
1115 2936 1231 2987 sapo-

195 3009 292 3045 rem,
315 2999 541 3036 dulcorabit
566 3001 734 3037 exterius
764 3012 835 3048 per
855 3001 1041 3048 odorem,
1065 3004 1101 3038 et
1118 3013 1231 3049 repe-

194 3061 267 3097 riet
293 3060 334 3096 in
364 3060 610 3098 auditoribus
631 3062 676 3110 (b)
701 3062 872 3099 fructum
898 3064 1089 3110 majorem
1111 3076 1120 3100 ε
1142 3075 1230 3102 ecee

197 3123 356 3170 eloquia
375 3123 508 3160 dulcia
527 3123 569 3160 in
587 3124 750 3171 repertis
767 3124 1015 3162 auditoribus
1036 3126 1099 3173 (a).

241 3222 252 3244 ¹
272 3221 405 3261 Jerem„
435 3229 553 3262 xxxii,
579 3222 632 3253 41.
657 3239 698 3245 —
724 3222 738 3243 2
763 3221 852 3254 Psal.
877 3230 966 3263 xxx,
987 3223 1016 3254 8.
1040 3241 1075 3246 —-
1108 3223 1120 3242 ³
1143 3225 1228 3257 Psal.

196 3274 251 3304 ix,
281 3269 312 3301 3.
339 3285 382 3293 -
409 3269 420 3287 ⁴
441 3269 534 3309 Sap„
563 3275 644 3307 viu,
673 3270 722 3300 16.
753 3286 794 3292 -
819 3270 830 3288 ⁵
861 3268 954 3301 Psal.
981 3269 1068 3312 hoc,
1099 3273 1171 3304 103.
1191 3290 1232 3296 —

197 3313 209 3332 θ
229 3313 340 3356 Cant„
363 3323 410 3356 iv,
431 3317 464 3348 3.
481 3332 520 3339 —
541 3315 552 3336 ⁷
573 3318 683 3354 Prov„
703 3323 774 3357 xv1,
796 3317 850 3348 21.
870 3334 911 3340 —
932 3316 946 3338 ⁸
966 3317 1072 3358 Rom,
1093 3325 1154 3360 vn,
1175 3320 1229 3352 21.

2251 151 2325 188 527

1640 273 1832 309 Articulus
1866 277 2005 311 tertius.

1349 355 1407 391 Ad
1424 354 1638 402 potentiam
1658 355 1873 401 agnitivam
1894 359 2067 402 spectare
2087 356 2330 403 intelligitur,

1302 414 1413 461 quod
1451 416 1675 452 immediate
1712 416 1853 462 legitur
1893 429 1901 452 :
1937 418 2037 453 Sicut
2074 421 2136 464 qui
2173 420 2330 465 invenit;

1301 476 1413 522 quasi
1433 477 1536 514 dicat
1557 490 1565 514 ε
1589 477 1648 514 Sic
1669 477 1818 513 invenit
1849 478 2065 514 intellectus
2096 479 2268 525 interius,
2286 479 2332 515 si-

1302 540 1365 573 cut
1400 549 1548 582 sensus,
1588 538 1655 585 qui
1696 539 1844 575 invenit
1879 539 2149 575 exterius:sic
2184 540 2333 577 invenit

1301 598 1371 634 iste
1393 599 1672 645 intelligibilia,
1695 600 1792 636 sicut
1814 600 1880 637 ille
1900 600 2048 637 invenit
2064 601 2275 638 sensibilia.
2291 604 2334 638 Et

1301 663 1416 706 nota,
1439 661 1549 707 quod
1573 661 1746 698 inventio
1777 662 2013 699 intellectiva
2043 663 2191 699 versari
2218 663 2335 699 debet

1301 721 1550 769 potissimum
1576 722 1679 759 circa
1703 723 1794 768 tria,
1826 723 1972 760 scilicet
1996 724 2202 770 interiora,
2222 735 2335 771 supe-

1301 783 1420 829 riora,
1442 783 1632 820 exteriora
1654 796 1662 819 :
1695 784 1734 820 in
1761 784 2012 821 interioribus
2026 786 2221 822 invenitur
2251 797 2335 823 ma-

1302 846 1398 882 teria
1433 845 1769 893 compunctionis3
1798 846 1838 881 in
1875 846 2144 893 superioribus
2171 847 2336 884 materia

1302 907 1598 950 consolationis;
1633 907 1672 943 in
1693 907 1951 943 exterioribus
1970 908 2135 944 materia
2155 919 2335 955 compas-

1302 968 1434 1005 sionis.
1469 970 1520 1004 De
1548 968 1677 1015 primo
1699 969 1711 990 ⁸
1756 980 1764 1004 ε
1799 969 1992 1005 «Invenio
2028 969 2156 1015 legem
2189 969 2336 1007 volenti

1300 1030 1397 1066 mihi
1417 1029 1544 1066 facere
1564 1030 1741 1076 bonum,
1765 1031 1955 1077 quoniam
1977 1031 2129 1067 malum
2149 1032 2245 1068 mihi
2264 1032 2336 1068 ad-

1298 1092 1400 1138 J'acet
1439 1104 1447 1127 :
1479 1106 1497 1125 »
1539 1102 1628 1128 ecce
1665 1092 1839 1129 inventio
1878 1093 2131 1139 interiorum,
2163 1094 2336 1130 serviens

1303 1154 1609 1200 compunctioni.
1644 1155 1695 1189 De
1733 1154 1908 1191 secundo
1929 1156 1942 1177 ⁹
1973 1166 1982 1190 z
2017 1154 2186 1192 «Inveni
2218 1165 2337 1202 quem

1304 1215 1430 1261 diligit
1448 1215 1581 1251 anima
1599 1225 1688 1251 mea
1709 1227 1717 1251 :
1740 1229 1757 1249 »
1783 1226 1871 1252 ecce
1885 1215 2059 1252 inventio
2071 1216 2333 1264 superiorum,

1303 1277 1476 1313 serviens
1516 1276 1791 1327 consolationi.
1838 1279 1888 1313 De
1924 1277 2035 1314 tertio
2074 1278 2096 1301 ¹⁰
2125 1289 2133 1313 :
2160 1290 2178 1311 «
2202 1279 2336 1315 Inveni

1304 1338 1541 1375 amariorem
1572 1341 1697 1374 morte
1725 1338 1953 1385 mulierem,
1975 1350 2063 1386 quae
2087 1339 2254 1387 laqueus
2272 1350 2337 1376 ve-

1303 1403 1487 1437 natorum
1508 1402 1576 1444 est,
1597 1410 1744 1446 sagena
1764 1410 1831 1436 cor
1851 1400 1947 1446 ejuS,
1967 1400 2126 1437 vincula
2145 1403 2234 1437 sunt
2252 1412 2335 1438 ma-

1304 1473 1378 1498 nus
1397 1462 1501 1498 illius
1524 1474 1532 1498 :
1555 1462 1623 1509 qui
1651 1462 1780 1509 placet
1806 1465 1904 1508 Deo,
1937 1462 2095 1509 effugiet
2125 1474 2212 1500 eam
2235 1476 2244 1500 :
2266 1465 2336 1511 qui

1306 1526 1438 1560 autem
1456 1525 1638 1571 peccator
1658 1526 1727 1569 est,
1748 1523 1922 1570 capietur
1941 1524 1992 1560 ab
2014 1524 2083 1561 illa
2105 1536 2113 1560 :
2134 1538 2152 1559 »
2176 1535 2264 1562 ecce
2281 1526 2336 1561 vi-

1306 1586 1363 1622 sio
1385 1586 1624 1623 exteriorum
1643 1586 1815 1622 serviens
1835 1585 2112 1632 compassioni.

1626 1690 1816 1725 Articulus
1842 1692 2003 1735 quartus.

1351 1772 1411 1808 Ad
1455 1774 1640 1819 quartum
1677 1771 1883 1809 convenire
1918 1772 2188 1819 cognoscitur,
2228 1773 2338 1820 quod

1306 1835 1590 1880 consequenter
1621 1833 1872 1880 conjungitur
1895 1834 2051 1879 :Spolia
2080 1835 2207 1870 multa.
2237 1835 2339 1871 Sicut

1305 1895 1411 1931 enim
1436 1895 1563 1942 spolia
1588 1895 1811 1942 corporalia
1844 1898 1934 1931 sunt
1962 1898 2194 1932 ornamenta
2220 1895 2338 1932 deco-

1304 1957 1432 1993 rantia
1452 1967 1638 2004 corpora,
1669 1957 1722 1992 ita
1751 1956 1969 2003 spiritualia
1998 1956 2125 2004 spolia
2158 1960 2247 1993 sunt
2274 1968 2338 1994 or-

1305 2021 1489 2054 namenta
1509 2018 1733 2054 decorantia
1765 2018 1899 2054 corda.
1930 2018 2037 2054 Talia
2059 2018 2224 2065 quidem
2244 2029 2337 2066 spo-

1305 2079 1359 2116 lia
1377 2082 1480 2125 sunt,
1500 2091 1588 2127 quse
1607 2079 1729 2116 sancti
1749 2081 1878 2116 Patres
1895 2079 2139 2116 abstulerunt
2154 2080 2204 2116 ab
2217 2080 2339 2117 ethni-

1306 2141 1375 2186 cis,
1397 2144 1433 2178 et
1450 2141 1700 2178 contulerunt
1727 2152 1773 2178 ea
1793 2141 2005 2177 catholicis.
2028 2144 2071 2178 Et
2101 2144 2208 2187 nota,
2228 2142 2339 2189 quod

1306 2204 1378 2239 ista
1399 2203 1546 2250 spolia,
1569 2203 1715 2239 scilicet
1735 2205 1966 2239 ornamenta
1986 2202 2203 2249 spiritualia
2217 2230 2229 2248 ,
2250 2206 2340 2238 sunt

1306 2264 1502 2310 tollenda,
1528 2265 1774 2311 colligenda,
1798 2265 2027 2301 dividenda.
2049 2265 2253 2301 Tolluntur
2273 2275 2341 2301 au-

1307 2329 1385 2362 tem
1403 2337 1474 2372 per
1493 2326 1634 2362 animae
1660 2326 1763 2362 vires
1792 2326 2116 2373 apprehensivas3
2147 2326 2339 2372 colligun-

1307 2390 1368 2423 tur
1394 2398 1466 2434 per
1495 2387 1595 2423 vires
1623 2387 1854 2433 retentivas;
1884 2387 2114 2423 dividuntur
2140 2398 2211 2435 per
2238 2387 2338 2424 vires

1308 2448 1579 2485 enuntiativas.
1601 2450 1652 2485 De
1671 2448 1801 2496 primo
1822 2455 1843 2472 ¹¹
1870 2461 1879 2485 :
1899 2461 1917 2482 «
1935 2448 2117 2485 Tulerunt
2131 2449 2223 2495 justi
2245 2458 2338 2496 spo·-

1308 2510 1362 2547 lia
1382 2510 1612 2557 impiorum,
1635 2524 1654 2546 »
1676 2510 1819 2546 scilicet
1848 2510 2028 2547 catholici
2061 2511 2306 2548 ethnicorum
2327 2524 2335 2548 :

1307 2572 1369 2608 hic
1389 2571 1581 2608 tolluntur
1614 2571 1859 2618 sapientialia
1890 2572 2017 2619 spolia
2045 2583 2115 2620 per
2136 2572 2237 2609 vires
2266 2584 2337 2621 ap-

1308 2636 1575 2683 prehensivas.
1595 2638 1646 2673 De
1666 2637 1841 2673 secundo
1865 2637 1891 2662 ¹2
1912 2648 1920 2673 :
1951 2649 1969 2671 α
1988 2639 2059 2674 Per
2078 2638 2161 2674 dies
2179 2638 2338 2685 triginta

1307 2699 1371 2735 vix
1403 2698 1568 2736 collecta
1598 2701 1686 2734 sunt
1715 2698 1842 2745 spolia
1870 2699 2118 2746 Assyriorum
2138 2711 2161 2737 a
2185 2700 2336 2748 populo

1308 2761 1424 2798 Israel
1445 2773 1456 2797 .-
1477 2775 1494 2796 »
1518 2761 1581 2798 hic
1613 2761 1852 2808 colliguntur
1883 2762 1952 2799 illa
1982 2763 2110 2810 spolia
2139 2774 2210 2811 per
2235 2764 2338 2801 vires

1307 2823 1514 2860 retentivas
1522 2836 1533 2869 3
1558 2823 1628 2859 ubi
1649 2823 1766 2860 etiam
1785 2834 1856 2871 per
1880 2834 2035 2861 moram
2061 2825 2248 2873 temporis
2266 2825 2336 2862 de-

1307 2886 1464 2921 notatur
1496 2884 1705 2921 difficultas
1733 2884 1981 2932 retentionis,
2010 2886 2105 2933 quia
2140 2885 2337 2923 difficilius

1308 2948 1363 2982 est
1392 2945 1572 2990 retinere,
1599 2957 1720 2994 quam
1741 2947 2052 2994 apprehendere.
2078 2949 2130 2984 De
2147 2948 2259 2985 tertio
2278 2948 2302 2970 ¹³
2323 2959 2336 2984 :

1311 3007 1561 3054 «Debilibus,
1582 3009 1770 3056 orphanis
1789 3013 1826 3046 et
1844 3009 1975 3046 viduis
2004 3009 2219 3046 diviserunt
2247 3019 2335 3056 spo-

1306 3069 1360 3107 lia
1380 3082 1389 3107 2
1411 3083 1430 3106 »
1453 3070 1516 3106 hic
1540 3070 1770 3108 dividuntur
1799 3070 1885 3118 ipsa
1920 3070 2047 3119 spolia
2076 3070 2332 3118 simplicibus,

1308 3136 1344 3170 et
1363 3132 1655 3170 miserabilibus
1677 3144 1749 3180 per
1772 3133 1874 3169 vires
1894 3132 2165 3170 enuntiativas.

1306 3241 1346 3247 --
1368 3225 1379 3243 ⁰
1399 3224 1510 3262 Cant„
1531 3232 1584 3265 111,
1609 3226 1639 3255 4.
1667 3241 1709 3247 —
1729 3224 1757 3246 ¹0
1777 3223 1898 3261 Eccle.,
1920 3230 1980 3262 vu,
2004 3222 2055 3253 27.
2076 3238 2115 3244 —
2142 3222 2164 3244 ¹¹
2185 3221 2277 3264 Sap„
2300 3229 2333 3264 x,

1308 3273 1359 3303 19.
1379 3288 1420 3295 —-
1442 3272 1466 3294 ¹²
1483 3271 1612 3312 Juclttlc,
1631 3278 1687 3309 XV,
1710 3272 1760 3303 13.
1778 3287 1817 3292 —
1839 3270 1863 3291 ¹³
1882 3271 1907 3301 lt
1926 3268 2048 3306 Maeli„
2069 3275 2144 3309 vin,
2164 3270 2215 3302 28.

1351 3327 1394 3368 (a)
1418 3327 1500 3361 Caet.
1525 3326 1605 3359 edit.
1627 3325 1776 3358 auribus.
1791 3341 1830 3349 —
1851 3324 1896 3366 (b)
1918 3324 2000 3356 Item
2018 3322 2238 3364 adjutoribus.
