2633 3878
184 1724 287 1750 Anima

156 1773 277 1799 quomo-

147 1807 184 1833 do
212 1814 287 1833 com-

154 1848 278 1882 peditur,

149 1892 177 1915 et
197 1896 285 1924 expe-

148 1930 236 1957 diiur.

304 263 380 301 492

303 346 572 395 vituperabilis
591 348 713 388 actus.
731 343 926 392 plorando
946 339 1121 385 macula,
1142 337 1328 375 laboran-

305 410 356 446 do
387 411 528 446 reatus.
565 410 616 444 De
648 406 777 454 primo
800 407 838 442 ¹:
866 418 883 438 α
903 403 1087 446 Domine,
1123 400 1222 437 doce
1256 408 1329 435 nos

304 476 416 502 orare
440 477 448 501 :
471 478 488 498 n
516 474 603 501 ecce
630 462 809 499 doctrina
835 460 988 498 orandi.
1018 460 1067 494 De
1091 455 1264 493 seeundo
1282 455 1296 476 2
1319 465 1326 488 :

308 542 324 561 n
344 528 525 574 Praecepit
543 529 583 562 ut
605 525 790 561 docerent
817 523 918 559 filios
937 521 1036 557 Juda
1056 518 1256 566 planctum
1279 529 1286 553 :
1309 529 1326 549 ι)

304 597 394 624 ecce
415 585 594 623 doctrina
612 583 809 632 plorandi.
833 585 882 618 De
903 579 1012 618 tertio
1033 579 1046 600 ³
1069 590 1077 614 :
1101 579 1331 622 «Interroga

304 652 498 698 jumenta,
521 653 557 688 et
577 648 775 687 docebunt
794 651 828 683 te
851 658 859 682 :
878 658 896 679 n
910 655 1000 682 ecce
1022 641 1200 680 doctrina
1219 639 1330 677 labo-

304 710 432 748 randi.

731 754 900 796 Epilogus.

353 835 412 871 Ait
449 844 541 880 ergo
581 831 910 879 psalmographus
932 857 943 874 ,
981 832 1171 876 tanquam
1209 835 1332 862 caecus

305 896 490 934 divinitus
509 894 794 932 illuminandus
816 905 824 929 :
846 894 983 928 Faciem
1004 895 1124 936 tuam,
1140 890 1331 936 quantum

305 959 356 996 ad
374 957 572 1006 sapientise
596 956 896 999 obscuritatem3
923 955 1114 998 Illumz‘na,
1140 951 1331 998 quantum

306 1021 356 1058 ad
388 1018 729 1068 contemplationis
761 1016 1089 1060 declarationem;
1117 1014 1230 1059 Super
1258 1022 1331 1048 ser·

305 1094 385 1119 turn
406 1087 526 1126 tuum,
551 1084 741 1128 quantum
767 1078 818 1114 ad
845 1076 1107 1123 intelligentiae
1126 1074 1329 1122 impurita-

306 1148 406 1181 tem:
430 1145 475 1179 Et
494 1143 574 1179 doce
592 1153 643 1178 me
652 1142 927 1188 Justistcalt'ones
947 1143 1026 1175 tuas
1038 1166 1050 1184 ‚
1068 1140 1260 1185 quantum
1280 1135 1332 1172 ad

306 1205 618 1255 compunctionis
639 1203 950 1252 depurationem.

658 1350 879 1380 VERSICULIJS
904 1351 982 1378 VIII.

358 1462 434 1497 136.
455 1460 584 1495 Exitus
604 1467 780 1503 aquarum
800 1455 1047 1500 deduaeerunt,
1067 1457 1139 1490 etc.
1155 1453 1333 1490 Lectione

306 1522 503 1571 sapientiae
536 1520 725 1568 tripartita
756 1519 881 1555 tribus
914 1517 1124 1566 praemissis
1154 1516 1334 1554 versibus

306 1585 505 1633 expedita,
532 1582 783 1630 subsequitur
809 1581 909 1618 actio
941 1583 1099 1628 quarta,
1121 1590 1191 1627 per
1211 1589 1333 1627 quam

306 1647 467 1685 solvitur
508 1646 640 1683 anima
671 1644 905 1692 compedita.
940 1643 1162 1680 Notandum
1191 1641 1332 1688 igitur,

307 1709 471 1757 qualiter
492 1708 624 1745 anima
643 1707 905 1754 compeditur,
927 1708 964 1742 et
984 1705 1151 1752 qualiter
1171 1703 1333 1751 expedi-

307 1775 368 1808 tur
399 1785 407 1808 :
441 1769 656 1818 compediri
688 1769 831 1806 dicitur
861 1779 932 1816 per
959 1767 1138 1816 spiritum
1167 1765 1331 1812 erroris;

307 1833 482 1881 expediri
521 1832 765 1879 dignoscitur
797 1841 868 1879 per
904 1830 1082 1878 spiritum
1119 1828 1299 1866 moeroris
1323 1841 1331 1865 :

306 1896 400 1944 quia
430 1895 587 1943 spiritus
618 1894 760 1931 erroris
792 1894 894 1941 rapit
925 1893 974 1929 de
1012 1893 1129 1929 bonis
1163 1890 1334 1928 hominis

306 1957 517 2004 interioris,
537 1968 624 2005 quae
644 1959 733 1993 sunt
750 1957 858 1993 bona
878 1955 1068 2001 moralia3
1087 1953 1158 1991 sed
1176 1953 1333 2000 spiritus

306 2019 485 2058 moeroris
505 2019 546 2056 id
566 2018 732 2056 exsolvit
751 2017 800 2054 de
820 2017 936 2055 bonis
961 2016 1134 2054 hominis
1163 2015 1332 2052 exterio·

305 2084 357 2120 ris
372 2112 383 2130 ,
402 2094 490 2131 quae
508 2086 598 2120 sunt
615 2082 724 2119 bona
748 2081 942 2118 naturalia
963 2092 972 2117 ε
996 2082 1034 2116 et
1056 2079 1110 2116 sic
1131 2079 1304 2115 animam
1320 2107 1331 2124 ,

306 2156 428 2193 quam
449 2145 514 2182 ille
543 2144 800 2193 compedivit,
819 2143 883 2180 hic
909 2142 1088 2191 expedit,
1109 2141 1204 2189 quia
1224 2140 1334 2188 quod

306 2208 371 2245 ille
390 2208 550 2256 rapuit,
583 2208 645 2244 hie
677 2206 854 2244 exsolvit.
877 2206 991 2251 Quod
1010 2205 1074 2242 ille
1107 2204 1237 2252 rapuit
1264 2215 1335 2250 per

306 2270 523 2306 indebitam
543 2269 760 2313 actionem,
781 2268 843 2304 hic
873 2267 1039 2304 exsolvit
1063 2277 1133 2314 per
1160 2265 1334 2302 debitam

307 2331 546 2379 passionem.
579 2333 656 2368 Hoc
691 2330 845 2378 liquido
878 2331 1112 2377 protestatur
1142 2328 1333 2376 Propheta

304 2393 508 2442 loquendo
521 2421 533 2440 ‚
553 2397 742 2440 tanquam
770 2402 939 2440 persona
958 2391 1084 2428 taliter
1116 2390 1301 2438 expedita
1323 2402 1330 2426 :

304 2458 435 2492 Exitus
456 2466 651 2502 aquarum,
672 2456 760 2501 etc.;
784 2465 829 2491 ac
848 2454 880 2490 si
900 2464 996 2491 voce
1016 2453 1242 2501 loqueretur
1267 2462 1334 2488 ex-

304 2528 438 2565 pressa
459 2529 468 2554 :
491 2517 668 2554 Solutum
694 2520 752 2554 est
771 2527 840 2564 per
865 2516 1046 2564 spiritum
1075 2515 1254 2552 moeroris
1283 2514 1332 2551 de

305 2579 421 2616 bonis
438 2579 609 2616 hominis
639 2579 862 2624 exterioris,
885 2578 994 2626 quod
1023 2579 1179 2625 raptum
1208 2576 1335 2613 fuerat

305 2652 375 2688 per
395 2641 574 2689 spiritum
591 2641 733 2678 erroris
754 2641 802 2677 de
831 2640 946 2677 bonis
979 2639 1149 2676 hominis
1177 2638 1332 2676 interio-

304 2704 369 2740 ris.
393 2705 566 2748 Quatuor
584 2703 700 2749 igitur
719 2703 780 2739 hic
797 2705 1005 2739 notantur:
1022 2704 1159 2749 utputa
1173 2701 1330 2746 solutio,

307 2769 342 2800 et
361 2765 519 2812 rapina,
539 2765 744 2810 naturalia,
767 2767 803 2801 et
820 2764 988 2801 moralia
1013 2764 1132 2800 bona.
1155 2765 1330 2808 Quorum

307 2827 479 2873 primum
506 2827 662 2863 interest
689 2827 845 2874 spiritus
873 2825 1051 2862 moeroris
1069 2854 1080 2871 ,
1113 2825 1331 2862 secundum

308 2888 464 2934 spiritus
500 2888 642 2926 erroris
662 2916 674 2934 ,
706 2889 863 2925 tertium
899 2887 1069 2925 hominis
1109 2887 1330 2932 exterioris,

308 2954 493 2998 quartum
511 2950 680 2988 hominis
697 2950 904 2988 interioris

637 3055 823 3090 Articulus
845 3056 999 3101 primus.

354 3139 596 3176 Solutionem
628 3136 859 3185 praenotavit
887 3136 1063 3173 psalmus
1080 3164 1093 3182 ,
1126 3147 1217 3173 cum
1246 3135 1327 3172 ait:

308 3202 439 3237 Exitus
473 3211 672 3247 aquarum,
708 3200 749 3237 id
784 3202 858 3244 est,
885 3199 1014 3235 ssuxus
1050 3198 1328 3245 laerymarum.

306 3262 437 3299 Talem
464 3262 701 3300 solutionem
718 3290 730 3308 ,
756 3262 901 3299 scilicet
932 3261 1200 3308 lacrymarum
1224 3270 1333 3296 reso-

307 3323 498 3361 lutionem
526 3324 644 3362 solvit
669 3325 824 3373 spiritus
852 3323 1030 3360 moeroris
1063 3332 1134 3370 per
1167 3321 1328 3367 oculos,

308 3385 422 3432 quasi
453 3396 524 3434 per
554 3386 708 3424 loculos
736 3385 962 3434 peccatoris.
996 3384 1166 3422 Pretiosa
1199 3384 1256 3420 est
1292 3382 1333 3419 in

353 3467 467 3508 ¹Luc.,
488 3473 646 3509 xfl,1.—
667 3471 951 3511 'llRe9.,1,18.
969 3486 1010 3493 —
1029 3468 1042 3491 ³
1060 3467 1131 3507 Job,
1151 3474 1219 3506 ΧΗ,
1239 3467 1268 3498 7.
1291 3483 1330 3489 -

309 3514 322 3535 ⁸
338 3514 432 3547 Psal.
453 3522 520 3554 cvr,
541 3517 591 3549 35.
605 3534 644 3541 —
665 3517 679 3540 ⁸
697 3517 795 3557 lbid.,
810 3518 861 3550 33.
876 3534 916 3544 -
935 3518 947 3537 ⁶
965 3515 1084 3555 Eccli.,
1103 3521 1183 3555 xm,
1203 3514 1254 3554 34,
1276 3514 1329 3544 35.

996 246 1267 292 EXPOSITIO
1299 245 1349 288 ΙΝ
1381 242 1728 287 PSALTERIUM.

1402 335 1612 381 conspectu
1649 332 1801 370 Domini
1845 332 2012 379 pecunia
2056 332 2141 368 talis
2161 361 2172 379 ,
2210 334 2337 380 qualis
2371 338 2428 371 est

1402 395 1617 433 acrimonia
1643 393 1878 442 lacrymalis.
1919 394 1994 431 Sed
2026 395 2139 440 nota,
2163 395 2272 441 quod
2290 395 2427 432 talium

1404 458 1527 495 exitus
1547 468 1740 504 aquarum
1764 456 1997 504 triplicatur,
2019 455 2237 492 secundum
2261 456 2334 493 tria
2361 467 2428 504 ge-

1405 529 1499 556 nera
1545 529 1815 566 personarum.
1867 518 2116 555 lnveniuntur
2159 517 2263 554 enim
2307 518 2430 555 exitus

1405 592 1598 630 aquarum
1613 609 1625 626 ,
1654 592 1723 617 seu
1760 581 1890 617 fluxus
1928 581 2195 628 lacrymarum
2231 581 2429 618 interdum

1404 644 1445 680 in
1481 643 1659 691 personis
1695 643 1995 689 poenitentibus,
2036 645 2072 678 et
2110 642 2398 680 continentibus
2419 657 2429 691 3

1405 705 1606 742 interdum
1636 705 1678 740 in
1705 705 1882 752 personis
1918 705 2222 752 poenitentibuS,
2250 705 2319 742 sed
2350 715 2432 743 non

1407 766 1714 812 continentibus;
1736 766 1933 803 interdum
1953 766 1993 802 in
2020 767 2198 814 personis
2216 778 2288 804 nec
2307 767 2431 815 poeni-

1406 829 1593 874 tentibus,
1614 839 1686 865 nec
1712 828 2012 865 continentibus.
2041 829 2213 865 Primum
2239 840 2433 877 aquarum

1408 885 1555 928 exitum
1574 890 1748 938 sequitur
1762 890 1936 926 fertilitas
1950 902 1960 936 3
1984 890 2222 937 secundum,
2238 891 2430 938 sterilitas3

1407 953 1576 998 tertium,
1597 952 1754 989 utilitas.
1769 952 1918 989 Primus
1939 963 2132 1000 aquarum
2151 952 2274 990 exitus
2296 955 2365 1000 est,
2384 953 2434 991 de

1408 1025 1489 1061 quo
1520 1014 1654 1050 scribit
1686 1014 2010 1062 psalmographus
2029 1014 2042 1036 '⁶
2064 1027 2073 1051 :
2100 1027 2118 1049 «
2146 1015 2276 1052 Posuit
2303 1015 2432 1052 deser-

1408 1081 1489 1113 tum
1512 1076 1551 1112 in
1571 1078 1710 1122 stagna
1741 1088 1955 1124 aquarum,
1984 1080 2020 1113 et
2047 1079 2190 1113 terram
2216 1077 2298 1114 sine
2329 1088 2436 1125 aqua

1406 1138 1447 1175 in
1468 1138 1593 1175 exitus
1612 1149 1806 1186 aquarum
1829 1151 1836 1175 :
1859 1153 1875 1172 »
1901 1139 1941 1174 in
1961 1149 2041 1186 quo
2062 1138 2295 1176 describitur
2314 1140 2435 1176 status

1408 1199 1679 1248 poenitentium
1696 1211 1718 1237 a
1736 1201 1904 1248 pcccatis
1923 1200 2213 1237 abstinentium.
2235 1199 2435 1237 Secundus

1409 1274 1603 1311 aquarum
1622 1263 1746 1300 exitus
1765 1266 1842 1309 est,
1864 1263 1913 1300 de
1934 1275 2014 1311 quo
2032 1264 2238 1312 psallimus
2258 1264 2271 1286 ⁵
2291 1276 2300 1301 ε
2324 1276 2341 1299 «
2364 1267 2430 1302 Po-

1409 1325 1485 1362 suit
1508 1325 1674 1362 flumina
1701 1325 1741 1362 in
1775 1325 1992 1372 desertum,
2023 1329 2060 1362 et
2087 1326 2210 1363 exitus
2241 1337 2436 1374 aquarum

1409 1388 1450 1424 in
1468 1387 1595 1434 sitim3
1617 1401 1636 1423 »
1659 1388 1700 1424 in
1720 1397 1800 1435 quo
1821 1390 1978 1424 notatur
2001 1389 2121 1424 status
2139 1387 2412 1435 poenitentium
2425 1417 2436 1434 ,

1409 1460 1490 1487 non
1510 1453 1642 1487 tamen
1663 1450 1956 1487 continentium.
1978 1450 2125 1486 Tertius
2144 1460 2339 1498 aquarum
2358 1450 2438 1487 exi-

1409 1515 1469 1549 tus
1490 1515 1563 1558 est,
1585 1512 1635 1549 de
1656 1523 1736 1560 quo
1755 1511 1925 1558 legimus
1939 1512 1952 1533 ⁶
1977 1523 1985 1548 :
2007 1523 2025 1546 «
2043 1514 2127 1549 Non
2141 1512 2211 1549 des
2229 1523 2342 1560 aquae
2361 1514 2436 1549 tuae

1409 1576 1577 1620 exitum,
1607 1585 1679 1611 nec
1713 1573 1916 1611 modicum
1933 1587 1944 1618 ;
1979 1584 2052 1610 nec
2082 1573 2238 1612 mulieri
2264 1584 2438 1622 nequam

1409 1637 1567 1673 veniam
1586 1636 1824 1684 prodeundi.
1847 1637 1883 1673 Si
1902 1646 1983 1672 non
2003 1635 2266 1673 ambulaverit
2286 1636 2338 1672 ad
2356 1646 2436 1673 ma-

1409 1709 1506 1736 num
1524 1702 1652 1744 tuam,
1675 1697 1889 1735 confundet
1908 1699 1944 1734 te
1966 1697 2005 1733 in
2023 1700 2235 1745 conspectu
2260 1698 2438 1736 inimieo-

1409 1771 1511 1798 rum.
1534 1774 1551 1794 »
1575 1762 1615 1796 ln
1635 1771 1714 1807 quo
1736 1760 1912 1807 signatur
1939 1762 2058 1796 status
2085 1760 2435 1808 impoenitentium,

1410 1826 1446 1860 ct
1465 1822 1810 1867 incontinentium,
1826 1822 1894 1869 qui
1911 1833 1993 1858 non
2013 1823 2157 1859 debent
2176 1823 2271 1860 dare
2291 1822 2437 1860 exitum

1410 1896 1523 1933 aquae
1543 1886 1887 1932 concupiscentiae,
1906 1886 1970 1922 vel
1995 1886 2136 1933 ineptae
2163 1885 2323 1931 laetitiae,
2341 1886 2440 1923 sicut

1409 1959 1482 1986 nee
1501 1949 1560 1986 vir
1578 1948 1734 1986 mulieri
1749 1948 1917 1985 lascivae.

1724 2055 1914 2091 Articulus
1933 2054 2118 2091 secundus.

1457 2140 1564 2175 Bona
1600 2136 1793 2173 naturalia
1839 2136 2151 2182 demonstravit,
2183 2147 2273 2174 cum
2311 2137 2435 2175 dixit:

1413 2200 1641 2236 Deduaeerunc
1661 2200 1755 2234 oculi
1774 2201 1856 2234 mei.
1887 2198 1931 2234 Hi
1961 2200 2050 2235 sunt
2079 2199 2185 2236 oculi
2215 2200 2437 2246 naturales,

1411 2261 1522 2309 quasi
1554 2260 1674 2297 loculi
1706 2259 1930 2306 corporales
1962 2259 2012 2296 ad
2044 2260 2276 2297 exteriorem
2307 2261 2436 2299 homi-

1410 2334 1501 2359 nem
1519 2322 1741 2367 attinentes,
1774 2321 2010 2358 solutionem
2039 2321 2212 2358 debitam
2238 2322 2436 2360 deducen-

1409 2388 1478 2421 tes.
1513 2386 1555 2421 Et
1582 2386 1697 2429 nota,
1720 2383 1829 2431 quod
1856 2383 1959 2419 oculi
1991 2382 2137 2420 debent
2165 2394 2289 2431 aquas
2313 2385 2438 2433 lacry-

1408 2457 1564 2484 marum
1585 2446 1779 2482 deducere
1800 2447 1961 2493 propter
1990 2445 2062 2482 tria
2083 2456 2091 2481 :
2117 2447 2277 2493 propter
2298 2446 2437 2484 vulne-

1408 2509 1621 2554 rationem,
1643 2509 1804 2555 propter
1829 2507 2088 2543 vastationem
2104 2535 2114 2552 ‚
2135 2510 2294 2556 propter
2320 2509 2438 2556 eapti-

1408 2571 1637 2608 vationem:
1670 2579 1841 2617 quorum
1871 2568 2044 2616 primum
2075 2571 2221 2617 spectat
2251 2570 2303 2607 ad
2329 2570 2437 2609 bona

1408 2632 1628 2676 naturalia‚·
1649 2630 1868 2667 secundum
1888 2659 1899 2676 ,
1923 2630 1974 2667 ad
2006 2630 2114 2667 bona
2143 2632 2332 2680 moralia3
2359 2635 2434 2670 ter-

1408 2695 1523 2740 tium,
1543 2694 1594 2730 ad
1613 2693 1719 2730 mala
1748 2692 1944 2729 mortalia.
1973 2695 2024 2729 De
2055 2693 2183 2740 primo
2203 2694 2217 2717 ⁷
2240 2707 2248 2731 :
2274 2708 2291 2728 α
2310 2694 2436 2732 Dedu-

1408 2758 1497 2794 eant
1525 2755 1628 2792 oculi
1651 2755 1728 2791 mei
1743 2754 1962 2802 lacrymam
1985 2765 2056 2802 per
2077 2757 2233 2792 noctem
2258 2758 2296 2793 et
2314 2756 2435 2802 diem,

1408 2820 1445 2854 et
1477 2828 1557 2854 non
1585 2818 1737 2853 taceant
1762 2829 1772 2862 3
1807 2818 1996 2864 quoniam
2025 2817 2257 2854 contritione
2293 2828 2437 2865 magna

1409 2879 1573 2916 contrita
1593 2881 1646 2915 est
1664 2878 1776 2924 virgo
1799 2878 1881 2914 filia
1900 2878 2039 2926 populi
2070 2878 2148 2915 mei
2179 2879 2299 2926 plaga
2316 2880 2437 2928 pessi-

1407 2951 1472 2978 ma
1490 2940 1765 2977 vehementer:
1785 2953 1802 2974 »
1829 2950 1917 2976 ecce
1950 2940 2054 2977 oculi
2082 2940 2280 2980 deductivi
2306 2941 2436 2990 lacry-

1408 3013 1563 3040 marum
1581 3003 1742 3050 propter
1771 3001 2079 3039 vulnerationem
2105 3002 2355 3040 naturalium.
2382 3005 2433 3041 De

1408 3064 1581 3102 secundo
1601 3064 1614 3087 ⁸
1639 3076 1647 3100 :
1673 3076 1691 3098 «
1713 3063 1911 3100 Dedueant
1939 3065 2045 3101 oculi
2070 3065 2193 3102 nostri
2212 3064 2431 3113 lacrymas,

1408 3131 1445 3166 et
1462 3128 1661 3177 palpebrae
1691 3128 1831 3164 nostrae
1863 3127 2037 3164 defluant
2065 3130 2199 3176 aquis;
2232 3128 2326 3176 quia
2354 3139 2433 3166 vox

1407 3189 1696 3228 lamentationis
1732 3188 1866 3226 audita
1903 3191 1960 3225 est
1997 3189 2045 3226 de
2082 3189 2199 3236 Sion,
2229 3189 2432 3238 quomodo

1407 3252 1561 3290 vastasti
1581 3261 1716 3288 sumus
1736 3263 1744 3287 :
1768 3263 1786 3285 n
1819 3261 1905 3288 ecee
1937 3251 2041 3289 oculi
2069 3252 2334 3299 lacrymarum
2364 3251 2432 3288 de-

1409 3313 1554 3352 ductivi
1573 3315 1733 3361 propter
1751 3313 2008 3350 vastationem
2034 3313 2260 3350 moralium.
2291 3314 2341 3350 De
2359 3314 2433 3350 ter-

1408 3376 1460 3414 tio
1480 3377 1494 3398 ⁹
1515 3389 1523 3411 :
1551 3388 1569 3409 «
1588 3373 1803 3411 Divisiones
1829 3384 2022 3421 aquarum
2051 3373 2299 3412 deduxerunt
2327 3375 2431 3414 oculi

1409 3477 1447 3483 —
1479 3461 1487 3477 ⁷
1517 3458 1651 3498 Jerem.,
1684 3463 1754 3496 Χιν,
1789 3457 1838 3487 17.
1868 3474 1903 3478 —

1407 3509 1418 3526 ²
1438 3506 1565 3545 Thren„
1587 3511 1638 3544 111,
1659 3504 1710 3543 48,
1731 3504 1782 3534 52.

1938 3458 1947 3472 ⁵¹
1978 3456 2109 3497 Jerem.,
2142 3465 2194 3497 IX,
2228 3459 2285 3499 18,
2315 3461 2364 3491 ¹9.
2392 3476 2431 3482 —
