2633 3878
1065 211 1307 256 PSALMUS
1337 212 1509 255 CXVIII.

218 305 417 354 piscentioe
451 305 600 342 carnali
631 305 837 342 contraria.
877 306 976 341 Nam
1003 303 1075 341 etsi
1102 302 1250 351 quaevis

221 367 539 417 concupiscentia
565 367 614 404 sit
642 365 874 404 innocentiae
893 365 1139 414 corruptela3
1166 365 1251 403 aliae

220 434 373 476 tamen,
394 430 488 479 quia
505 429 729 467 subtiliores
748 431 786 466 et
803 428 1028 466 latentiores
1047 429 1160 474 sunt,
1184 427 1252 464 ali-

222 494 415 541 quatenus
433 491 588 540 palliari
607 493 793 539 possunt:
815 490 898 527 haec
917 492 1049 528 autem
1068 490 1122 527 ita
1142 489 1252 527 rudis

222 559 257 592 et
276 557 414 603 patens
440 557 517 599 est,
538 553 646 601 quod
667 552 823 601 palliari
850 553 1078 590 nullatenus
1106 555 1246 601 potest.

222 619 273 654 De
293 615 465 654 secunda
484 615 548 651 via
568 614 710 651 dicitur
725 618 759 651 ¹:
783 629 799 648 ι(
812 614 962 652 Justitia
989 614 1176 662 simplicis
1197 613 1252 649 di-

219 679 318 726 riget
341 677 447 714 viam
476 677 606 723 ejus.»
640 679 733 716 Eece
763 676 1003 724 simplicium
1043 676 1134 722 via,
1163 686 1253 713 con-

222 738 466 789 cupiscentiae
483 738 690 786 temporali
704 738 944 785 adversaria,
960 738 1054 786 quia
1075 739 1252 786 profecto

221 800 500 850 temporalium
534 800 667 848 cupidi
699 811 781 838 non
806 801 964 838 student
994 801 1252 849 simplicitati,

219 863 290 900 sed
310 862 550 910 duplicitati,
578 865 616 899 et
639 862 851 900 dolositati.
883 865 933 899 De
961 863 1075 900 tertia
1102 864 1167 900 via
1197 863 1253 899 lc-

221 925 324 972 gitur
341 924 382 961 21
406 937 424 959 ι(
442 926 656 962 Conterunt
675 935 793 973 super
818 925 1025 973 pulverem
1054 928 1164 962 terrae
1190 935 1254 962 ca-

218 988 300 1036 pita
317 997 562 1036 pauperum,
586 990 623 1024 et
643 987 748 1024 viam
766 987 978 1024 humilium
1001 987 1212 1024 declinant.
1233 1000 1250 1020 η

219 1052 313 1087 Ecce
332 1050 543 1087 humilium
563 1049 628 1086 via
646 1049 813 1087 favorali
833 1049 1158 1098 concupiscentiae
1178 1049 1253 1086 ini--

219 1113 321 1149 mica
340 1125 351 1158 ;
371 1113 542 1150 humiles
563 1112 668 1149 enim
687 1111 914 1149 mundanos
941 1113 1097 1149 favores
1124 1115 1160 1149 et
1180 1112 1253 1148 ho-

219 1185 335 1212 nores
354 1173 522 1222 fugiunt,
538 1185 639 1222 quos
658 1174 858 1211 ambitiosi
876 1176 913 1211 et
931 1174 1188 1223 superstitiosi
1207 1175 1256 1210 si-

219 1235 330 1272 tiunt.
350 1235 409 1273 Illi
428 1237 558 1285 capita
576 1247 800 1284 pauperum
820 1247 939 1285 super
953 1237 1162 1286 pulverem
1180 1239 1256 1274 ter-

218 1308 270 1335 rae
291 1301 517 1345 conterunt,
539 1299 634 1347 quia
653 1298 753 1335 sicut
771 1301 911 1336 ventus
934 1299 1098 1347 dissipat
1116 1299 1254 1347 pulve-

218 1371 302 1406 reS,
329 1361 381 1398 ita
400 1364 586 1398 ventosus
605 1372 813 1409 pauperes.
847 1361 936 1398 Vias
954 1361 1168 1398 humilium
1189 1361 1257 1398 de-

219 1422 366 1460 clinant
379 1450 391 1468 ,
413 1423 604 1471 quoniam
623 1423 675 1461 ad
695 1423 895 1470 sublimia,
917 1424 1078 1471 gravius
1099 1423 1255 1468 ruituri,

217 1485 414 1523 festinant.
1180 1493 1182 1495 ’

559 1535 744 1570 Articulus
772 1535 914 1570 tertius.

265 1611 432 1649 Tertiam
453 1610 748 1659 complacentiae
769 1621 931 1648 causam
958 1610 1133 1659 aperuit,
1166 1621 1256 1647 cum

217 1674 397 1722 adJunxit
425 1685 435 1710 :
467 1675 514 1710 Et
547 1675 737 1721 exquiram
769 1684 869 1720 eam,
902 1676 1095 1721 quantum
1125 1673 1176 1709 ad
1210 1683 1257 1710 ea

217 1747 306 1785 quae
323 1734 557 1774 intrinsecus
575 1736 720 1781 latent,
742 1746 814 1783 per
834 1746 882 1773 ea
901 1746 989 1784 quae
1017 1735 1257 1773 extrinsecus

216 1801 373 1847 patent,
397 1799 474 1835 hoc
494 1801 571 1845 est,
598 1809 668 1846 per
688 1798 787 1845 legis
812 1799 1058 1845 sententiam,
1095 1798 1257 1845 legisla-

217 1861 312 1898 toris
330 1861 578 1909 sapientiam.
608 1863 651 1898 Et
676 1863 793 1907 nota,
825 1861 937 1908 quod
970 1861 1101 1898 modis
1132 1861 1257 1898 tribus

218 1924 452 1972 sapientiam
466 1923 686 1972 exquirere,
707 1923 771 1960 vel
788 1924 1023 1971 investigare
1044 1924 1253 1970 debemus,

217 1986 400 2024 videlicet
427 1989 622 2035 potenter,
654 1987 865 2034 sapienter,
891 1986 1060 2024 libenter
1084 1999 1092 2023 :
1114 1990 1257 2035 poten-

216 2052 288 2094 ter,
307 2049 401 2097 quia
414 2048 653 2095 scrutabilis3
673 2049 882 2097 sapienter,
898 2050 992 2097 quia
1008 2049 1252 2097 spectabilis;

216 2111 397 2159 libenter,
432 2113 527 2160 quia
557 2112 814 2150 delectabilis.
847 2114 898 2149 De
927 2112 1058 2160 primo
1077 2114 1090 2135 ³
1113 2124 1121 2149 :
1149 2126 1167 2147 «
1187 2114 1256 2150 Oc-

217 2174 319 2212 culta
334 2175 642 2222 proverbiorum
661 2175 862 2223 exquiret,
891 2177 928 2211 et
947 2174 988 2211 in
1009 2175 1254 2212 absconditis

216 2236 501 2285 parabolarum
533 2237 843 2275 conversabitur.
862 2250 880 2271 »
916 2239 1012 2274 Ecce
1044 2237 1254 2285 exquisitio

215 2303 374 2347 potens,
395 2310 466 2347 per
486 2310 608 2347 quam
628 2300 846 2347 exquiritur
873 2300 1066 2347 sapientia
1094 2300 1256 2337 interius

216 2361 340 2398 latens
352 2389 364 2407 ,
398 2372 479 2398 non
510 2362 680 2399 exterius
712 2364 863 2410 patens.
899 2363 951 2398 De
983 2362 1159 2399 secundo
1189 2361 1202 2382 ὅ
1240 2375 1248 2398 :

220 2436 238 2457 «
258 2423 497 2471 Sapientiam
516 2424 772 2472 antiquorum
793 2424 973 2461 omnium
993 2425 1169 2472 exquiret
1189 2436 1252 2462 sa-

217 2486 342 2533 piens.
359 2500 378 2520 »
402 2488 496 2523 Ecce
529 2497 606 2534 exq
635 2486 736 2523 isitio
768 2486 947 2533 sapiens,
980 2486 1080 2523 sicut
1113 2487 1254 2535 exqui-

218 2560 319 2586 rens.
340 2551 389 2586 De
401 2550 558 2586 tertio⁵t
578 2550 683 2585 Hinc
699 2549 831 2586 amavi
851 2551 888 2586 et
901 2549 1096 2596 exquisivi
1118 2561 1219 2587 eam.
1233 2564 1249 2584 n

219 2613 312 2649 Ecce
331 2611 539 2659 exquisitio
555 2611 730 2659 placens.

549 2718 738 2754 Articulus
764 2720 928 2764 quartus.

266 2788 451 2847 Quartam
489 2802 784 2850 complacentia>
816 2813 976 2840 causam
1021 2805 1253 2851 subintulit,

219 2875 309 2902 cum
335 2865 530 2912 subjecit:
555 2865 712 2912 Semper,
747 2865 790 2902 id
818 2868 897 2912 est,
932 2866 1251 2914 infatigabiliter3

220 2927 315 2974 quia
333 2926 526 2974 sapientia
544 2937 627 2963 non
653 2926 789 2974 fatigat
816 2927 1135 2976 intelligentiam,
1168 2933 1253 2967 tan-

220 2999 341 3035 quam
358 2988 543 3025 virtutem
561 2989 734 3026 materice
766 2989 1078 3038 impermixtam,·
1100 2995 1137 3029 et
1162 2992 1253 3030 idco

220 3050 411 3097 sapientia
431 3060 584 3098 semper
615 3051 826 3098 quaerenda
841 3080 850 3097 ‚
882 3063 1037 3100 semper
1055 3054 1227 3101 petenda
1242 3083 1254 3100 ‚

221 3122 376 3159 semper
395 3112 663 3158 comedenda3
686 3113 780 3160 quia
794 3113 981 3150 nimirum
999 3116 1186 3162 quaeritur
1202 3117 1254 3154 ad

220 3173 458 3216 videndum,
479 3174 621 3221 petitur
637 3173 690 3210 ad
709 3175 946 3221 tenendum,
967 3177 1187 3214 comeditur
1202 3179 1254 3216 ad

220 3236 446 3273 fruendum.
463 3238 514 3273 De
528 3235 658 3283 primo
678 3235 817 3273 dicitur
837 3237 869 3272 ⁶:
897 3249 914 3270 «
931 3238 1093 3282 Quaerite
1113 3239 1255 3278 faciem

222 3299 305 3345 eJus
318 3309 485 3347 semper,
501 3311 518 3332 ι)
541 3300 735 3346 quantum
749 3298 801 3335 ad
820 3299 1027 3337 visionem.
1049 3302 1100 3338 De
1120 3312 1254 3339 secun-

223 3360 276 3397 do
303 3361 378 3398 sub
410 3360 524 3408 panis
553 3364 649 3408 typo
681 3360 890 3398 scribitur⁷
908 3375 919 3397 .·
945 3374 963 3396 α
982 3362 1168 3409 Domine,
1203 3364 1254 3402 da

268 3445 275 3462 ¹
298 3444 407 3483 Prov.‚
436 3453 485 3486 xi,
505 3447 535 3477 5.
551 3461 590 3468 —
611 3444 625 3465 ²
645 3444 760 3485 Amos,
785 3453 827 3486 ιι,
848 3447 879 3476 7.
897 3462 937 3468 —
959 3446 972 3466 ³
995 3445 1109 3487 EcclL,
1132 3455 1254 3488 xxxix,

225 3492 256 3522 3.
276 3507 316 3516 -
343 3491 353 3510 ⁴
377 3492 446 3524 lbid
464 3516 475 3532 ‚
499 3495 527 3524 ¹.
549 3509 589 3515 —
611 3493 620 3510 ⁵
639 3491 734 3534 Sap„
755 3500 829 3532 vui,
853 3495 882 3524 2.
910 3510 951 3516 —
977 3493 991 3514 ⁰
1010 3492 1101 3525 Psal.
1126 3501 1195 3534 ew,
1221 3497 1251 3527 4.

2281 215 2357 254 363

1322 302 1440 339 nobis
1458 311 1605 349 panem
1623 302 1751 349 hunc,
1769 315 1787 336 »
1820 305 2012 350 quantum
2039 303 2093 340 ad
2124 302 2355 340 tentionem.

1325 365 1376 400 De
1409 363 1522 401 tertio
1542 364 1556 385 ⁸
1583 375 1591 400 :
1618 365 1710 400 «Tu
1743 364 1928 401 comedes
1965 375 2110 412 panem
2148 365 2188 401 in
2221 373 2358 401 mensa

1325 436 1414 463 mea
1433 436 1600 474 semper,
1622 439 1640 460 »
1665 429 1861 474 quantum
1881 427 1933 463 ad
1953 427 2191 464 fruitionem.

1759 532 1928 573 Epilogus.

1376 613 1480 647 Patet
1513 611 1644 659 itaque
1679 621 1814 648 sensus
1843 611 2073 658 Prophetae,
2106 621 2197 647 cum
2233 611 2356 647 dicit:

1327 676 1449 720 Legem
1480 685 1569 720 pone
1598 676 1707 721 mihi,
1734 676 1901 721 Domine,
1929 685 2017 722 quae
2048 674 2141 721 liget
2172 674 2360 721 insipien-

1328 736 1423 773 tiam
1452 747 1522 784 per
1552 739 1681 774 actum
1706 737 1892 784 justitiae;
1929 738 2034 773 Viam
2061 737 2361 783 justificationum

1329 802 1490 841 tnamm,
1515 810 1602 847 quae
1624 800 1782 846 castiget
1810 799 2168 847 concupiscentiam
2196 809 2267 846 per
2298 809 2362 835 ac-

1328 864 1412 898 tum
1431 862 1716 909 temperantiae;
1740 863 1786 898 Et
1805 864 1991 907 exquiram
2011 873 2085 898 eam
2098 889 2107 904 ,
2127 864 2170 897 ut
2185 872 2255 909 per
2275 871 2362 897 eam

1328 923 1582 971 investigetur
1625 923 1816 971 sapientia
1852 934 1923 970 per
1957 926 2086 960 actum
2118 923 2360 970 prudentiam

1329 987 1496 1033 Semper,
1515 989 1558 1024 ut
1588 996 1658 1034 per
1693 996 1782 1022 eam
1802 996 1883 1023 non
1908 986 2090 1033 fatigetur
2109 985 2363 1032 intelligentia

1329 1059 1398 1096 per
1418 1050 1548 1086 actum
1567 1047 1805 1086 constantiae.

1705 1196 1928 1224 VERSICULUS
1954 1197 1979 1223 11
1987 1215 1994 1223 .

1379 1303 1435 1338 34.
1454 1302 1609 1338 Damihz‘
1623 1303 1854 1346 intellectum,
1868 1303 1939 1338 etc.
1959 1302 2044 1345 Quo
2054 1300 2178 1338 modo
2188 1301 2249 1337 lex
2269 1301 2366 1337 divi-

1330 1375 1381 1401 na
1397 1363 1445 1400 sit
1459 1363 1747 1409 desiderabilis,
1763 1363 1954 1400 indicavit
1970 1373 2106 1400 versus
2118 1362 2343 1411 praecedens
2353 1377 2363 1410 ;

1331 1437 1411 1474 quo
1431 1426 1554 1463 modo
1575 1436 1670 1463 vero
1700 1426 1746 1462 sit
1767 1425 2091 1471 considerabitis,
2112 1425 2260 1462 indicat
2279 1436 2364 1462 ver-

1331 1500 1396 1525 sus
1414 1499 1604 1536 prcesens,
1627 1488 1669 1525 in
1690 1499 1769 1536 quo
1797 1490 1956 1525 notatur
1985 1488 2210 1534 signanter,
2228 1489 2264 1523 et
2289 1487 2365 1534 sig-

1331 1553 1445 1587 natur
1475 1550 1721 1595 notabiliter,
1742 1550 1852 1597 quod
1879 1549 1927 1586 sit
1955 1549 2245 1586 consideranda
2265 1559 2364 1597 qua-·

1331 1613 1578 1661 drupliciter‚
1594 1612 1779 1649 videlicet
1790 1611 2004 1657 humiliter,
2015 1611 2192 1656 viriliter,
2207 1611 2365 1656 utiliter,

1331 1679 1367 1713 et
1398 1675 1669 1712 infallibiliter.
1703 1674 1878 1711 Primum
1911 1676 1968 1711 est
1995 1676 2130 1711 contra
2149 1684 2367 1721 praesump-

1330 1741 1464 1776 tuosos
1475 1750 1487 1784 ;
1505 1737 1746 1782 secundum,
1769 1739 1906 1774 contra
1926 1736 2172 1783 desidiosos;
2194 1736 2365 1782 tertium,

1330 1803 1467 1838 eontra
1487 1800 1770 1846 infructuosos5
1795 1802 2002 1848 quartum,
2023 1801 2162 1836 contra
2181 1798 2366 1846 supersti-

1330 1864 1464 1901 tiosos.

1658 1912 1846 1947 Anacutas
1880 1911 2035 1957 primus.

1377 1988 1713 2027 considerationis
1744 1987 1946 2024 humilitas
1977 1988 2243 2034 praenotatur,
2277 1997 2367 2023 cum

1331 2052 1472 2089 dicitur
1489 2064 1499 2088 :
1522 2052 1578 2087 Da
1597 2051 1687 2087 mihi
1707 2051 1948 2096 intellectum3
1972 2048 2041 2086 ubi
2060 2048 2267 2096 poenitens,
2284 2059 2366 2085 non

1330 2115 1407 2152 alta
1427 2114 1605 2162 sapiens,
1634 2113 1705 2150 sed
1723 2112 1942 2149 humilibus
1967 2111 2232 2157 consentiens,
2253 2111 2366 2159 spiri-

1330 2178 1478 2214 tualem
1498 2176 1718 2213 intellectus
1739 2175 1906 2222 gratiam
1931 2175 2045 2222 petit,
2067 2175 2163 2222 quia
2188 2174 2237 2211 de
2255 2176 2367 2211 natu-

1330 2240 1404 2278 rali
1436 2239 1654 2276 intellectus
1688 2237 1931 2285 perspicacia
1964 2247 2044 2273 non
2077 2236 2290 2284 praesumit.
2326 2238 2367 2272 Et

1331 2305 1450 2348 nota,
1483 2301 1595 2349 quod
1623 2303 1680 2337 est
1711 2299 1930 2336 intellectus
1960 2299 2194 2346 tripartitus,
2221 2298 2368 2334 scilicet

1330 2365 1500 2410 inditus,
1524 2362 1737 2410 acquisitus
1752 2389 1763 2407 ,
1784 2361 1948 2398 infusus.
1972 2362 2012 2398 In
2032 2360 2162 2408 primo
2189 2360 2366 2396 obscuri-

1329 2430 1413 2471 tas:
1437 2426 1477 2462 in
1509 2425 1683 2462 secundo
1716 2423 1953 2469 maturitas;
1986 2423 2027 2459 in
2061 2423 2174 2459 tertio
2201 2422 2362 2469 puritas

1329 2491 1379 2526 De
1399 2488 1530 2536 primo
1558 2486 1741 2523 scribitur
1767 2485 1817 2522 ab
1844 2484 2031 2533 Apostolo
2053 2484 2066 2505 ⁹
2087 2498 2098 2520 :
2125 2498 2142 2518 «
2169 2484 2366 2521 Testificor

1328 2551 1369 2586 in
1394 2549 1580 2594 Domino,
1598 2550 1642 2584 ut
1653 2548 1737 2594 jam
1759 2557 1841 2583 non
1861 2545 2092 2590 ambuletis,
2114 2546 2212 2582 sicut
2231 2548 2365 2592 gentes

1329 2612 1537 2650 ambulant
1564 2611 1604 2646 in
1627 2609 1795 2646 vanitate
1816 2619 1953 2645 sensus
1981 2608 2062 2653 sui,
2084 2608 2253 2645 tenebris
2275 2608 2366 2644 obs-

1329 2678 1510 2712 curatum
1528 2673 1718 2711 habentes
1738 2671 1992 2708 intellectum.
2012 2685 2029 2706 ι)
2052 2674 2136 2708 Non
2156 2671 2256 2707 sicut
2274 2681 2365 2717 gen-

1328 2741 1404 2784 tes,
1435 2736 1505 2773 sed
1545 2736 1644 2772 sicut
1678 2734 1816 2771 fideles
1855 2733 2094 2776 ambulant,
2124 2733 2193 2781 qui
2229 2732 2364 2769 divina

1327 2800 1617 2848 perscrutantes
1648 2796 1837 2844 eloquia,
1869 2795 2114 2842 spiritualem
2146 2795 2364 2832 intellectus

1329 2863 1496 2911 gratiam
1516 2862 1737 2898 reverenter
1765 2857 2016 2906 expostulant
2031 2870 2042 2903 3
2071 2858 2170 2894 sicut
2201 2861 2334 2904 gentes
2352 2886 2362 2902 ‚

1328 2937 1409 2963 non
1442 2924 1542 2961 sicut
1573 2922 1711 2959 fideles
1747 2920 1972 2963 ambulant,
2003 2920 2072 2967 qui
2105 2919 2246 2957 eadem
2275 2930 2363 2967 per-

1328 2987 1491 3025 scrutari
1521 2985 1682 3033 eloquia
1709 2982 1928 3020 secundum
1951 2982 2171 3019 naturalem
2190 2981 2362 3018 intellec-

1329 3055 1390 3088 tus
1410 3047 1695 3097 perspicaciam
1721 3046 1981 3082 irreverenter
2007 3046 2207 3081 attentant.
2232 3046 2280 3079 De
2301 3054 2361 3079 se-

1328 3113 1460 3151 cundo
1479 3113 1507 3137 ²0
1537 3123 1546 3148 :
1577 3123 1595 3145 ι(
1628 3110 1692 3146 Vir
1725 3109 1766 3145 iu
1796 3107 1928 3144 multis
1959 3111 2141 3155 expertus
2175 3106 2364 3153 cogitabit

1329 3176 1476 3220 multa,
1495 3177 1532 3211 ct
1551 3173 1620 3221 qui
1641 3171 1765 3208 multa
1785 3170 1942 3212 didicit,
1965 3170 2164 3206 enarrabit
2190 3167 2361 3205 intellec-

1329 3242 1411 3276 tum
1426 3251 1436 3285 ;
1458 3250 1476 3273 n
1501 3236 1571 3274 ubi
1603 3236 1814 3281 tanguntur
1845 3232 1934 3268 duee
1954 3231 2222 3279 acquisitionis
2250 3229 2361 3266 diffe-

1327 3301 1462 3339 rentioe
1493 3312 1502 3336 :
1540 3308 1639 3343 una,
1673 3305 1743 3344 per
1774 3294 1882 3331 viam
1912 3293 2183 3341 experientioe5
2216 3292 2360 3337 altera,

1327 3374 1398 3412 per
1417 3363 1523 3400 viam
1542 3357 1744 3397 doctrinae.
1760 3360 1811 3392 De
1832 3355 1943 3393 tertio
1965 3355 2059 3392 dicit
2077 3354 2286 3403 Apostolus
2305 3354 2329 3375 ¹¹
2348 3366 2358 3391 :

1325 3465 1367 3472 .-
1389 3447 1526 3482 ⁷*.'0an.,
1549 3449 1600 3483 vi,
1622 3443 1673 3473 34.
1692 3457 1732 3463 —
1751 3442 1762 3457 ¹⁵
1781 3439 1807 3470 ll
1831 3439 1922 3480 Κεφ,
1943 3446 1992 3478 tx,
2011 3439 2042 3471 7.
2064 3438 2292 3481 --'-·Ep}1es.‚
2313 3445 2358 3479 lv,

1328 3497 1376 3526 Π.
1401 3511 1439 3517 -
1459 3494 1484 3516 ¹⁰
1502 3490 1622 3528 Ecclt'.,
1642 3495 1762 3527 xxxw,
1777 3488 1808 3518 9.
1832 3503 1867 3509 -
1891 3487 1916 3509 ¹¹
1938 3485 2074 3527 Coloss„
2095 3493 2119 3527 1,
2141 3489 2171 3519 9.
