2633 3878
109 506 211 540 Bysd-

73 555 154 574 num.

1077 215 1319 258 PSALMUS
1349 215 1522 258 CXVIII.

234 307 444 355 Sequitur:
480 310 525 344 Et
558 309 754 345 resurreoeu
787 308 932 354 propter
966 306 1266 352 ‚iustificationem

234 374 413 415 nostram,
441 374 484 409 ut
507 371 696 419 J'ustitiam
721 371 917 418 perditam
945 371 1190 407 restauraret.
1214 371 1265 406 De

233 433 345 470 tertio
376 434 386 456 ¹
422 446 430 470 z
468 448 485 467 «
523 436 660 470 Datum
679 435 735 469 est
752 432 835 478 illi,
857 444 875 467 »
910 431 1055 468 scilicet
1088 431 1266 468 Ecclesiae

233 495 370 533 Christi
386 506 555 543 sponsae,
579 500 646 531 «ut
664 494 865 541 cooperiat
882 504 923 530 se
944 493 1109 541 byssino
1133 493 1264 540 splen-

234 557 348 594 dente
365 557 578 594 candido.»
595 556 802 603 Byssinum
823 557 955 592 autem
964 555 1264 602 J'ustificationes

232 621 456 655 sanctorum
466 620 567 654 sunt.
577 619 671 654 Ecce
679 617 966 664 justificationis
976 616 1265 664 operimentum

232 680 440 727 splendens
462 679 655 725 exterius,
683 679 858 716 candens
883 679 1066 724 interius,
1088 679 1265 716 Ecclesioe

233 742 369 779 datum
389 741 589 778 divinitus.
605 743 646 778 ln
664 741 724 777 his
746 741 935 778 omnibus
955 741 1266 789 apparetdivina

231 803 502 851 providentia,
521 814 593 851 per
621 814 743 850 quam
765 805 1006 850 comparata,
1028 805 1265 851 praeparata,

231 869 267 903 ct
287 866 378 904 data
399 869 455 903 est
472 866 590 904 nobis
609 866 888 913 hujuscemodi
908 868 1119 904 armatura.

544 971 733 1007 Articulus
757 971 945 1009 secundus.

277 1052 473 1096 Quantum
504 1052 558 1089 ad
587 1052 829 1100 secundum,
863 1054 1002 1092 addit:
1038 1056 1242 1093 Custodiam
1253 1069 1264 1102 ς

230 1114 377 1151 scilicet
406 1124 534 1162 usque
576 1115 629 1151 ad
663 1115 886 1153 tentationis
920 1117 1128 1155 victoriam
1148 1129 1157 1154 ε
1196 1128 1269 1166 per

230 1176 342 1224 quod
366 1179 476 1214 notat
502 1177 721 1214 humanam
750 1178 1047 1217 confidentiam.
1068 1182 1111 1217 Et
1138 1181 1267 1218 scien-

231 1238 328 1275 dum
348 1238 460 1287 quod
481 1242 700 1277 armaturas
715 1240 946 1287 huJ'usmodi
966 1242 1160 1280 debemus
1179 1253 1267 1280 cus-

230 1300 356 1338 todire
376 1301 520 1349 triplici
539 1301 713 1348 ratione,
728 1302 933 1351 videlicet,
952 1306 1114 1352 propter
1132 1305 1266 1353 pudo-

230 1374 330 1410 rem,
344 1363 544 1411 timorem,
561 1375 754 1402 amorem.
771 1365 903 1403 Pudor
915 1367 1074 1415 respicit
1087 1367 1265 1416 culpam;

232 1427 363 1473 timor,
391 1438 575 1475 poenam3
606 1439 733 1475 amor,
757 1429 958 1475 justitiam.
991 1431 1043 1467 De
1068 1430 1199 1478 primo
1227 1433 1266 1469 ²:

236 1502 253 1524 «
273 1491 424 1535 Beatus,
446 1490 514 1537 qui
534 1490 684 1537 vigilat,
706 1502 724 1525 »
748 1490 894 1527 scilicet
912 1501 984 1539 per
1007 1491 1268 1538 diligentiam,

237 1564 254 1585 «
274 1554 311 1588 et
332 1551 503 1588 custodit
519 1553 750 1589 vestimenta
770 1563 860 1598 sua,
890 1563 940 1590 ne
967 1553 1098 1590 nudus
1126 1555 1268 1591 ambu-

231 1613 303 1659 let,
331 1615 369 1650 et
392 1613 551 1650 videant
575 1614 861 1661 turpitudinem
887 1615 994 1661 ejtis,
1014 1629 1031 1650 »
1055 1626 1127 1662 per
1146 1616 1270 1663 negli-

232 1675 403 1722 gentiam
426 1686 553 1712 suam.
578 1678 629 1712 De
650 1676 826 1713 secundo
847 1677 881 1714 ³:
907 1676 1014 1722 «Qui
1039 1677 1176 1715 timent
1197 1680 1270 1715 Do-

231 1737 407 1783 minum,
428 1738 654 1775 custodiunt
671 1738 860 1776 mandata
878 1739 1005 1776 illius:
1027 1753 1046 1775 »
1060 1740 1142 1777 liaec
1161 1751 1272 1778 man-

234 1799 326 1837 data
345 1800 454 1837 sunt2'
471 1800 602 1836 «lucis
619 1811 744 1847 arma,
766 1813 784 1836 >³
796 1800 943 1848 quibus
959 1812 1033 1838 nos
1053 1812 1269 1849 armamur,

235 1872 326 1898 eum
345 1861 414 1899 illa
439 1872 655 1899 servamus.
679 1865 730 1899 De
749 1863 861 1900 tertio
882 1863 920 1899 ⁵:
948 1875 965 1897 «
986 1865 1072 1900 Haec
1103 1866 1160 1901 est
1179 1865 1270 1902 cha-

234 1923 326 1961 ritas
344 1923 424 1970 Dei,
437 1926 481 1961 ut
495 1924 684 1962 mandata
702 1925 787 1972 ejus
805 1925 1088 1963 custodiamus.
1106 1939 1124 1960 »

572 2029 764 2065 Artz'culus
789 2030 933 2066 tertius.

282 2114 479 2157 Quantum
498 2112 550 2149 ad
570 2111 745 2159 tertium,
767 2111 975 2150 subditur:
998 2114 1080 2151 Non
1098 2123 1152 2150 me
1172 2113 1272 2151 dere-

234 2176 399 2222 linquas,
431 2174 546 2223 quasi
578 2174 749 2212 diceret:
780 2175 865 2212 Non
896 2174 1150 2222 derelinquas
1182 2185 1270 2222 me,

235 2236 499 2275 confidentem
518 2236 568 2274 de
587 2239 640 2284 te,
659 2246 742 2274 non
762 2236 811 2273 de
825 2246 903 2274 me.
920 2238 1017 2274 Ecce
1032 2237 1273 2275 confidentia

235 2299 285 2336 de
304 2300 446 2337 virtute
469 2299 619 2336 divina.
640 2298 833 2336 Associari
849 2309 874 2336 a
888 2301 967 2337 Deo
986 2299 1094 2347 petit,
1110 2299 1204 2347 quia
1223 2299 1274 2339 de

160 2384 165 2387 -
234 2362 303 2399 illo
334 2361 510 2399 confidit.
532 2363 575 2398 Et
602 2363 719 2407 nota,
750 2360 864 2408 quod
891 2360 941 2398 de
972 2362 1050 2398 Deo
1081 2361 1274 2399 debemus

236 2423 455 2469 confidere,
485 2422 597 2470 quod
615 2432 698 2459 non
719 2422 967 2470 derelinquet
995 2433 1069 2459 nos
1087 2423 1130 2459 in
1148 2425 1272 2461 tenta-

236 2485 363 2532 tione,
392 2485 535 2532 triplici
567 2486 719 2522 ratione
743 2495 752 2520 ε
786 2486 918 2532 utpote
945 2484 1098 2522 ratione
1129 2485 1274 2535 divinae

236 2548 440 2595 potentiae,
463 2546 616 2585 ratione
646 2546 790 2583 divinoe
817 2546 1038 2594 sapientiae,
1060 2548 1097 2584 et
1122 2547 1273 2585 ratione

238 2611 382 2648 divinae
410 2608 710 2648 benevolentiae.
738 2610 790 2646 De
813 2608 944 2656 primo
971 2609 1015 2645 ⁶:
1044 2621 1061 2643 «
1091 2610 1273 2648 Invocavi

238 2674 448 2712 Dominum
464 2675 617 2710 Patrem
635 2671 790 2709 Domini
807 2671 900 2718 mei,
915 2673 958 2708 ut
976 2681 1059 2709 non
1078 2683 1142 2709 me
1163 2672 1275 2711 dere-

235 2736 390 2784 linquat
415 2736 455 2772 in
481 2736 544 2773 die
569 2735 835 2773 tribulationis
860 2746 972 2772 meae.
1000 2748 1018 2769 ι)
1050 2737 1123 2774 lsta
1147 2737 1273 2774 confi-

237 2798 370 2836 dentia
388 2798 576 2835 fundatur
600 2797 642 2834 in
670 2797 805 2835 divina
827 2797 1022 2845 potentia,
1044 2798 1145 2836 sicut
1168 2801 1276 2847 patet

237 2871 285 2897 ex
298 2860 473 2906 nomine,
489 2859 584 2908 quia
597 2861 767 2896 Dominus
783 2860 838 2895 est
851 2869 999 2896 nomen
1012 2860 1209 2907 potentioe.
1224 2864 1274 2899 De

236 2922 435 2959 secundo⁷
454 2933 462 2958 :
484 2934 502 2956 ι(
521 2925 600 2968 Ego
620 2922 809 2959 Dominus
832 2921 1045 2959 exaudiam
1067 2934 1133 2961 eos
1142 2937 1153 2971 ;
1176 2927 1275 2962 Deus

238 2984 354 3021 Israel
366 2994 448 3021 non
462 2983 737 3031 derelinquam
748 2994 828 3021 eos.
840 2997 857 3018 »
873 2985 1045 3022 Dominus
1057 2988 1114 3022 est
1126 2997 1274 3024 nomen

237 3045 436 3093 potentiae3
473 3048 567 3082 Deus
604 3048 736 3083 autem
774 3049 831 3083 est
865 3057 1014 3084 nomen
1052 3048 1275 3096 sapientiae,

238 3109 386 3145 dictum
419 3118 443 3145 a
473 3111 608 3154 θεωρεω,
636 3108 748 3156 quod
776 3110 833 3144 est
859 3109 962 3145 video
988 3109 1052 3145 vel
1076 3112 1274 3150 considero.

240 3172 346 3209 Unde
373 3172 445 3209 ista
472 3171 620 3209 fiducia
643 3170 832 3208 fundatur
858 3171 899 3207 in
932 3171 1068 3209 divina
1098 3175 1276 3221 potentia

239 3238 276 3272 et
301 3235 505 3283 sapientia.
536 3237 588 3271 De
616 3234 729 3272 tertio
751 3233 789 3270 ⁸:
815 3233 1041 3280 «Ostende,
1071 3235 1166 3283 quia
1192 3247 1276 3275 non

240 3298 481 3346 derelinquis
499 3301 778 3346 praesumentes
797 3299 846 3336 de
866 3302 923 3345 te,
945 3302 981 3336 ct
999 3306 1276 3349 praesumentes

241 3361 290 3398 de
315 3371 357 3398 se
384 3363 421 3398 et
451 3361 501 3398 de
526 3371 599 3399 sua
623 3361 764 3400 virtute
792 3362 1006 3410 gloriantes
1033 3364 1231 3404 humilias.
1251 3378 1271 3402 »

288 3446 294 3464 ¹
319 3444 429 3486 Apoc„
450 3452 530 3485 xlx,
553 3447 585 3477 8.
606 3462 646 3469 -
663 3446 678 3468 ²
696 3446 812 3488 Apoc„
837 3453 915 3487 xvi,
937 3449 988 3479 15.
1005 3464 1044 3472 —
1064 3447 1078 3469 ³
1097 3448 1216 3491 Eccli.,
1236 3457 1274 3491 11,

243 3492 294 3523 21.
315 3508 354 3517 —-
372 3493 382 3510 ⁴
403 3493 508 3534 Rom„
528 3499 606 3533 1111,
631 3494 679 3524 ⁴9,
702 3511 739 3517 —-
765 3494 938 3534 ⁸1J0an.‚
959 3502 991 3534 ν,
1014 3496 1044 3527 3.
1064 3511 1105 3520 —-
1130 3497 1142 3516 ⁶
1157 3497 1273 3537 Eccli.,

2294 220 2370 259 329

1339 306 1413 343 Ista
1431 314 1514 342 non
1533 303 1797 342 derelictionis
1816 305 1965 343 fiducia
1977 306 2166 343 fundatur
2179 305 2221 343 in
2238 305 2372 344 divina

1339 367 1629 413 benevolentia,
1644 378 1728 415 quae
1741 377 1823 404 non
1837 368 2073 417 derelinquit
2091 370 2372 417 praesumentes

1340 429 1389 466 de
1409 439 1470 475 se,
1491 428 1532 466 id
1551 430 1626 476 est,
1648 429 1697 466 de
1717 439 1789 465 sua
1807 429 1995 467 bonitate.

1664 534 1852 569 Articulus
1879 537 2043 579 quartus.

1387 616 1583 659 Quantum
1603 615 1653 652 ad
1675 618 1878 664 quartum,
1909 616 2135 664 subjungit:
2169 619 2370 664 Usquequa-

1339 688 1426 724 que,
1446 688 1492 714 ae
1511 677 1542 713 si
1565 678 1670 715 dicat
1694 680 1848 725 aperte:
1869 680 1954 715 Non
1973 689 2036 715 me
2057 678 2309 727 derelinquas
2328 680 2369 716 in

1338 739 1551 777 tentatione
1582 750 1868 788 usquequaque
1878 753 1888 787 3
1923 740 2068 778 scilieet
2096 741 2246 789 absque
2274 753 2372 790 qua-

1340 812 1511 850 cumque
1554 802 1797 849 protectione
1810 831 1821 848 ,
1864 813 2074 850 usquequo
2113 803 2294 841 deficiam
2331 804 2372 841 in

1340 875 1483 912 agone.
1505 866 1600 901 Ecce
1627 864 1848 901 diffidentia
1874 865 1923 901 de
1942 865 2082 902 virtute
2109 866 2309 903 humana:
2336 871 2373 904 et

1339 929 1448 973 nota,
1466 927 1577 976 quod
1596 927 1645 964 de
1664 930 1798 964 nostra
1819 926 2011 964 debemus
2029 928 2171 965 virtute
2191 929 2370 966 diffidere

1341 993 1378 1027 et
1397 990 1548 1035 timere,
1568 1000 1618 1026 ne
1631 989 1730 1027 forte
1744 989 1974 1026 deficiamus
1988 1000 2012 1027 a
2024 990 2166 1038 triplici
2184 991 2344 1028 veritate
2363 1004 2370 1027 :

1339 1053 1524 1091 videlicet
1542 1065 1566 1092 a
1583 1054 1745 1091 veritate
1759 1054 1867 1100 vitae,
1888 1065 1912 1091 a
1929 1054 2091 1091 veritate
2109 1054 2316 1100 doctrinae,
2337 1057 2374 1092 et

1341 1127 1365 1154 a
1382 1117 1543 1154 veritate
1559 1116 1716 1164 justitiae
1733 1129 1742 1154 ε
1775 1127 1798 1154 a
1824 1117 1974 1164 prima,
1994 1127 2065 1164 per
2083 1116 2349 1154 infirmitatem
2361 1130 2371 1163 ;

1342 1190 1365 1216 a
1383 1179 1574 1225 secunda,
1601 1190 1672 1227 per
1695 1179 1930 1225 coecitatem,
1956 1181 1993 1216 et
2021 1190 2045 1216 a
2072 1179 2182 1216 tertia
2208 1189 2279 1226 per
2303 1180 2375 1215 ini-

1341 1242 1546 1290 quitatem.
1568 1244 1620 1278 De
1639 1241 1768 1289 prima
1785 1243 1818 1278 ⁹:
1838 1254 1856 1276 κ
1875 1241 2106 1278 Humiliatus
2125 1252 2213 1278 sum
2232 1252 2375 1289 usque—

1342 1315 1516 1352 quaque,
1533 1303 1696 1341 Domine
1710 1315 1719 1340 :
1734 1303 1893 1340 vivifica
1902 1314 1966 1340 me
1977 1303 2195 1340 secundum
2207 1304 2375 1341 verbum

1341 1369 1474 1412 tuum,
1494 1378 1512 1400 »
1537 1365 1650 1414 quasi
1670 1365 1798 1403 dieat:
1826 1366 2058 1403 Humiliatus
2084 1377 2171 1402 sum
2200 1376 2248 1403 ex
2267 1366 2376 1403 infir-

1342 1429 1496 1466 mitate:
1514 1428 1672 1466 vivifica
1690 1439 1754 1465 me
1773 1428 1862 1465 vitae
1873 1428 2049 1466 veritate.
2067 1430 2118 1466 De
2134 1429 2309 1466 secunda
2326 1429 2374 1465 ¹0:

1348 1503 1366 1526 t(
1388 1494 1441 1528 Ne
1467 1491 1622 1529 auferas
1647 1491 1697 1528 de
1725 1501 1792 1528 ore
1820 1501 1910 1529 meo
1929 1491 2099 1528 verbum
2122 1491 2294 1528 veritatis
2314 1501 2379 1527 us-

1344 1563 1604 1601 quequaque,
1634 1566 1652 1588 »
1678 1552 1823 1590 scilicet
1853 1563 1904 1590 ne
1931 1553 2115 1590 deficiam
2144 1563 2168 1590 a
2193 1552 2379 1590 doctrinae

1343 1615 1520 1660 veritate,
1543 1625 1591 1651 ex
1611 1614 1844 1661 ignorantiae
1872 1615 2058 1652 caecitate.
2087 1616 2139 1652 De
2159 1615 2270 1651 tertia
2295 1625 2380 1651 rur-

1344 1687 1409 1713 sus
1429 1677 1481 1714 ait
1494 1677 1602 1714 idem
1615 1676 1946 1725 psalmographus
1959 1676 2110 1714 ibidem
2126 1677 2151 1700 1¹
2164 1688 2172 1713 :
2183 1690 2200 1711 ι(
2215 1677 2381 1724 Superbi

1344 1739 1480 1787 inique
1515 1739 1685 1785 agebant
1717 1750 2020 1787 usquequaque,
2045 1752 2064 1775 »
2097 1738 2211 1787 quasi
2249 1739 2352 1775 dicat
2369 1751 2377 1774 :

1345 1800 1512 1849 Superbi
1526 1800 1765 1839 deficiebant
1780 1811 2068 1849 usquequaque
2087 1811 2110 1839 a
2125 1801 2286 1839 veritate
2300 1801 2382 1848 Jus-

1345 1863 1450 1910 titiae,
1470 1874 1516 1901 ex
1535 1863 1738 1912 iniquitate
1755 1865 1869 1900 certae
1887 1863 2057 1901 malitiae.

1780 1972 1950 2014 Epilogus·

1394 2055 1490 2092 Dicit
1509 2064 1603 2102 ergo
1622 2054 1837 2102 Propheta,
1862 2055 2053 2102 tanquam
2076 2052 2186 2090 fortis
2208 2052 2352 2091 athleta
2370 2066 2378 2090 :

1345 2119 1624 2164 Justificationes
1656 2119 1756 2162 tuas,
1796 2116 1942 2164 quibus
1976 2117 2149 2154 armatus
2187 2125 2276 2153 sum
2310 2125 2381 2163 per

1347 2182 1457 2218 tuam
1483 2178 1774 2227 providentiam
1783 2190 1794 2225 3
1823 2179 2052 2224 Custodiam,
2082 2178 2280 2215 animatus
2309 2187 2383 2225 per

1349 2242 1650 2280 confidentiam:
1672 2242 1753 2280 Non
1771 2251 1826 2278 me
1845 2241 2088 2288 derelinquas,
2102 2242 2293 2288 tanquam
2312 2240 2382 2277 ha-

1347 2305 1509 2342 bentem
1526 2304 1568 2342 in
1583 2306 1620 2342 te
1638 2303 1848 2349 fiduciam3
1873 2304 2152 2350 Usquequaque),
2172 2313 2381 2351 usquequo

1350 2369 1532 2409 deficiam
1549 2370 1711 2417 propter
1729 2368 1882 2406 virtutis
1901 2378 2000 2406 meae
2019 2367 2293 2406 diffidentiam.

1723 2515 1941 2545 VERSICULUS
1960 2515 2013 2542 lx.

1397 2623 1441 2657 Ιη
1460 2630 1528 2667 quo
1548 2621 1698 2666 corrigit
1719 2620 1977 2657 adolescentior
1995 2622 2092 2657 viam
2107 2630 2207 2657 suam
2219 2624 2236 2657 ἵ)
2254 2623 2324 2658 etc.
2344 2623 2384 2658 ln

1352 2683 1556 2721 octonario
1571 2682 1807 2731 praecedenti
1826 2682 1899 2720 fuit
1916 2682 2117 2730 proposita
2130 2682 2384 2720 beatitudinis

1349 2745 1416 2782 via
1435 2745 1760 2792 digredientibus,
1777 2755 1847 2782 seu
1862 2745 2215 2793 impoenitentibus:
2235 2745 2276 2781 in
2291 2755 2385 2792 prac-

1351 2808 1448 2845 senti
1468 2807 1672 2845 octonario
1700 2807 1937 2856 proponitur
1956 2806 2294 2855 regredientibus,
2316 2817 2385 2843 scu

1350 2871 1644 2918 poenitentibus,
1674 2871 1778 2908 Unde
1805 2871 2006 2918 profecto,
2037 2870 2137 2907 sicut
2162 2870 2386 2907 octonarius

1350 2932 1416 2970 ille
1437 2933 1650 2980 incipiebat
1678 2932 1729 2970 ab
1755 2933 1880 2981 Aleph
1907 2932 2054 2979 littera,
2081 2943 2169 2980 quae
2196 2932 2385 2979 interpre-
2405 2940 2508 2976 Aleph.

1351 2997 1453 3032 tatur
1473 2995 1732 3032 tentationum
1753 2995 1894 3040 millia,
1913 3005 1984 3043 per
2003 3005 2092 3043 quoe
2110 2995 2153 3031 fit
2172 2993 2384 3042 digressio,

1350 3057 1405 3094 sic
1425 3057 1493 3094 iste
1507 3068 1530 3095 a
1549 3058 1642 3095 Beth
1660 3057 1802 3105 littera,
1824 3068 1913 3106 quae
1932 3058 2205 3105 interpretatur
2225 3056 2382 3100 domus,
2405 3063 2489 3089 nem.

1352 3121 1404 3157 ad
1419 3130 1541 3169 quam
1554 3120 1598 3157 fit
1611 3121 1817 3168 regressio.
1835 3122 1977 3158 Verum
1999 3120 2094 3168 quia
2107 3118 2383 3166 regredientes,

1351 3194 1418 3220 seu
1437 3182 1669 3231 poenitentes
1693 3183 1824 3230 primo
1853 3182 2049 3230 suspirant
2074 3191 2146 3229 per
2169 3189 2384 3227 compunc-

1350 3246 1513 3292 tionem,
1533 3247 1734 3292 postremo
1748 3245 1941 3291 respirant
1957 3254 2028 3292 per
2048 3242 2381 3280 consolationem:

1351 3307 1499 3344 idcirco
1517 3307 1771 3344 beatitudinis
1789 3307 1855 3344 via
1874 3305 2109 3354 proponitur
2128 3304 2236 3352 prius
2257 3304 2385 3352 suspi-

1350 3369 1549 3416 rantibus,
1583 3369 1681 3406 sicut
1708 3369 1749 3405 in
1777 3367 2029 3416 quaternario
2059 3367 2213 3415 prim03
2246 3369 2385 3415 postea

1351 3461 1398 3494 m,
1420 3455 1468 3486 14.
1483 3469 1523 3476 -
1538 3453 1552 3475 ⁷
1567 3454 1648 3492 rsa„
1667 3458 1738 3492 xm,
1761 3451 1812 3484 17.
1827 3467 1868 3475 —
1887 3451 1901 3474 ο
1916 3450 2049 3490 Juditlz,
2069 3457 2119 3491 v1‚
2140 3453 2190 3484 15.
2208 3467 2249 3475 —
2263 3451 2275 3469 ⁰
2292 3450 2382 3482 Psat.

1351 3500 1430 3540 hoc,
1451 3501 1523 3533 107.
1542 3517 1583 3524 —
1604 3500 1628 3521 ¹⁰
1648 3498 1746 3539 ibid„
1770 3499 1821 3532 13.
1842 3514 1883 3523 -
1903 3499 1926 3521 ¹¹
1951 3497 2050 3539 ibid„
2070 3499 2122 3531 51.
