2633 3878
153 1869 275 1893 Aetuum

154 1916 249 1935 inora-

170 1951 240 1977 tium

145 1995 269 2028 quatuor

139 2041 258 2068 genera.

290 229 368 267 448

718 353 887 394 Epilogus.

335 436 509 480 Tangeris
535 442 628 479 ergo
661 432 853 479 Propheta
882 431 1125 468 eonscientioe
1162 440 1317 466 serena-

289 495 449 541 tionem,
471 498 662 543 quantum
674 494 724 531 ad
737 494 884 531 vitiosae
900 494 1054 530 vilitatis
1069 492 1312 538 vitationem,

287 557 342 593 sic
362 557 412 593 ait
435 569 443 593 :
466 558 517 593 Ab
535 560 632 594 omni
649 560 709 593 via
730 558 839 601 mala,
864 558 1054 603 quantum
1087 555 1139 591 ad
1172 554 1315 601 iniqui-

288 622 404 655 tatem
425 619 704 666 vituperatam3
730 619 900 654 Prohibita·
919 618 1024 664 pedes
1062 627 1167 662 meost,
1190 627 1316 664 quan-

287 682 369 717 tum
389 681 441 718 ad
479 681 767 718 sensualitatem
807 681 1083 727 temperata1n3
1124 680 1168 714 [Τί
1205 681 1317 715 custo-

289 745 400 790 diam,
423 748 613 792 quantum
629 744 679 780 ad
694 743 932 780 voluntatem
946 744 1155 779 reseratam
1171 754 1181 788 ;
1203 743 1235 777 V
1235 742 1317 778 erbe

289 809 368 852 tua,
389 809 582 855 quantum
602 806 653 843 ad
682 805 884 842 veritatem
909 805 1182 843 desideratam.

652 953 872 982 VBRSlCULUS
898 954 950 979 vt.

340 1060 418 1094 102.
431 1057 619 1103 Ajttciiciz's
634 1059 779 1093 tuz'snon
791 1056 982 1098 declinavi,
992 1056 1061 1090 etc.
1078 1053 1205 1089 Prima
1218 1052 1316 1088 ratio

290 1119 518 1164 serenitatis,
567 1118 748 1155 videlicet
783 1118 932 1154 vitiosae
974 1115 1104 1152 vitatio
1148 1114 1317 1160 vilitatis,

290 1181 457 1218 innotuit
477 1181 515 1216 in
537 1192 651 1217 versu
669 1180 824 1228 prim0;
858 1179 1030 1217 secunda
1062 1178 1160 1214 ratio
1197 1177 1320 1225 ipsius

291 1243 518 1289 screnitatis,
541 1242 685 1278 scilieet
705 1242 863 1278 dilectio
883 1241 1061 1277 virtualis
1087 1239 1320 1277 amoenitatis

291 1305 494 1341 innotescit
532 1305 570 1340 in
608 1305 695 1341 isto.
731 1306 834 1340 lianc
875 1306 1004 1340 autem
1055 1302 1320 1339 amoenitatem

292 1379 423 1406 amate
445 1379 516 1405 nos
538 1368 794 1414 ostendimus,
817 1379 904 1403 cum
939 1377 1008 1414 per
1046 1366 1231 1402 virtutum
1251 1365 1320 1401 ha-

292 1432 393 1468 bitus
414 1431 590 1467 divinam
610 1430 650 1466 in
679 1430 795 1467 nobis
823 1428 1119 1466 similitudinem
1138 1438 1321 1475 reparare

293 1493 577 1530 contendimus,
601 1496 684 1529 llaec
715 1493 820 1529 enim
848 1491 1062 1528 similitudo
1090 1490 1262 1527 consistit
1284 1489 1322 1525 in

294 1555 485 1600 moribus,
507 1555 726 1591 secundum
764 1554 1024 1601 Augustinum
1048 1556 1069 1589 ¹.
1093 1552 1190 1597 Quia
1227 1562 1321 1588 vero

294 1617 437 1653 divinae
456 1616 721 1653 similitudinis
736 1617 1027 1664 reparationem
1041 1614 1225 1663 praeeedit
1244 1614 1322 1651 vir-

293 1679 457 1716 tualium
476 1679 682 1716 habituum
703 1678 918 1726 generatio,
959 1680 994 1714 ct
1021 1677 1228 1714 habituum
1257 1687 1323 1723 ge-

294 1742 535 1778 nerationem
558 1744 715 1778 actuum
736 1740 950 1788 aggeratio,
987 1742 1023 1776 et
1061 1742 1217 1776 actuum
1255 1750 1323 1785 ag-

294 1804 535 1850 gerationem
580 1804 754 1852 ipsorum
798 1802 1025 1851 imperatio;
1063 1802 1207 1839 idcirco
1244 1813 1323 1838 non

295 1867 437 1913 injusto
455 1866 604 1913 judicio
627 1865 826 1902 decretum
865 1867 920 1901 est
951 1876 973 1901 a
1013 1865 1176 1901 Domino
1217 1866 1324 1900 actus

295 1928 491 1975 imperari,
531 1931 639 1965 aetus
679 1927 827 1964 actibus
866 1926 1064 1973 aggerari,
1097 1938 1142 1963 ex
1175 1926 1324 1963 actibus

295 1991 450 2028 habitus
481 1991 673 2039 generari,
713 2001 761 2027 ex
792 1990 991 2027 habitibus
1028 1988 1326 2025 similitudinem

297 2054 469 2102 reparari
491 2066 499 2090 z
523 2057 716 2101 quatenus
742 2052 956 2089 similitudo
977 2051 1130 2100 perdita
1160 2062 1231 2099 per
1260 2061 1326 2087 na-

298 2122 389 2154 turae
408 2117 576 2162 ruinam,
597 2118 798 2164 reparetur
825 2114 1071 2163 aliquatenus
1090 2124 1160 2162 per
1180 2116 1326 2150 naturae

297 2178 627 2225 alterius,scilicet
650 2177 910 2215 assuetudinis
940 2176 1191 2213 medicinam.
1232 2177 1325 2212 Eece

297 2244 467 2289 quatuor
497 2244 603 2278 actus
643 2239 825 2285 morales,
864 2239 915 2276 ad
947 2242 1115 2287 quatuor
1147 2238 1327 2274 membra

298 2313 431 2339 versus
449 2302 640 2350 propositi
660 2302 908 2349 pertinentes,
929 2300 1112 2337 videlieet
1136 2302 1242 2337 aetus
1256 2300 1327 2336 im-

298 2365 477 2412 perandi,
499 2364 729 2412 aggerandi,
756 2363 985 2410 generandi,
1026 2365 1062 2399 ct
1098 2362 1323 2410 reparandi.

298 2427 406 2474 Legis
426 2427 579 2463 interest
614 2428 720 2462 actus
748 2426 962 2473 imperare;
998 2425 1182 2466 hominis,
1219 2427 1326 2460 actus

297 2489 447 2525 actibus
467 2499 679 2536 aggerare5
710 2490 882 2534 acrium,
915 2487 1073 2524 habitus
1111 2497 1323 2534 generare;

297 2551 516 2597 habituum,
539 2551 834 2587 similitudinem
854 2561 1051 2598 reparare.

635 2657 817 2691 Articulus
834 2657 984 2701 primus.

345 2741 459 2776 Actus
472 2738 682 2786 reparandi
708 2738 942 2784 insinuatur,
981 2749 1071 2774 enm
1107 2737 1273 2774 dicitur:
1298 2740 1324 2773 A

291 2801 445 2846 judiciis
473 2803 566 2846 tuis,
603 2811 721 2848 super
754 2800 1002 2848 reparatione
1041 2799 1323 2836 similitudinis.

299 2863 399 2907 Quid
418 2862 672 2909 enimjustius
693 2862 905 2909 judicetur,
939 2873 1058 2909 quam
1093 2865 1134 2898 ut
1171 2861 1327 2898 habitus

299 2935 370 2972 per
384 2924 562 2960 habitum
581 2927 796 2972 reparetur,
824 2926 861 2960 et
891 2924 1049 2960 habitus
1086 2935 1157 2971 per
1197 2926 1328 2960 actum

300 2986 489 3034 perditus,
509 2996 579 3033 per
591 2985 771 3022 habitum
797 2986 948 3022 actibus
969 2985 1143 3032 genitum
1181 2989 1326 3022 restau-

300 3051 422 3095 retur3
445 3050 480 3085 et
500 3047 725 3084 humanitus
746 3047 1001 3092 deformatus,
1021 3047 1249 3084 humanitus
1267 3058 1326 3084 re-

300 3110 512 3156 formetur3
534 3109 603 3146 sed
641 3112 677 3146 et
709 3109 807 3156 legis
845 3109 1060 3155 temeratio,
1100 3109 1352 3146 intemerato·

300 3172 398 3220 legis
419 3172 584 3220 imperio
616 3171 919 3219 compensetur?
944 3172 986 3206 Et
1019 3173 1125 3216 nota,
1148 3170 1259 3218 quod
1280 3171 1328 3208 de

303 3234 413 3271 dietis
432 3234 590 3281 Judiciis
608 3234 776 3281 legimus
796 3233 835 3269 in
863 3232 1072 3280 Scriptura,
1110 3232 1220 3279 quod
1240 3235 1330 3268 sunt

301 3296 468 3344 provide
486 3300 717 3345 prfeparata,
738 3295 970 3344 ponderata,
1007 3296 1043 3331 et
1069 3293 1325 3331 considerata.

303 3360 395 3396 Sunt
413 3359 516 3396 enim
535 3359 702 3407 provide
721 3361 939 3407 praeparata
963 3357 1015 3395 ad
1041 3356 1329 3405 reparationem

349 3495 354 3511 ¹
378 3492 447 3523 imo
467 3491 698 3532 Gennadium,
721 3491 757 3522 de
778 3491 902 3523 Eccles.
928 3491 1078 3532 Doqmat.
1100 3507 1138 3512 —
1166 3490 1177 3508 2
1198 3488 1328 3527 ludicii,

991 219 1259 264 EXPOSITIO
1291 218 1342 260 IN
1372 217 1723 260 PSALleffltui.

1391 308 1680 354 similitudinis3
1711 307 1930 355 ponderata
1963 307 2013 344 ab
2041 306 2296 354 assimilante3
2322 318 2416 346 con—

1390 371 1558 408 siderata
1578 371 1628 408 ab
1662 369 1895 407 assimilatis.
1937 372 1986 406 De
2025 369 2153 416 primo
2173 370 2186 391 ²
2206 381 2215 406 ;
2240 383 2258 404 (ι
2277 370 2418 407 Omnes

1391 433 1462 469 vite
1480 435 1553 469 tuae
1572 436 1718 480 paratae
1738 435 1840 476 sunt,
1862 435 1898 468 et
1927 435 1991 468 tua
2007 431 2157 478 judicia
2176 430 2217 467 in
2239 433 2306 468 tua
2329 442 2419 479 pro·

1391 494 1566 532 vidi-ntia
1585 495 1749 542 posuisti
1773 507 1781 531 :
1809 509 1826 529 »
1850 505 1937 531 ecce
1956 493 2105 540 judicia
2127 492 2294 540 provide
2318 504 2420 541 pree-

1391 560 1539 604 parata.
1563 559 1612 592 De
1632 556 1806 592 secundo
1828 558 1840 579 ³
1861 569 1868 592 :
1897 570 1913 590 t(
1935 555 2090 592 Pondus
2128 557 2164 591 et
2201 556 2342 592 statera
2357 554 2420 601 ju-

1393 619 1495 655 dicia
1515 618 1666 655 Domini
1698 622 1786 654 sunt
1809 630 1816 654 :
1841 632 1857 650 »
1883 628 1971 654 ecce
2009 617 2158 664 judicia
2188 616 2419 665 ponderata.

1394 683 1442 717 De
1464 681 1574 717 tertio
1593 680 1606 700 '⁴
1630 692 1637 716 :
1665 693 1682 714 «
1702 680 1966 726 Cogitationes
1984 681 2183 727 justorum
2200 679 2352 726 judicia
2373 691 2381 716 :
2400 692 2418 715 »

1393 754 1478 780 ecce
1496 742 1645 789 judicia
1672 743 1929 780 considerata.

1711 848 1894 883 Arcteulzis
1919 846 2104 883 secundus.

1441 933 1554 967 Actus
1571 930 1786 976 generandi
1806 929 1996 975 innuitur,
2033 940 2123 966 cum
2155 929 2294 966 dicitur
2314 941 2322 966 :
2344 931 2425 968 Non

1395 992 1599 1038 declinatam
1617 992 1806 1040 quoniam
1825 1003 1848 1029 a
1867 991 2061 1039 praedietis
2078 991 2235 1038 Judiciis
2255 1002 2336 1029 non
2356 991 2425 1029 de-

1395 1054 1526 1100 clinat,
1547 1054 1614 1102 qui
1633 1054 1854 1091 laudabiles
1871 1053 2028 1091 habitus
2062 1064 2133 1102 per
2169 1053 2425 1091 rationabiles

1395 1118 1502 1152 aetus
1521 1117 1698 1163 generari
1719 1119 1913 1164 procurat.
1933 1118 1975 1153 Et
2001 1118 2108 1163 nota,
2129 1116 2239 1164 quod
2258 1126 2339 1153 non
2359 1116 2425 1152 de-

1395 1178 1536 1215 bemus
1563 1178 1761 1215 declinare
1783 1190 1804 1215 a
1824 1177 1964 1226 triplici
1998 1178 2229 1215 rectitudine
2251 1190 2260 1215 ε
2282 1177 2427 1215 scilieet

1395 1303 1552 1339 clinatio
1573 1303 1739 1350 pertinet
1758 1302 1810 1339 ad
1835 1303 2057 1350 operanda3
2079 1302 2266 1349 secunda,
2288 1302 2340 1339 ad
2359 1302 2426 1339 de-

1396 1365 1606 1402 sideranda
1622 1378 1632 1412 3
1656 1365 1780 1410 tertia,
1801 1365 1851 1402 ad
1873 1365 2083 1412 speranda.
2104 1365 2232 1402 Prima
2257 1363 2426 1401 declina-

1396 1428 1449 1464 tio
1487 1427 1719 1476 prohibetur
1744 1429 1756 1450 ⁵
1791 1441 1798 1465 :
1837 1442 1855 1463 <i
1892 1428 2032 1473 Facite,
2072 1427 2213 1475 inquit,
2249 1437 2307 1473 ea,
2341 1437 2428 1474 quoe

1397 1490 1580 1538 praecepit
1600 1491 1786 1527 Dominus
1808 1490 1923 1527 vobis
1934 1503 1945 1534 ,·
1966 1500 2048 1526 non
2079 1488 2340 1535 declinabitis,
2359 1498 2429 1525 ne-

1398 1563 1474 1600 que
1495 1552 1546 1588 ad
1575 1552 1792 1597 dexteram,
1821 1563 1949 1600 neque
1983 1551 2035 1589 ad
2054 1551 2249 1588 sinistram
2270 1563 2278 1587 :
2298 1564 2315 1586 »
2340 1561 2428 1588 ecce

1398 1615 1608 1652 declinatio
1628 1615 1803 1652 aetionis.
1833 1615 1868 1651 Si
1890 1614 2045 1662 quaeris,
2067 1613 2164 1662 quid
2183 1613 2231 1650 sit
2264 1613 2315 1651 ad
2337 1613 2429 1650 dex-

1398 1680 1534 1724 teram,
1556 1677 1619 1714 vel
1641 1677 1836 1714 sinistram
1856 1676 2082 1713 declinare?
2119 1675 2344 1721 Indiscrete,
2363 1675 2428 1712 vel

1399 1739 1582 1776 indevote
1602 1741 1795 1787 prtecepta
1814 1749 1984 1776 servare.
2007 1737 2221 1782 lndiscreti,
2241 1737 2341 1774 sicut
2361 1747 2428 1773 su-

1398 1801 1620 1848 perstitiosi,
1657 1801 1854 1838 declinati
1893 1801 1945 1837 ad
1977 1800 2201 1846 dexteram3
2240 1799 2428 1845 indevoti,

1399 1864 1495 1899 sicut
1511 1863 1712 1908 desidiosi,
1734 1863 1932 1900 declinant
1952 1863 2003 1900 ad
2023 1863 2229 1900 sinistram.
2251 1861 2430 1899 Secunda

1400 1925 1609 1961 declinatio
1641 1925 1892 1972 designatur⁶
1914 1938 1924 1962 :
1953 1940 1970 1960 «
1991 1925 2027 1962 Si
2047 1923 2258 1962 declinavit
2277 1933 2431 1971 gressus

1399 1999 1510 2024 meus
1531 1988 1579 2024 de
1594 1987 1684 2033 via,
1705 2002 1720 2023 »
1748 1990 1818 2024 cte.
1854 1987 1910 2024 llli
1944 1998 2098 2035 gressus
2132 1989 2220 2024 sunt
2256 1986 2430 2031 affectus,

1401 2050 1468 2098 qui
1483 2050 1680 2087 declinant
1694 2061 1715 2087 a
1737 2049 1906 2087 veritatis
1933 2050 2009 2096 via,
2031 2061 2120 2086 eum
2138 2051 2331 2096 vagantur
2360 2058 2432 2097 per

1400 2113 1532 2150 illicita
1572 2112 1768 2150 desideria
1789 2125 1797 2148 ;
1833 2123 1922 2149 ecee
1958 2111 2166 2149 declinatio
2199 2110 2429 2149 affectionis

1399 2175 1523 2212 Tertia
1561 2175 1771 2212 declinatio
1810 2174 1985 2211 innuitur
2022 2185 2093 2222 per
2126 2173 2370 2211 Psalmistam
2388 2174 2428 2210 ⁷:

1405 2251 1420 2269 «
1441 2237 1595 2283 oculos,
1618 2237 1756 2284 inquit,
1785 2247 1876 2274 snos
1914 2239 2128 2273 statuerunt
2163 2235 2358 2273 declinare
2389 2234 2430 2271 in

1400 2302 1592 2336 terram.»
1617 2298 1717 2344 Quid
1733 2302 1789 2336 est
1817 2298 1954 2335 oculus
1983 2297 2172 2346 corporis,
2206 2297 2280 2333 nisi
2309 2296 2431 2333 inten-

1400 2363 1450 2399 tio
1470 2362 1625 2409 operis?
1643 2361 1785 2399 Oculos
1806 2361 1923 2408 igitur
1961 2360 2158 2397 declinant
2193 2359 2234 2396 in
2271 2362 2426 2406 terram,

1401 2426 1465 2472 qui
1488 2435 1567 2461 non
1587 2423 1794 2460 intendunt
1825 2423 2043 2460 mercedem
2080 2421 2222 2470 operis,
2253 2420 2327 2457 nisi
2353 2424 2430 2457 ter-

1400 2497 1535 2523 renam
1554 2498 1561 2522 :
1586 2497 1673 2523 ecce
1695 2485 1905 2523 declinatio
1936 2485 2173 2522 intentionis.

1733 2591 1923 2627 Artz'culus
1957 2591 2096 2626 tertius.

1446 2678 1562 2712 Actus
1581 2673 1802 2722 imperandi
1822 2673 2062 2720 significatur
2072 2700 2084 2719 ,
2111 2683 2202 2710 cum
2221 2672 2397 2721 sequitur
2418 2685 2429 2709 .·

1401 2739 1495 2782 Qtu'a
1516 2741 1555 2773 ιιι
1575 2739 1681 2782 legem
1700 2739 1867 2783 posuisti.
1890 2735 1991 2781 Quid
2009 2738 2065 2772 est
2082 2735 2188 2771 enim
2206 2734 2336 2782 legem
2355 2745 2429 2782 po-

1401 2810 1492 2836 nere
1508 2828 1519 2846 ,
1546 2799 1620 2835 nisi
1643 2799 1734 2845 Jura
1753 2798 1896 2845 legalia
1914 2799 2134 2846 imperare?
2162 2796 2268 2835 Istud
2299 2799 2429 2834 autem

1401 2862 1609 2910 imperium
1629 2865 1682 2899 cst
1698 2862 1747 2898 de
1763 2862 1915 2899 actibus
1926 2861 2128 2899 virtutum.
2143 2860 2305 2898 Intentio
2318 2869 2424 2897 nam-

1402 2935 1478 2972 que
1506 2924 1740 2971 legislatoris
1760 2928 1840 2971 est,
1876 2924 2095 2961 secundum
2119 2921 2427 2970 Philosophum,

1401 2986 1526 3024 facere
1555 2987 1750 3035 populum
1770 2986 2001 3023 virtuosum.
2034 2987 2201 3034 Imperat
2220 2983 2326 3022 enim
2349 2983 2430 3021 vir-

1402 3051 1527 3086 tutum
1548 3052 1656 3086 actus
1670 3078 1681 3095 ,
1704 3052 1746 3086 ut
1764 3059 1834 3097 per
1855 3059 1993 3085 eorum
2013 3047 2240 3085 exercitium
2260 3046 2430 3094 adgene-

1401 3116 1534 3148 rentur
1553 3112 1740 3148 virtutum
1760 3111 1931 3148 habitus.
1951 3110 2058 3148 Unde
2087 3113 2202 3157 nota,
2231 3109 2343 3157 quod
2373 3108 2430 3145 le-

1402 3173 1504 3219 gitur
1523 3173 1562 3210 in
1584 3173 1781 3220 Scriptura
1799 3173 1860 3210 lex
1880 3172 2030 3221 posita,
2051 3173 2116 3209 lex
2136 3171 2344 3219 disposita,
2365 3169 2429 3206 lex

1401 3236 1584 3283 perfecta.
1603 3235 1743 3272 Positio
1763 3235 1919 3284 respicit
1933 3237 2090 3272 actuum
2108 3232 2425 3295 imperationem3

1403 3297 1608 3345 dispositio
1627 3300 1785 3335 actuum
1805 3297 2125 3345 aggerationem3
2152 3293 2337 3343 perfectio
2356 3292 2427 3331 ha-

1402 3359 1556 3397 bituum
1577 3360 1882 3407 generationem.
1903 3361 1952 3396 De
1971 3359 2101 3407 primo
2121 3356 2313 3405 Propheta
2324 3355 2427 3403 psal-

1403 3452 1456 3485 ix,
1489 3447 1518 3477 5.
1544 3462 1584 3468 —
1614 3445 1628 3467 ³³
1654 3445 1764 3485 Prov.‚
1791 3451 1868 3484 xvi,
1903 3445 1952 3474 11.
1983 3459 2018 3465 —-
2050 3442 2060 3460 ⁴
2085 3441 2195 3481 Prov„
2223 3448 2292 3481 xn,
2328 3441 2358 3472 5.
2388 3456 2427 3464 —

1404 3492 1414 3509 ⁵
1435 3493 1547 3533 Dent.²
1568 3501 1601 3534 v,
1622 3494 1672 3525 32.
1687 3510 1728 3517 -
1750 3492 1762 3511 θ
1781 3490 1853 3531 Joh,
1874 3497 1971 3531 xxxi,
1990 3491 2022 3522 7.
2048 3506 2088 3514 —
2104 3489 2114 3509 ⁷
2128 3487 2218 3521 Psal.
2241 3494 2312 3530 xvi,
2334 3489 2384 3522 11.

2488 1194 2585 1222 Recti-

1396 1241 1572 1287 aetionis,
1595 1240 1824 1285 affectionis,
1863 1244 1898 1277 et
1916 1241 2161 1285 intentionis.
2197 1240 2324 1277 Prima
2362 1240 2427 1277 de·
2444 1236 2583 1314 ἷῖξὲἴΐῑ·
