2633 3878
281 277 356 315 :388
971 264 1242 308 EXPOSlTlO
1274 263 1327 305 ΙΝ
1359 261 1710 306 PSALTERIUM.

706 397 877 438 Epilogus,

324 485 381 522 Ait
407 494 501 530 ergo
521 482 733 529 Propheta,
755 481 819 517 vel
840 480 989 526 patiens
1008 488 1104 514 voce
1134 477 1305 524 prophe-

276 548 350 584 tica
372 559 379 583 :
402 548 534 582 Memor
553 545 843 589 fuijzzdicz'orum
867 546 1020 586 tuorum,
1040 542 1232 587 quantum
1252 538 1305 575 ad

274 609 468 656 patientiae
489 607 630 643 divina¹
651 605 854 641 materiam
869 634 877 648 ,
899 603 1009 647 cujus
1027 601 1191 638 materia
1215 601 1305 636 sunt

276 672 410 707 divina
443 669 593 715 judicia
630 679 637 703 ε
672 677 759 703 ecce
792 663 1019 700 memoriale
1057 663 1301 710 speciosum5

275 737 301 770 A
329 734 472 776 saeculo,
501 733 691 778 quantum
712 728 763 763 ad
782 726 888 762 illius
907 725 1101 773 patientiae
1120 725 1302 771 frequen-

276 796 368 831 tiam
407 807 416 829 :
457 804 543 830 ecce
585 789 812 827 memoriale
851 789 1091 835 spatiosum;
1131 789 1276 822 Domine
1290 814 1301 831 ‚

276 860 467 904 quantum
486 854 537 891 ad
556 853 676 900 ipsius
693 850 886 899 patientias
903 849 1194 886 excellentiam:
1215 858 1303 883 ecce

275 916 504 954 memoriale
526 915 761 959 virtuosum3
783 914 829 948 Et
851 913 1050 948 consolatus
1069 921 1160 955 sum,
1183 919 1305 956 quan·

275 984 358 1016 tum
396 979 445 1015 ad
485 979 516 1024 ej
526 977 662 1013 usdcm
693 975 886 1023 patientiae
920 972 1135 1010 efficaciam
1166 983 1173 1006 :
1214 980 1303 1006 ecce

274 1041 504 1078 memoriale
525 1039 792 1075 victoriosum.

647 1185 865 1213 VERSICL'LUS
892 1185 929 1209 V.

319 1298 376 1330 ῗί3.
389 1295 546 1338 Defectio
556 1294 671 1328 tenuit
680 1302 746 1335 me,
757 1287 1150 1327 etc.Consolationem
1160 1285 1306 1333 patien-

277 1358 373 1393 tium
399 1355 612 1392 declaravit
637 1351 909 1400 quaternarius
935 1348 1187 1393 antecedens3
1210 1357 1304 1382 con-

277 1419 509 1456 solationem
539 1414 860 1462 compatientium
895 1411 1066 1448 declarat
1100 1412 1306 1457 quaterna-

277 1482 355 1517 rius
394 1489 578 1527 praesens
620 1479 702 1513 Haec
738 1474 954 1512 consolatio
991 1473 1305 1516 consummatur,

276 1542 436 1590 quando
466 1542 635 1577 fraterna
667 1538 783 1585 culpa
812 1536 1068 1583 deploratur,
1101 1533 1217 1569 venia
1238 1532 1308 1568 im-

274 1605 475 1651 ploratur,
510 1591 626 1650 poena
659 1602 922 1640 memoratur,
957 1595 1183 1644 poenitentia
1213 1605 1308 1642 pro-

276 1670 453 1710 curatur,
474 1665 572 1700 sicut
603 1666 771 1711 quatuor
798 1660 990 1708 proximis
1019 1658 1198 1695 versibus
1218 1656 1306 1692 inti-

275 1733 416 1764 matur.
443 1728 581 1762 Yersus
605 1725 755 1772 primus
776 1722 974 1770 pertinens
996 1720 1048 1756 ad
1072 1718 1307 1766 deploratio-

276 1800 366 1826 nem
387 1789 511 1836 culpse
524 1788 713 1831 fraternae,
735 1784 889 1821 videtur
906 1784 1075 1830 quatuor
1095 1781 1307 1825 continere,

275 1851 456 1887 videlicet
477 1850 658 1886 dolorem
687 1847 807 1884 animi
827 1848 988 1893 propter
1016 1854 1189 1880 errorem
1215 1852 1308 1889 pro-

277 1915 368 1950 ximi
394 1927 400 1949 :
424 1913 538 1949 dolor
559 1910 777 1959 liquefacit,
799 1909 954 1945 animus
973 1906 1178 1954 liquescit;
1200 1915 1310 1941 error

276 1977 465 2023 frigefacit
481 1989 490 2023 3
507 1974 712 2022 proximus
730 1971 957 2018 refrigescit.

610 2078 798 2115 Articulus
820 2077 975 2122 primus.

328 2168 523 2210 Quantum
561 2163 614 2199 ad
646 2162 821 2209 primum
860 2157 1086 2201 articulum,
1126 2154 1267 2191 dicitur
1301 2166 1308 2187 :

282 2231 435 2272 Defectio
460 2240 468 2263 ε
490 2228 561 2263 ista
581 2224 745 2262 defectio
768 2225 824 2260 est
844 2222 1056 2257 vehemens
1076 2216 1313 2264 compassio-

280 2293 339 2328 nis
359 2291 526 2335 affectio,
543 2300 630 2337 quae
647 2289 700 2324 sic
719 2286 891 2323 fervidas
908 2285 1059 2321 animas
1075 2280 1310 2328 comprimit,

282 2354 391 2401 quod
411 2352 558 2389 calidas
577 2351 772 2397 lacrymas
796 2347 989 2394 exprimit.
1012 2348 1056 2382 Et
1074 2347 1181 2390 nota,
1203 2343 1314 2391 quod

282 2419 337 2452 est
369 2415 534 2451 defectio
568 2412 789 2460 tripartita:
824 2409 1006 2457 quaedam
1027 2407 1183 2451 laetitiae,
1211 2417 1316 2453 quae-

283 2481 374 2516 dam
391 2479 535 2525 gratiae,
555 2475 737 2524 quaedam
758 2473 892 2520 gloriae
906 2470 1101 2519 privativa
1118 2482 1126 2506 :
1146 2479 1315 2516 quarum

283 2542 410 2589 prima
445 2542 664 2587 J'ustorum3
704 2535 878 2573 secunda
915 2534 1172 2580 injustorum3
1205 2530 1315 2567 tertia

283 2604 558 2652 reproborum.
593 2604 643 2637 De
669 2600 797 2648 prima
820 2601 829 2620 ¹
854 2609 862 2633 :
890 2612 906 2629 «
931 2600 1006 2632 Cor
1031 2595 1260 2637 tabescens,
1281 2594 1317 2629 et

286 2667 490 2703 dissolutio
519 2663 814 2712 geniculorum,
841 2663 877 2697 et
907 2659 1071 2696 defectio
1102 2658 1142 2693 in
1171 2655 1317 2693 cunctis

285 2730 471 2774 renibus3
495 2742 511 2760 »
539 2727 608 2764 ubi
634 2722 917 2772 compassionis
938 2721 1054 2758 dolor
1071 2719 1316 2763 describitur,

288 2792 356 2837 qui
377 2791 473 2827 dum
498 2789 607 2826 cordi
632 2787 804 2824 illabitur
820 2814 830 2831 ,
860 2794 1002 2831 corpus
1030 2782 1261 2824 collabitur,
1283 2782 1320 2816 et

289 2853 469 2898 voluptas
499 2850 680 2887 elabitur.
708 2851 757 2884 De
784 2846 957 2884 secunda
974 2844 1015 2880 ²:
1050 2857 1066 2878 «
1093 2842 1318 2879 Jucunditas

289 2914 437 2959 cordis,
467 2913 547 2949 haec
568 2916 623 2948 est
642 2911 717 2948 vita
746 2909 937 2952 hominis,
959 2910 993 2944 et
1012 2907 1216 2943 thesaurus
1237 2904 1319 2941 sine

289 2975 505 3013 defectione
539 2973 749 3010 sanctitatis
771 2984 778 3007 :
803 2984 819 3005 »
845 2982 932 3006 ecce
961 2969 1126 3006 defectio
1154 2967 1286 3014 gratiae
1309 2978 1318 3002 2

290 3044 326 3077 et
359 3049 496 3076 revera
530 3037 660 3074 laetitia
692 3035 723 3071 si
755 3034 894 3078 afficit,
924 3043 1006 3069 non
1040 3031 1216 3079 proficit,
1250 3030 1319 3067 ubi

291 3102 415 3150 gratia
433 3100 576 3137 delicit.
600 3102 649 3135 De
669 3097 781 3134 tertia
801 3098 814 3118 ³
839 3108 846 3132 z
874 3110 890 3130 α
909 3095 1093 3131 Inclinate
1110 3095 1321 3130 humerum

291 3168 464 3202 vestrum
485 3166 521 3200 et
539 3162 731 3199 cervicem
749 3162 919 3196 vestram
933 3186 944 3203 ,
967 3161 1003 3194 et
1026 3167 1189 3205 operam
1209 3155 1321 3191 facite

292 3228 374 3274 regi
394 3225 620 3274 Babylonis,
638 3226 675 3260 et
692 3222 876 3259 sedebitis
890 3221 930 3256 in
948 3222 1065 3263 terra,
1087 3229 1208 3265 quam
1230 3217 1323 3253 dedi

292 3289 468 3337 patribus
504 3287 653 3324 vestris.
690 3284 803 3329 Quod
836 3283 867 3318 si
903 3293 984 3318 non
1020 3280 1185 3317 feceritis
1200 3308 1210 3325 ,
1251 3289 1323 3315 nec

293 3351 492 3388 audieritis
506 3360 646 3387 vocem
670 3346 821 3384 Domini
841 3345 907 3382 Dei
925 3343 1043 3380 vestri
1064 3341 1218 3389 operari
1238 3340 1322 3386 regi

293 3413 540 3459 Babyloniae,
585 3410 843 3448 defectionem
878 3410 1050 3443 vestram
1086 3403 1229 3440 faciam
1273 3402 1322 3437 de

339 3500 344 3515 ¹
365 3496 465 3536 Nata„
486 3504 523 3535 11,
545 3497 594 3527 10.
616 3511 655 3517 -
674 3495 685 3512 2
708 3492 827 3533 Ecclz'.‚
847 3498 929 3531 xxx,
947 3491 998 3521 23.
1020 3506 1060 3512 —
1079 3488 1093 3509 ³
1117 3484 1257 3525 Baruch,
1285 3492 1322 3525 υ,

293 3549 345 3588 21,
377 3548 426 3577 22.
449 3561 483 3567 -
507 3545 516 3562 ⁴
539 3542 628 3574 Psal.
654 3548 829 3580 cxxxviii,
858 3541 906 3571 10.
931 3555 971 3561 -—
994 3538 1004 3555 ⁵
1025 3536 1136 3575 Cant„
1166 3541 1210 3574 11,
1231 3534 1261 3564 6.
1287 3550 1321 3555 -

1381 353 1600 389 civitatibus
1626 352 1740 397 Juda,
1760 365 1777 386 »
1802 354 1899 395 etc.‚·
1921 362 1966 388 ac
1996 351 2027 387 si
2054 352 2224 398 apertius
2255 351 2407 389 dicatur

1380 415 1677 462 peccatoribus:
1698 413 1902 451 Humiliate
1930 423 2002 449 vos
2027 413 2078 449 ad
2098 412 2381 449 confessionem
2395 442 2407 459 ,

1381 477 1562 514 sustinete
1583 476 1853 513 confusionem
1869 504 1879 520 ,
1909 478 1951 511 ut
1975 474 2169 522 recipiatis
2196 473 2408 521 iniquitatis

1380 540 1651 575 remissionem
1667 567 1678 584 ,
1699 542 1735 575 et
1760 537 1994 574 haereditatis
2025 540 2174 573 {eternae
2200 536 2411 583 repromis-

1381 601 1545 637 sionem.
1572 600 1686 645 Quod
1706 600 1736 636 si
1762 600 1964 637 nolueritis
1992 598 2228 636 confessioni
2246 608 2408 642 vacare,

1381 665 1417 699 et
1437 662 1655 698 confusioni
1686 672 1850 708 operam
1880 661 1994 707 dare,
2022 664 2182 709 propter
2214 660 2410 697 defectum

1383 725 1514 771 gratia}
1535 724 1701 761 deficere
1729 735 1798 761 vos
1826 723 1968 761 faciam
1991 735 2014 760 a
2047 722 2296 760 societatibus
2327 722 2406 768 glo-

1380 787 1462 822 riae.
1484 790 1576 822 Ecce
1603 786 1768 823 defectio
1798 787 1931 833 gloriae
1954 799 1962 823 :
1994 787 2153 832 Babylon
2173 785 2279 822 enim
2298 784 2411 821 inter-

1381 851 1554 895 pretatur
1574 848 1766 895 cont'usio,
1792 853 1829 885 et
1847 849 1943 885 Juda
1963 847 2159 895 gloriatio.

1699 955 1882 989 Articulus
1906 951 2094 989 sccundus.

1429 1034 1625 1077 Quantum
1646 1035 1697 1071 ad
1715 1035 1933 1071 secundum
1955 1033 2136 1071 subditur
2158 1046 2166 1070 :
2198 1035 2324 1070 Tenuit
2344 1045 2412 1079 me,

1382 1095 1527 1132 scilicet
1554 1096 1731 1133 animum
1764 1108 1898 1133 meum
1926 1096 2113 1141 afficiens,
2141 1098 2177 1132 et
2204 1095 2412 1132 afficiendo

1383 1157 1636 1204 liquefaciens
1679 1169 1782 1195 eum.
1832 1159 1868 1195 Si
1915 1158 2055 1206 quaeris
2097 1157 2265 1206 qualiter
2302 1156 2416 1194 affec-

1382 1219 1508 1256 tiones
1545 1222 1676 1257 tenent
1706 1220 1901 1265 animum,
1934 1221 2109 1269 profecto
2148 1218 2413 1256 diversimode

1384 1281 1643 1318 diversorum.
1702 1282 1924 1319 Notandum
1981 1293 2076 1330 ergo
2141 1281 2374 1328 generaliter
2400 1309 2412 1327 ,

1385 1344 1496 1390 quod
1539 1344 1762 1381 affectiones
1800 1345 1976 1381 animum
2008 1346 2141 1380 tenent
2173 1343 2373 1390 tripliciter
2403 1354 2412 1378 ε

1384 1406 1568 1453 quaedam
1594 1406 1756 1443 feliciter
1775 1419 1786 1452 3
1823 1406 2006 1454 quaedam
2040 1405 2270 1450 infeliciter;
2304 1414 2414 1451 quae-

1384 1468 1477 1504 dam
1532 1469 1801 1506 mediocriter.
1866 1469 2001 1505 Primae
2066 1469 2198 1504 tenent
2262 1466 2416 1503 animos

1382 1531 1615 1574 beatorum3
1655 1530 1866 1576 secundae,
1904 1530 2058 1567 animos
2105 1529 2413 1573 damnatorum3

1381 1593 1521 1638 tertiae,
1544 1592 1698 1630 animos
1716 1593 1926 1629 viatorum.
1949 1595 2000 1629 De
2020 1591 2149 1640 primo
2171 1590 2352 1628 scribitur
2369 1589 2382 1611 ¹⁰
2400 1600 2410 1626 ε

1387 1667 1405 1688 «
1433 1655 1593 1691 Tenebit
1623 1666 1686 1691 me
1719 1655 1878 1691 dextera
1904 1658 1984 1691 tua.
2015 1668 2031 1689 »
2068 1656 2152 1690 Haec
2182 1653 2341 1690 dextera
2361 1654 2438 1698 est⁴

1384 1719 1526 1753 aeterna
1557 1716 1710 1763 laetitia,
1743 1728 1833 1764 quae
1871 1716 2018 1753 tenebit
2050 1715 2225 1752 animam
2263 1724 2418 1762 sponsae

1383 1778 1484 1815 felici
1523 1779 1713 1824 tentione,
1751 1779 1836 1826 ipsa
1867 1780 1960 1815 teste
1991 1779 2003 1800 ⁵
2035 1790 2043 1814 :
2087 1790 2106 1811 «
2141 1779 2303 1814 Dextera
2334 1776 2417 1822 ejus

1385 1840 1672 1888 amplexabitur
1698 1851 1774 1877 me.
1805 1853 1823 1875 »
1847 1842 1897 1876 De
1926 1840 2123 1883 secundo,
2143 1838 2213 1874 ubi
2234 1838 2375 1874 dicitur
2395 1849 2418 1874 a

1385 1902 1525 1939 Saule⁰
1570 1915 1578 1939 :
1611 1915 1629 1936 ιι
1660 1902 1834 1939 Interfice
1862 1913 1945 1947 me,
1976 1901 2167 1948 quoniam
2190 1901 2323 1937 tenent
2354 1909 2418 1936 me

1385 1964 1585 2010 angustiae.
1611 1977 1628 1999 »
1658 1964 1767 2001 Tales
1793 1963 1980 2010 angustiae
2002 1963 2163 2011 mystice
2195 1961 2417 2006 intellectas,

1385 2029 1476 2062 sunt
1504 2026 1705 2063 aeternales
1738 2026 1916 2072 tristitiae,
1943 2036 2112 2073 quarum
2139 2024 2331 2061 tentiones
2360 2023 2419 2059 in·

1385 2088 1516 2125 felices
1535 2089 1588 2125 ad
1612 2089 1699 2125 illos
1718 2089 1931 2137 pertinent,
1957 2088 2025 2136 qui
2049 2087 2062 2108 ⁷
2085 2100 2103 2121 «
2123 2088 2296 2135 quaerent
2313 2096 2418 2123 mor-

1386 2154 1493 2198 tem,
1529 2153 1566 2188 et
1602 2162 1684 2188 non
1714 2151 1934 2196 invenient,
1959 2164 1977 2185 »
2019 2150 2116 2187 sleut
2151 2149 2332 2186 scribitur
2367 2147 2418 2185 ab

1387 2214 1587 2261 Apostolo.
1621 2216 1672 2250 De
1700 2213 1810 2250 tertio
1839 2213 1852 2235 ⁸
1880 2225 1889 2248 z
1925 2225 1943 2247 «
1967 2214 2093 2249 Pavor
2122 2211 2245 2248 tenuit
2273 2220 2358 2256 me,
2384 2213 2420 2246 et

1387 2278 1546 2312 tremor.
1574 2289 1591 2311 »
1624 2276 1683 2312 Sic
1707 2277 1835 2323 potest
1866 2274 1995 2312 dicere
2023 2274 2172 2320 viator,
2200 2273 2310 2320 cujUs
2341 2272 2421 2309 ani-

1388 2349 1499 2374 mum
1513 2340 1616 2375 tenet
1631 2338 1760 2375 timor.

1727 2443 1918 2478 Articulus
1944 2444 2088 2478 tertius.

1438 2528 1634 2570 Quantum
1660 2525 1711 2562 ad
1735 2526 1917 2572 tertium,
1948 2525 2135 2562 additur:
2166 2525 2234 2560 Pro
2264 2526 2423 2570 peccato-

1389 2589 1515 2633 ribus;
1549 2589 1740 2636 quoniam
1780 2588 1849 2625 ubi
1886 2590 2083 2636 peccator,
2122 2586 2178 2623 ibi
2210 2596 2333 2632 error,
2365 2585 2422 2622 ibi

1391 2651 1559 2687 tenebrae
1587 2653 1716 2687 sunt.⁹
1752 2663 1760 2688 :
1787 2665 1804 2684 «
1836 2653 1951 2687 Error
1983 2651 2019 2686 et
2053 2648 2223 2686 tenebrae
2247 2649 2424 2695 peccato-

1390 2714 1500 2750 ribus
1527 2716 1734 2750 concreata
1759 2715 1860 2749 sunt.
1882 2726 1900 2747 »
1930 2712 2000 2748 Ubi
2025 2721 2121 2748 vero
2146 2709 2422 2753 tenebrositas,

1392 2776 1448 2813 ibi
1485 2776 1584 2812 solet
1625 2786 1707 2811 esse
1743 2774 1947 2821 frigiditas.
1989 2773 2096 2809 Unde
2143 2774 2327 2819 peccator
2369 2774 2425 2808 est

1392 2838 1570 2884 frigidus,
1589 2840 1625 2873 et
1643 2836 1904 2883 infrigidator,
1929 2838 1965 2872 et
1989 2833 2206 2882 specialiter
2226 2833 2422 2879 adulator,

1394 2900 1617 2946 explorator
1633 2928 1644 2945 ,
1665 2899 1860 2935 detractor
1879 2911 1889 2933 :
1912 2907 2083 2945 quorum
2101 2896 2252 2944 primus
2275 2897 2330 2932 est
2349 2894 2425 2932 lac-

1393 2964 1495 2999 tator
1510 2975 1521 3009 3
1548 2961 1743 2999 secundus
1769 2961 1996 3007 sagittarum
2029 2959 2243 2996 fabricator
2252 2970 2263 3004 3
2290 2956 2425 2995 tertius

1394 3025 1606 3072 sagittator.
1641 3026 1690 3060 De
1721 3022 1851 3071 primo
1871 3022 1898 3044 ¹⁰
1920 3034 1928 3058 :
1954 3034 1972 3056 «
1991 3021 2061 3058 Fili
2080 3021 2155 3068 mi,
2185 3020 2218 3057 si
2248 3022 2285 3057 te
2308 3019 2426 3057 lacta-

1394 3088 1520 3124 verint
1546 3088 1798 3133 peccatores,
1829 3095 1879 3121 ne
1913 3084 2137 3132 acquiescas
2169 3083 2223 3119 eis
2253 3095 2264 3118 ε
2293 3095 2312 3118 »
2337 3092 2424 3119 ecce

1394 3152 1575 3197 peccator
1602 3149 1764 3185 lactans.
1786 3149 1837 3183 De
1860 3146 2034 3183 secundo
2061 3150 2081 3170 ¹¹
2109 3158 2120 3182 ε
2145 3146 2307 3182 «Homo
2336 3154 2426 3191 pec-

1396 3214 1503 3248 cator
1528 3210 1711 3258 sanguini
1736 3209 1963 3255 insidiatur3
1991 3208 2145 3245 attende
2170 3206 2241 3243 tibi
2269 3216 2293 3242 a
2310 3204 2425 3252 pesti-

1394 3274 1498 3320 fero,
1535 3273 1700 3310 fabricat
1739 3271 1844 3308 enim
1878 3271 2005 3316 mala,
2041 3280 2090 3306 ne
2131 3268 2229 3304 forte
2265 3266 2427 3303 inducat

1396 3346 1513 3382 super
1532 3338 1567 3372 te
1588 3333 1937 3371 subsannationem
1952 3333 1993 3368 in
2012 3331 2244 3378 perpetuum
2264 3339 2272 3364 :
2295 3342 2312 3363 »
2336 3337 2425 3365 ecce

1398 3438 1409 3453 ‘³
1438 3438 1461 3468 ll
1495 3437 1585 3476 Κεφ,
1609 3442 1641 3474 1,
1667 3436 1697 3466 9.
1725 3450 1760 3456 —
1792 3433 1805 3455 ⁷
1829 3432 1941 3473 Alma,
1973 3439 2027 3471 xx,
2056 3431 2086 3461 6.
2110 3447 2149 3452 -
2177 3430 2187 3448 ⁸
2207 3427 2349 3469 Job‚1v,
2375 3430 2423 3460 14.

1399 3501 1434 3506 --
1457 3486 1468 3502 υ
1486 3483 1604 3522 Ecclz'„
1629 3490 1677 3523 xi,
1711 3483 1759 3513 16.
1781 3497 1821 3504 -
1840 3480 1864 3499 ¹0
1881 3480 1988 3519 Prov„
2009 3486 2034 3519 1,
2069 3478 2117 3509 10.
2134 3494 2175 3501 —
2195 3477 2215 3495 ¹¹
2233 3476 2350 3518 Eccli„
2376 3484 2425 3517 xl,

1399 3533 1450 3571 34,
1471 3532 1521 3562 35.
