2633 3878
274 284 351 322 408

272 370 320 407 rit
348 368 536 416 sapientia
563 378 631 406 eor
660 374 790 416 taum,
816 374 853 407 et
883 372 1042 408 scientia
1063 372 1201 408 animae
1221 375 1296 409 tuae

271 430 480 478 placuerit,
501 430 709 467 consilium
740 432 932 470 custodiet
950 436 985 469 te
1000 461 1011 478 ,
1033 437 1069 469 et
1087 434 1297 480 prudentia

271 492 442 529 servabit
460 495 495 529 te
511 504 522 538 ;
541 506 558 526 ι)
586 493 698 540 quasi
731 493 833 531 dieat
863 506 872 530 :
905 495 942 531 Si
971 495 1160 542 sapientia
1187 495 1298 543 spiri-

271 553 385 590 tualis
401 553 551 591 venerit
567 554 618 591 ad
639 555 769 592 cordis
783 556 836 592 tui
854 556 1068 603 introitum,
1085 559 1121 594 et
1139 558 1298 596 scientia

271 614 465 653 saeeularis
494 617 788 664 apprehensivae
820 622 893 654 tuas
929 619 1149 666 placuerit,
1178 620 1298 657 eonsi-

271 677 368 714 lium
399 678 597 726 sapientiae
624 679 816 716 custodiet
836 683 870 716 te
897 684 1089 728 quantum
1113 682 1165 719 ad
1185 683 1296 730 spiri-

271 739 410 785 tualia,
433 743 469 777 et
490 741 700 788 prudentla
717 741 912 779 saecularis
928 743 1099 781 servabit
1118 747 1152 781 te
1173 755 1299 792 quan-

271 805 354 839 tum
374 802 426 839 ad
447 804 678 851 temporalia
702 817 712 841 :
735 816 823 842 ecce
852 806 982 842 cordis
1011 807 1225 844 introitum.
1249 809 1297 844 De

270 864 444 901 secundo
462 865 471 885 ¹
490 878 499 902 :
527 866 713 903 «Custodi
735 878 794 914 ea,
808 881 826 902 »
849 868 995 906 seilicet
1015 870 1174 916 eloquia
1194 880 1297 915 mea,

274 927 344 962 «in
362 927 496 964 medio
514 927 644 964 cordis
662 929 732 974 tui,
744 942 761 963 »
779 929 961 967 videlicet
980 931 1206 979 inpotentia
1219 943 1299 970 me-

271 988 465 1025 morativa
487 1001 496 1026 :
515 1000 603 1026 ecce
621 991 751 1028 cordis
769 991 957 1029 medium.
974 995 1023 1029 De
1039 994 1149 1030 tertio
1165 993 1178 1013 ²
1196 1006 1204 1030 :
1219 995 1297 1031 «De

271 1050 390 1087 corde
411 1054 553 1088 exeunt
575 1053 829 1099 cogitationes
843 1082 854 1100 ,
873 1067 891 1087 »
915 1054 1059 1092 seilicet
1090 1065 1160 1102 per
1187 1056 1300 1093 inter-

270 1112 471 1159 pretativae
510 1115 690 1160 potentiae
729 1116 985 1153 eructationes
1007 1129 1015 1153 :
1052 1128 1140 1154 ecce
1169 1117 1300 1155 cordis

272 1175 432 1211 exitum.
455 1175 491 1212 Si
511 1176 569 1212 vis
589 1187 683 1224 ergo
712 1178 821 1214 omni
848 1179 1027 1216 custodia
1054 1190 1210 1217 servare
1231 1192 1299 1218 cor

271 1242 400 1282 tuum,
422 1238 534 1285 quasi
554 1238 752 1286 spirituale
775 1241 1022 1287 praesidium,
1045 1242 1196 1279 custodi
1217 1243 1300 1289 ejus

273 1298 498 1344 introitum,
529 1301 727 1347 medium,
747 1305 784 1339 et
819 1303 988 1350 exitum3
1011 1307 1052 1340 ut
1083 1305 1164 1341 nihi
1204 1306 1300 1343 reci-

271 1360 376 1407 pias,
400 1361 497 1398 nihil
517 1363 704 1410 retineas,
719 1364 816 1401 nihil
835 1366 1066 1412 pronunties
1080 1395 1091 1413 ‚
1120 1367 1194 1404 nisi
1223 1379 1302 1405 ree—

270 1424 368 1460 tum.

597 1474 784 1510 Articulus
809 1478 975 1522 quartus.

325 1548 401 1585 Nisi
427 1549 569 1586 deinde
594 1550 794 1588 humilitas
819 1552 859 1588 in
887 1553 1053 1590 Domino
1074 1555 1301 1602 confideret,

274 1610 603 1659 psalmographus
640 1623 721 1650 non
752 1615 1035 1663 superadderet
1063 1630 1073 1663 ;
1111 1618 1303 1655 Serutubor

276 1673 448 1709 mandata
468 1677 531 1710 tua
547 1702 556 1718 ‚
587 1676 697 1722 quod
720 1677 885 1724 pertinet
911 1678 963 1715 ad
980 1680 1208 1717 scrutinium
1232 1682 1303 1717 hu-

275 1734 472 1782 militatis,
502 1737 612 1783 cujus
639 1748 839 1775 summum
869 1743 925 1776 est
958 1741 1131 1778 studium
1162 1742 1304 1780 divinis

277 1796 549 1844 obtemperare
569 1800 776 1840 mandatis.
800 1802 866 1838 Hic
892 1806 1018 1850 potest
1036 1805 1176 1850 notari,
1194 1805 1303 1852 quod

276 1859 504 1897 humilitatis
525 1864 581 1898 est
602 1865 785 1910 scrutari,
805 1876 886 1901 non
910 1866 1201 1914 imprudenter,
1223 1879 1304 1905 non

277 1921 525 1968 impudenter
540 1952 551 1969 ,
573 1924 642 1960 sed
661 1925 887 1972 prudenter.
911 1929 1179 1975 Imprudenter
1200 1941 1304 1967 seru—

277 1987 405 2020 tantur
425 1984 567 2021 curiosi
583 1998 594 2031 3
615 1986 879 2033 impudenter,
896 1989 1109 2037 luxuriosi3
1132 1993 1305 2039 pruden-

278 2048 354 2091 ter,
383 2045 560 2083 virtuosi.
585 2049 634 2084 De
654 2050 784 2096 primo
801 2051 814 2072 ³
835 2062 844 2086 :
867 2065 885 2085 «
904 2051 1002 2089 Nolo
1023 2056 1064 2090 ut
1083 2054 1305 2091 scrutemini

278 2110 407 2144 aetum
426 2119 579 2156 meum,
601 2123 618 2145 n
643 2116 834 2158 quantum
860 2114 912 2150 ad
932 2115 1160 2152 scrutinium
1180 2117 1306 2154 eurio—

278 2180 379 2206 sum.
414 2173 465 2207 De
497 2173 698 2210 seeundo*
720 2186 728 2210 ι
753 2188 771 2207 (ι
797 2177 849 2213 Ne
886 2177 1070 2225 respicias
1099 2179 1306 2216 mulierem

279 2231 395 2268 alieni
425 2233 495 2270 viri
516 2262 528 2280 ,
563 2237 600 2271 et
634 2246 682 2272 ne
723 2238 901 2274 scruteris
935 2239 1119 2276 ancillam
1153 2242 1263 2288 eJ'us,
1286 2255 1303 2277 »

280 2297 472 2341 quantum
498 2296 550 2333 ad
583 2298 813 2335 scrutinium
832 2300 1093 2337 luxuriosum,
1126 2304 1176 2339 De
1196 2304 1307 2340 tertio

281 2357 512 2394 scribitur⁵:
539 2373 556 2393 ιι
575 2361 784 2398 Scrutabor
814 2361 943 2409 legem
971 2365 1097 2408 tuam,
1118 2368 1154 2401 et
1182 2368 1309 2401 custo—

281 2418 388 2456 diam
407 2419 516 2456 illam
536 2422 576 2457 in
604 2425 683 2459 toto
716 2424 833 2460 corde
865 2436 954 2462 meo
970 2453 981 2470 ,
1003 2439 1020 2459 »
1043 2429 1236 2473 quantum
1257 2429 1308 2464 ad

282 2481 510 2520 scrutinium
530 2485 761 2522 virtuosum.

710 2594 881 2636 Epilogus.

328 2673 463 2719 Liquet
499 2674 616 2720 igitur
651 2686 762 2711 mens
799 2676 999 2723 Prophetae
1037 2678 1308 2717 demonstrare

282 2734 449 2771 volentis
469 2736 725 2773 resistentiam
745 2739 978 2785 tentationis,
995 2740 1304 2780 demonstrando

284 2798 495 2835 exercitum
514 2799 694 2835 vanitatis
711 2804 845 2837 eontra
864 2801 1043 2849 spiritum
1062 2803 1303 2841 humilitatis.

283 2859 343 2895 Ait
367 2859 471 2895 enim
494 2871 502 2895 :
524 2862 773 2907 Mulciplz'cata
806 2867 856 2899 est
884 2874 991 2910 super
1017 2875 1093 2907 me,
1115 2868 1306 2912 quantum

282 2920 335 2957 ad
354 2922 566 2958 exercitum
584 2923 829 2961 obsidentem
840 2938 848 2971 3
866 2927 1047 2971 [niquitas
1066 2930 1306 2974 superborum,

283 2985 475 3030 quantum
505 2983 557 3020 ad
577 2985 788 3022 vanitatem
819 2987 1045 3024 stridentem
1062 3001 1072 3034 ;
1094 2990 1170 3034 1:¹90
1191 2993 1307 3025 autem

283 3048 321 3080 in
345 3049 416 3082 toto
445 3045 547 3082 corde
575 3057 666 3091 meo,
688 3050 878 3094 quantum
907 3050 957 3084 ad
978 3049 1156 3096 spiritum
1177 3051 1307 3096 praesi-

284 3106 465 3154 dentem3
493 3109 685 3144 Scrutabor
717 3110 889 3145 mandata
919 3114 1005 3154 tua,
1038 3116 1229 3157 quantum
1258 3113 1309 3148 ad

282 3167 539 3206 humilitatem
557 3171 598 3207 in
617 3171 782 3208 Domino
809 3171 1084 3208 confidentem.

654 3319 874 3347 VERSICULUS
900 3321 951 3347 VI.

331 3425 385 3458 70,
406 3425 640 3469 Coequlalum
659 3427 721 3470 est,
738 3427 829 3461 sicut
848 3427 914 3469 lac,
933 3436 988 3461 cor
999 3435 1130 3471 eorum,
1147 3427 1216 3461 etc.
1236 3426 1308 3460 Re-

283 3484 495 3537 sistentiam
522 3487 718 3523 tentatoris
745 3487 970 3534 praecedens
999 3498 1133 3524 versus
1160 3497 1307 3534 propo-

283 3538 383 3591 suit3
406 3547 609 3584 victoriam
627 3549 848 3586 tentationis
868 3560 1036 3596 praesens
1055 3559 1190 3586 versus
1215 3559 1307 3594 pro-

965 281 1238 323 Ext‘oslTlo
1272 282 1320 324 ΙΝ
1354 284 1702 327 PSALTERIUM.

1370 375 1511 420 ponit,
1550 375 1786 412 insinuando
1826 375 2020 412 desectum
2062 377 2164 414 circa
2197 380 2394 417 tentatoris

1372 436 1580 483 affectum,
1613 440 1650 475 et
1680 439 1910 486 provectum
1941 438 2045 475 circa
2073 438 2229 476 victoris
2264 450 2395 488 aspec-

1370 500 1467 535 tum.
1492 499 1663 536 Defectus
1693 500 1859 547 pertinet
1888 499 1939 536 ad
1971 499 2188 548 potentiam
2205 501 2392 549 ligatam3

1372 560 1558 605 affectus,
1591 561 1642 597 ad
1680 561 1997 598 malevolentiam
2028 562 2273 610 instigatam3
2305 574 2397 611 pro-

1371 627 1524 668 vectus,
1545 624 1594 660 ad
1615 624 1843 671 patientiam
1869 624 2100 672 levigatam‚·
2131 627 2323 673 aspectus,
2344 626 2397 663 ad

1372 686 1602 732 sapientiam
1646 696 1725 733 qua
1773 686 1938 722 vincitur
1965 686 2114 723 malitia
2152 687 2394 734 investigata.

1705 793 1894 828 Articulus
1916 794 2070 838 primus.

1420 875 1614 917 Quantum
1633 874 1685 911 ad
1709 874 1903 922 primum,
1926 875 2169 923 praemittitur
2191 887 2200 912 z
2225 876 2401 922 eoaqula-

1374 939 1447 971 tum
1468 939 1520 971 est
1540 938 1629 973 sicut
1659 939 1726 973 Iac.
1758 938 1829 973 lsta
1858 937 2081 983 coagulatio
2114 939 2171 974 est
2198 938 2401 976 diabolicae

1372 997 1553 1044 potentiae
1585 998 1719 1045 ligatio
1742 1027 1752 1044 ‚
1786 1010 1872 1046 quae
1904 999 2048 1046 ligatur
2078 999 2220 1037 divinae
2250 1001 2401 1038 virtutis

1371 1060 1609 1105 retinaculo,
1623 1060 1722 1098 sieut
1739 1061 1884 1108 ligatur
1903 1062 1963 1098 lac
1984 1072 2007 1098 a
2027 1062 2209 1108 coagulo.
2232 1065 2274 1099 Et
2292 1065 2400 1110 nota,

1374 1121 1483 1168 quod
1513 1121 1601 1158 talis
1630 1123 1872 1169 coagulatio,
1895 1134 1963 1159 seu
1993 1123 2174 1170 potentiae
2198 1123 2401 1171 limitatio,

1373 1184 1414 1220 in
1435 1183 1598 1221 diversis
1619 1184 1883 1222 diversimode
1903 1186 2107 1233 reperitur.
2130 1185 2238 1222 Unde
2257 1186 2402 1224 diversi

1375 1245 1638 1283 diversimode
1671 1247 1866 1293 coagulati
1897 1248 2080 1294 leguntur
2113 1260 2122 1285 :
2156 1248 2266 1285 aliter
2296 1249 2402 1287 enim

1375 1308 1499 1344 existit
1528 1309 1756 1355 eoagulatus
1783 1308 1896 1345 foetus
1929 1309 1970 1346 in
1997 1309 2156 1347 matrice
2187 1310 2400 1359 formatus3

1375 1370 1487 1406 aliter
1506 1370 1662 1418 spiritus
1687 1371 1941 1417 informatus3
1963 1371 2074 1408 aliter
2099 1371 2257 1420 spiritus
2286 1373 2404 1410 infor-

1375 1432 1534 1478 mantis,
1556 1432 1766 1470 informato
1797 1433 1947 1481 spiritui
1975 1432 2255 1471 conformatus.
2276 1434 2405 1472 Prima

1376 1497 1432 1530 est
1451 1495 1672 1541 coagulatio
1692 1495 1890 1532 seminalis
1901 1508 1910 1541 3
1933 1495 2107 1533 secunda
2126 1495 2402 1544 disciplinalis3

1375 1557 1488 1593 tertia
1518 1557 1758 1593 doctrinalis.
1790 1559 1841 1594 De
1877 1557 2006 1605 primo
2033 1559 2046 1580 ⁶
2083 1570 2092 1594 z
2132 1569 2151 1591 «
2170 1557 2405 1605 coagulatus

1376 1629 1464 1654 sum
1492 1619 1533 1655 in
1564 1619 1754 1665 sanguine
1785 1630 1831 1655 ex
1862 1619 2009 1656 semine
2040 1619 2212 1656 hominis
2233 1631 2242 1656 ε
2263 1633 2281 1656 »
2317 1631 2405 1658 ecce

1377 1682 1599 1728 coagulatio
1620 1681 1836 1727 seminalis,
1858 1692 1937 1729 qua
1964 1682 2153 1719 limitatur
2179 1682 2293 1720 foetus
2323 1694 2406 1721 ma-

1377 1744 1473 1780 teria
1491 1771 1503 1788 ,
1530 1755 1617 1791 quae
1647 1744 1886 1780 ministratur
1903 1754 1926 1780 a
1945 1743 2092 1780 femina
2123 1755 2193 1791 per
2223 1745 2407 1782 virtutem

1376 1806 1626 1842 formativam
1651 1835 1661 1852 ‚
1694 1817 1782 1853 quae
1812 1806 2010 1842 derivatur
2036 1816 2059 1842 a
2086 1806 2276 1842 masculo.
2299 1807 2407 1844 Unde

1379 1867 1639 1914 Philosophus
1653 1867 1665 1887 ⁷
1684 1880 1691 1904 ε
1713 1867 1809 1903 «Vir
1823 1868 1890 1904 dat
1904 1868 2074 1904 formam
2094 1870 2131 1904 et
2148 1867 2405 1916 principium3

1377 1930 1524 1966 semina
1545 1930 1612 1966 dat
1631 1941 1774 1977 eorpus
1795 1933 1831 1967 et
1856 1929 2075 1967 materiam.
2097 1942 2116 1965 »
2139 1929 2242 1966 Sicut
2268 1930 2409 1968 accidit

1378 1992 1418 2027 in
1435 1992 1533 2028 lacte
1566 1993 1790 2039 coagulato,
1812 1992 1922 2039 quod
1958 2003 2100 2039 corpus
2132 1992 2210 2029 exit
2241 2003 2290 2030 ex
2308 1992 2409 2030 lacte

1379 2057 1416 2090 et
1453 2054 1675 2100 coagulatio
1726 2064 1774 2090 ex
1823 2053 2018 2100 coagu103
2066 2053 2119 2091 ita
2166 2053 2244 2091 exit
2285 2053 2408 2101 illud,

1380 2116 1489 2163 quod
1518 2115 1760 2152 abscinditur
1799 2126 1821 2152 a
1860 2126 1968 2151 mare
2002 2115 2043 2151 in
2062 2115 2224 2152 femina.
2263 2117 2314 2152 De
2351 2126 2409 2153 se-

1379 2177 1511 2214 cundo
1551 2177 1690 2214 dicitur
1736 2188 1807 2224 per
1850 2177 2089 2214 Psalmistam
2120 2176 2134 2198 ⁸
2177 2189 2186 2214 :
2222 2190 2240 2212 α
2267 2177 2410 2226 thuid

1381 2239 1631 2287 suspicamini
1668 2241 1821 2276 montes
1860 2238 2087 2285 coagulatos
2107 2239 2125 2275 ‘3
2155 2252 2172 2274 »
2213 2241 2292 2277 Hoc
2321 2242 2408 2277 est:

1379 2304 1455 2338 Cur
1482 2301 1537 2337 illi
1567 2311 1680 2348 pares
1713 2300 1968 2348 opinamini,
2001 2300 2069 2348 qui
2102 2302 2159 2337 est
2192 2311 2307 2338 mons
2343 2301 2409 2338 Dei

1381 2364 1598 2400 seeundum
1618 2363 1794 2399 divinam
1821 2364 2025 2407 naturam,
2045 2364 2082 2399 et
2106 2373 2221 2399 mons
2250 2363 2408 2410 pinguis

1380 2426 1597 2462 secundum
1634 2425 1879 2470 humanam,
1910 2425 1972 2460 cui
2010 2425 2120 2461 datus
2157 2426 2214 2461 est
2251 2425 2407 2472 spiritus

1381 2499 1462 2525 non
1482 2488 1532 2525 ad
1558 2498 1806 2532 mensuram,
1829 2487 1918 2523 illos
1950 2487 2019 2534 qui
2047 2489 2137 2524 sunt
2164 2490 2317 2524 montes
2333 2514 2345 2532 ,
2367 2487 2409 2524 id

1382 2554 1458 2596 est,
1476 2550 1665 2598 sapientia
1689 2553 1724 2586 et
1755 2549 1879 2595 gratia
1899 2548 2137 2594 eminentes,
2167 2549 2238 2586 sed
2263 2559 2410 2597 coagu-

1380 2612 1467 2659 lati,
1487 2623 1554 2649 seu
1585 2611 1736 2648 limitati
1762 2610 1981 2648 secundum
2005 2621 2232 2648 mensuram
2251 2611 2410 2659 spiritus

1381 2674 1456 2710 sibi
1494 2674 1573 2710 dati
1599 2675 1616 2709 ‘t
1664 2684 1736 2710 nec
1784 2673 1888 2709 enim
1929 2675 2164 2721 acceperunt
2217 2675 2410 2721 quantum

1382 2737 1557 2784 accipere
1580 2737 1810 2782 potuerunt,
1831 2734 1975 2771 scilicet
2007 2734 2225 2772 secundum
2253 2745 2410 2772 mensu-

1381 2810 1467 2835 ram
1505 2797 1727 2834 donationis
1764 2796 1914 2833 Christi.
1953 2795 2053 2833 Talis
2092 2798 2148 2832 est
2185 2796 2408 2843 coagulatio

1382 2858 1655 2906 disciplinalis,
1678 2868 1758 2905 qua
1778 2857 1966 2894 limitatur
1984 2857 2159 2905 potentia
2190 2857 2409 2905 apprehen·

1381 2922 1465 2957 siva
1491 2920 1669 2967 discipuli
1686 2946 1698 2964 ,
1717 2919 1934 2956 secundum
1962 2919 2104 2956 limites
2124 2919 2320 2966 dogmatis
2338 2929 2409 2967 ap-

1380 2982 1575 3030 prehensi.
1599 2984 1648 3018 De
1669 2980 1781 3018 tertio
1810 2981 1989 3028 psallitur
2014 2992 2084 3029 per
2111 2981 2345 3029 prophetam
2361 2981 2375 3003 ⁹
2396 2993 2405 3018 ε

1387 3059 1403 3079 α
1421 3047 1528 3082 Mons
1557 3044 1808 3091 coagulatus,
1835 3054 1950 3079 mons
1970 3039 2126 3090 pinguis
2142 3056 2152 3089 3
2173 3055 2191 3078 »
2214 3043 2329 3090 quasi
2348 3043 2406 3079 di-

1382 3110 1443 3144 eat
1465 3119 1473 3142 :
1498 3107 1585 3152 lile,
1608 3106 1675 3153 qui
1696 3110 1751 3142 est
1770 3116 1885 3142 mons
1906 3105 2066 3152 pinguis
2094 3104 2312 3142 secundum
2330 3104 2406 3140 hu-

1381 3179 1540 3205 manam
1559 3170 1753 3211 naturam,
1771 3166 2002 3214 accipiendo
2022 3166 2207 3214 Spiritum
2230 3168 2407 3203 sanetum

1381 3241 1462 3267 non
1483 3230 1534 3266 ad
1553 3239 1796 3274 mensuram,
1813 3231 1870 3265 est
1888 3228 2118 3274 coagulatus
2137 3227 2406 3264 collimitando

1382 3295 1418 3329 et
1437 3291 1723 3329 conformando
1751 3301 1791 3327 se
1812 3290 2062 3328 audientibus
2089 3288 2306 3326 secundum
2326 3287 2406 3324 exi-

1425 3409 1430 3425 ¹
1459 3407 1569 3445 Pron,
1598 3412 1644 3444 w,
1669 3406 1719 3436 21.
1745 3421 1785 3427 ——
1809 3404 1820 3422 ²
1843 3403 1979 3436 Mami„
2002 3410 2058 3442 xv,
2098 3404 2148 3434 ¹8.
2173 3418 2214 3424 —
2239 3401 2250 3419 ³
2275 3400 2406 3440 Judz'th,

1382 3463 1460 3493 xm,
1482 3456 1532 3485 1513.
1548 3470 1589 3475 —
1616 3453 1623 3470 ’ἱ
1651 3451 1761 3491 Ιίιςίιῐ,
1784 3459 1860 3491 xm,
1893 3452 1940 3481 Π.
1963 3467 2003 3472 -
2033 3450 2043 3467 ,a
2069 3449 2157 3481 Psal.
2182 3448 2268 3488 hoe,
2292 3450 2343 3480 34.
2365 3466 2406 3472 —

1382 3508 1393 3520 ’ἢ
1413 3505 1503 3542 Sap„
1526 3508 1586 3536 vu,
1608 3503 1638 3530 2.
1659 3516 1699 3521 -
1719 3501 1728 3517 ”
1752 3498 1865 3537 Arist„
1885 3498 1924 3528 de
1935 3498 2081 3537 {senet-at.
2103 3495 2268 3536 Animal„
2288 3495 2344 3527 lib.
2364 3496 2403 3535 ΙΙ,

1382 3562 1408 3582 e.
1432 3557 1529 3581 1v.-
1548 3547 1561 3569 ⁸
1577 3546 1664 3578 Psal.
1687 3553 1791 3585 mvn,
1813 3547 1860 3577 17.
1880 3562 1915 3568 -
1931 3545 1944 3567 ⁰
1966 3544 2129 3584 1bid.,16.
