<?xml version="1.0" encoding="UTF-8"?>
<!DOCTYPE html PUBLIC "-//W3C//DTD XHTML 1.0 Transitional//EN"
    "http://www.w3.org/TR/xhtml1/DTD/xhtml1-transitional.dtd">
<html xmlns="http://www.w3.org/1999/xhtml" xml:lang="en" lang="en">
 <head>
  <title>
</title>
<meta http-equiv="Content-Type" content="text/html;charset=utf-8" />
  <meta name='ocr-system' content='tesseract 3.04.00' />
  <meta name='ocr-capabilities' content='ocr_page ocr_carea ocr_par ocr_line ocrx_word'/>
</head>
<body>
  <div class='ocr_page' id='page_1' title='image "./operaomniasixtiv09bonauoft/operaomniasixtiv09bonauoft_0565.png"; bbox 0 0 2633 3878; ppageno 0'>
   <div class='ocr_carea' id='block_1_1' title="bbox 85 808 184 878">
    <p class='ocr_par' dir='ltr' id='par_1_1' title="bbox 85 808 184 878">
     <span class='ocr_line' id='line_1_1' title="bbox 92 808 167 835; baseline -0.013 0"><span class='ocrx_word' id='word_1_1' title='bbox 92 808 167 835; x_wconf 80' lang='lat' dir='ltr'>Cha-</span> 
     </span>
     <span class='ocr_line' id='line_1_2' title="bbox 85 856 184 878; baseline 0.03 -3"><span class='ocrx_word' id='word_1_2' title='bbox 85 856 184 878; x_wconf 77' lang='lat' dir='ltr'>naam.</span> 
     </span>
    </p>
   </div>
   <div class='ocr_carea' id='block_1_2' title="bbox 68 2914 209 3072">
    <p class='ocr_par' dir='ltr' id='par_1_2' title="bbox 68 2914 209 3072">
     <span class='ocr_line' id='line_1_3' title="bbox 99 2914 209 2942; baseline -0.009 0"><span class='ocrx_word' id='word_1_3' title='bbox 99 2914 209 2942; x_wconf 74' lang='lat' dir='ltr'>Oratio-</span> 
     </span>
     <span class='ocr_line' id='line_1_4' title="bbox 68 2963 207 2982; baseline 0 0"><span class='ocrx_word' id='word_1_4' title='bbox 68 2963 122 2982; x_wconf 81' lang='lat' dir='ltr'>nes</span> <span class='ocrx_word' id='word_1_5' title='bbox 159 2963 207 2982; x_wconf 84' lang='lat' dir='ltr'>ca·</span> 
     </span>
     <span class='ocr_line' id='line_1_5' title="bbox 83 2996 196 3023; baseline -0.009 0"><span class='ocrx_word' id='word_1_6' title='bbox 83 2996 196 3023; x_wconf 82' lang='lat' dir='ltr'>nonicae</span> 
     </span>
     <span class='ocr_line' id='line_1_6' title="bbox 79 3039 200 3072; baseline -0.008 -8"><span class='ocrx_word' id='word_1_7' title='bbox 79 3039 200 3072; x_wconf 77' lang='lat' dir='ltr'>septem.</span> 
     </span>
    </p>
   </div>
   <div class='ocr_carea' id='block_1_3' title="bbox 72 3160 211 3309">
    <p class='ocr_par' dir='ltr' id='par_1_3' title="bbox 72 3160 211 3309">
     <span class='ocr_line' id='line_1_7' title="bbox 107 3160 208 3194; baseline 0 -8"><span class='ocrx_word' id='word_1_8' title='bbox 107 3160 208 3194; x_wconf 84' lang='lat' dir='ltr'>Septe-</span> 
     </span>
     <span class='ocr_line' id='line_1_8' title="bbox 72 3200 211 3227; baseline 0.007 -1"><span class='ocrx_word' id='word_1_9' title='bbox 72 3200 146 3227; x_wconf 78' lang='lat' dir='ltr'>narii</span> <span class='ocrx_word' id='word_1_10' title='bbox 164 3208 211 3227; x_wconf 75' lang='lat' dir='ltr'>sa·-</span> 
     </span>
     <span class='ocr_line' id='line_1_9' title="bbox 77 3248 208 3268; baseline 0.015 -2"><span class='ocrx_word' id='word_1_11' title='bbox 77 3248 208 3268; x_wconf 77' lang='lat' dir='ltr'>eramen·</span> 
     </span>
     <span class='ocr_line' id='line_1_10' title="bbox 72 3281 147 3309; baseline 0.027 -2"><span class='ocrx_word' id='word_1_12' title='bbox 72 3281 147 3309; x_wconf 87' lang='lat' dir='ltr'>tum.</span> 
     </span>
    </p>
   </div>
   <div class='ocr_carea' id='block_1_4' title="bbox 1068 149 1513 194">
    <p class='ocr_par' dir='ltr' id='par_1_4' title="bbox 1068 149 1513 194">
     <span class='ocr_line' id='line_1_11' title="bbox 1068 149 1513 194; baseline 0.009 -4"><span class='ocrx_word' id='word_1_13' title='bbox 1068 149 1309 191; x_wconf 87' lang='lat' dir='ltr'>PSALMUS</span> <span class='ocrx_word' id='word_1_14' title='bbox 1341 151 1513 194; x_wconf 86' lang='lat' dir='ltr'>CXVIII.</span> 
     </span>
    </p>
   </div>
   <div class='ocr_carea' id='block_1_5' title="bbox 218 237 1253 951">
    <p class='ocr_par' dir='ltr' id='par_1_5' title="bbox 218 237 1253 951">
     <span class='ocr_line' id='line_1_12' title="bbox 218 237 1243 286; baseline -0.001 -11"><span class='ocrx_word' id='word_1_15' title='bbox 218 239 388 285; x_wconf 83' lang='lat' dir='ltr'>diligunt</span> <span class='ocrx_word' id='word_1_16' title='bbox 419 239 588 286; x_wconf 88' lang='lat' dir='ltr'>parvuli,</span> <span class='ocrx_word' id='word_1_17' title='bbox 621 248 703 275; x_wconf 91' lang='lat' dir='ltr'>non</span> <span class='ocrx_word' id='word_1_18' title='bbox 739 238 896 282; x_wconf 86' lang='lat' dir='ltr'>aemuli,</span> <span class='ocrx_word' id='word_1_19' title='bbox 934 247 1014 273; x_wconf 88' lang='lat' dir='ltr'>non</span> <span class='ocrx_word' id='word_1_20' title='bbox 1051 237 1243 274; x_wconf 88' lang='lat' dir='ltr'>subdoli:</span> 
     </span>
     <span class='ocr_line' id='line_1_13' title="bbox 218 298 1248 347; baseline 0 -12"><span class='ocrx_word' id='word_1_21' title='bbox 218 299 312 347; x_wconf 89' lang='lat' dir='ltr'>quia</span> <span class='ocrx_word' id='word_1_22' title='bbox 329 299 485 346; x_wconf 88' lang='lat' dir='ltr'>parvuli</span> <span class='ocrx_word' id='word_1_23' title='bbox 505 299 675 346; x_wconf 88' lang='lat' dir='ltr'>diligunt</span> <span class='ocrx_word' id='word_1_24' title='bbox 693 298 894 335; x_wconf 80' lang='lat' dir='ltr'>infantiam</span> <span class='ocrx_word' id='word_1_25' title='bbox 908 311 918 344; x_wconf 83' lang='lat'><em>3</em></span> <span class='ocrx_word' id='word_1_26' title='bbox 951 298 1105 344; x_wconf 83' lang='lat' dir='ltr'>aemuli,</span> <span class='ocrx_word' id='word_1_27' title='bbox 1135 299 1248 335; x_wconf 90' lang='lat' dir='ltr'>mali-</span> 
     </span>
     <span class='ocr_line' id='line_1_14' title="bbox 218 359 1252 407; baseline 0 -11"><span class='ocrx_word' id='word_1_28' title='bbox 218 360 332 407; x_wconf 87' lang='lat' dir='ltr'>tiam;</span> <span class='ocrx_word' id='word_1_29' title='bbox 354 360 528 406; x_wconf 88' lang='lat' dir='ltr'>subdoli,</span> <span class='ocrx_word' id='word_1_30' title='bbox 544 359 796 396; x_wconf 88' lang='lat' dir='ltr'>calumniam.</span> <span class='ocrx_word' id='word_1_31' title='bbox 817 361 866 395; x_wconf 90' lang='lat' dir='ltr'>De</span> <span class='ocrx_word' id='word_1_32' title='bbox 884 359 1014 406; x_wconf 90' lang='lat' dir='ltr'>primo</span> <span class='ocrx_word' id='word_1_33' title='bbox 1029 361 1035 378; x_wconf 92' lang='lat'><strong>¹</strong></span> <span class='ocrx_word' id='word_1_34' title='bbox 1052 372 1087 396; x_wconf 87' lang='lat'>:«</span> <span class='ocrx_word' id='word_1_35' title='bbox 1106 361 1252 407; x_wconf 91' lang='lat' dir='ltr'>Usque-</span> 
     </span>
     <span class='ocr_line' id='line_1_15' title="bbox 219 420 1250 468; baseline -0.001 -10"><span class='ocrx_word' id='word_1_36' title='bbox 219 431 321 468; x_wconf 90' lang='lat' dir='ltr'>quo,</span> <span class='ocrx_word' id='word_1_37' title='bbox 348 421 523 468; x_wconf 87' lang='lat' dir='ltr'>parvuli,</span> <span class='ocrx_word' id='word_1_38' title='bbox 548 420 707 466; x_wconf 85' lang='lat' dir='ltr'>diligitis</span> <span class='ocrx_word' id='word_1_39' title='bbox 739 420 968 465; x_wconf 83' lang='lat' dir='ltr'>infantiam3</span> <span class='ocrx_word' id='word_1_40' title='bbox 997 423 1034 457; x_wconf 90' lang='lat' dir='ltr'>et</span> <span class='ocrx_word' id='word_1_41' title='bbox 1065 421 1169 458; x_wconf 89' lang='lat' dir='ltr'>stulti</span> <span class='ocrx_word' id='word_1_42' title='bbox 1190 432 1250 467; x_wconf 89' lang='lat' dir='ltr'>ea,</span> 
     </span>
     <span class='ocr_line' id='line_1_16' title="bbox 220 482 1250 530; baseline 0.001 -12"><span class='ocrx_word' id='word_1_43' title='bbox 220 493 308 530; x_wconf 80' lang='lat' dir='ltr'>quae</span> <span class='ocrx_word' id='word_1_44' title='bbox 338 482 413 518; x_wconf 90' lang='lat' dir='ltr'>sibi</span> <span class='ocrx_word' id='word_1_45' title='bbox 441 484 531 518; x_wconf 90' lang='lat' dir='ltr'>sunt</span> <span class='ocrx_word' id='word_1_46' title='bbox 557 483 690 528; x_wconf 77' lang='lat' dir='ltr'>noxia,</span> <span class='ocrx_word' id='word_1_47' title='bbox 719 483 906 529; x_wconf 77' lang='lat' dir='ltr'>cupient?</span> <span class='ocrx_word' id='word_1_48' title='bbox 927 496 944 517; x_wconf 85' lang='lat'>&gt;›</span> <span class='ocrx_word' id='word_1_49' title='bbox 968 493 1056 519; x_wconf 89' lang='lat' dir='ltr'>ecce</span> <span class='ocrx_word' id='word_1_50' title='bbox 1093 482 1250 519; x_wconf 89' lang='lat' dir='ltr'>dilectio</span> 
     </span>
     <span class='ocr_line' id='line_1_17' title="bbox 219 543 1250 591; baseline 0 -11"><span class='ocrx_word' id='word_1_51' title='bbox 219 543 401 580; x_wconf 84' lang='lat' dir='ltr'>infantiae.</span> <span class='ocrx_word' id='word_1_52' title='bbox 441 546 492 580; x_wconf 91' lang='lat' dir='ltr'>De</span> <span class='ocrx_word' id='word_1_53' title='bbox 525 544 699 581; x_wconf 90' lang='lat' dir='ltr'>secundo</span> <span class='ocrx_word' id='word_1_54' title='bbox 731 544 914 581; x_wconf 80' lang='lat' dir='ltr'>scribitur</span> <span class='ocrx_word' id='word_1_55' title='bbox 954 555 977 581; x_wconf 90' lang='lat' dir='ltr'>a</span> <span class='ocrx_word' id='word_1_56' title='bbox 1007 545 1250 591; x_wconf 88' lang='lat' dir='ltr'>Psalmogra-</span> 
     </span>
     <span class='ocr_line' id='line_1_18' title="bbox 219 605 1252 653; baseline 0.001 -11"><span class='ocrx_word' id='word_1_57' title='bbox 219 606 300 653; x_wconf 90' lang='lat' dir='ltr'>pho</span> <span class='ocrx_word' id='word_1_58' title='bbox 324 605 338 625; x_wconf 84' lang='lat'>²</span> <span class='ocrx_word' id='word_1_59' title='bbox 366 618 373 642; x_wconf 93' lang='lat'>:</span> <span class='ocrx_word' id='word_1_60' title='bbox 408 620 424 639; x_wconf 91' lang='lat'>«</span> <span class='ocrx_word' id='word_1_61' title='bbox 453 606 620 642; x_wconf 84' lang='lat' dir='ltr'>Dilexisti</span> <span class='ocrx_word' id='word_1_62' title='bbox 652 606 844 642; x_wconf 86' lang='lat' dir='ltr'>malitiam</span> <span class='ocrx_word' id='word_1_63' title='bbox 881 616 998 653; x_wconf 91' lang='lat' dir='ltr'>super</span> <span class='ocrx_word' id='word_1_64' title='bbox 1034 606 1252 653; x_wconf 84' lang='lat' dir='ltr'>benignita-</span> 
     </span>
     <span class='ocr_line' id='line_1_19' title="bbox 221 668 1252 706; baseline 0.003 -3"><span class='ocrx_word' id='word_1_65' title='bbox 221 670 324 705; x_wconf 86' lang='lat' dir='ltr'><strong>tem:</strong></span> <span class='ocrx_word' id='word_1_66' title='bbox 345 681 362 702; x_wconf 70' lang='lat' dir='ltr'>n</span> <span class='ocrx_word' id='word_1_67' title='bbox 387 677 474 704; x_wconf 89' lang='lat' dir='ltr'>ecce</span> <span class='ocrx_word' id='word_1_68' title='bbox 495 668 650 705; x_wconf 88' lang='lat' dir='ltr'>dilectio</span> <span class='ocrx_word' id='word_1_69' title='bbox 670 668 839 705; x_wconf 71' lang='lat' dir='ltr'>malitiae.</span> <span class='ocrx_word' id='word_1_70' title='bbox 862 670 913 704; x_wconf 89' lang='lat' dir='ltr'>De</span> <span class='ocrx_word' id='word_1_71' title='bbox 934 668 1044 704; x_wconf 87' lang='lat' dir='ltr'>tertio</span> <span class='ocrx_word' id='word_1_72' title='bbox 1060 670 1098 704; x_wconf 78' lang='lat'>³:</span> <span class='ocrx_word' id='word_1_73' title='bbox 1120 681 1138 702; x_wconf 89' lang='lat'>«</span> <span class='ocrx_word' id='word_1_74' title='bbox 1158 669 1252 706; x_wconf 83' lang='lat' dir='ltr'>cha-</span> 
     </span>
     <span class='ocr_line' id='line_1_20' title="bbox 220 729 1252 776; baseline 0 -10"><span class='ocrx_word' id='word_1_75' title='bbox 220 739 353 775; x_wconf 89' lang='lat' dir='ltr'>naam,</span> <span class='ocrx_word' id='word_1_76' title='bbox 375 729 415 765; x_wconf 90' lang='lat' dir='ltr'>in</span> <span class='ocrx_word' id='word_1_77' title='bbox 432 740 553 766; x_wconf 87' lang='lat' dir='ltr'>manu</span> <span class='ocrx_word' id='word_1_78' title='bbox 573 731 656 776; x_wconf 86' lang='lat' dir='ltr'>ejus</span> <span class='ocrx_word' id='word_1_79' title='bbox 677 732 817 766; x_wconf 88' lang='lat' dir='ltr'>statera</span> <span class='ocrx_word' id='word_1_80' title='bbox 835 729 990 774; x_wconf 83' lang='lat' dir='ltr'>dolosa,</span> <span class='ocrx_word' id='word_1_81' title='bbox 1011 729 1252 767; x_wconf 87' lang='lat' dir='ltr'>calumniam</span> 
     </span>
     <span class='ocr_line' id='line_1_21' title="bbox 222 790 1251 828; baseline 0.001 -1"><span class='ocrx_word' id='word_1_82' title='bbox 222 790 358 827; x_wconf 79' lang='lat' dir='ltr'>dilexit</span> <span class='ocrx_word' id='word_1_83' title='bbox 392 803 442 827; x_wconf 74' lang='grc' dir='ltr'>ε»</span> <span class='ocrx_word' id='word_1_84' title='bbox 474 802 562 828; x_wconf 87' lang='grc'><strong>6000</strong></span> <span class='ocrx_word' id='word_1_85' title='bbox 602 791 758 827; x_wconf 91' lang='lat' dir='ltr'>dilectio</span> <span class='ocrx_word' id='word_1_86' title='bbox 794 791 1013 827; x_wconf 63' lang='lat' dir='ltr'>calumniae.</span> <span class='ocrx_word' id='word_1_87' title='bbox 1046 793 1116 827; x_wconf 89' lang='lat' dir='ltr'>Per</span> <span class='ocrx_word' id='word_1_88' title='bbox 1155 792 1251 828; x_wconf 90' lang='lat' dir='ltr'>Cha-</span> 
     </span>
     <span class='ocr_line' id='line_1_22' title="bbox 220 852 1253 899; baseline 0.002 -12"><span class='ocrx_word' id='word_1_89' title='bbox 220 861 354 898; x_wconf 81' lang='lat' dir='ltr'>naam,</span> <span class='ocrx_word' id='word_1_90' title='bbox 381 853 449 899; x_wconf 88' lang='lat' dir='ltr'>qui</span> <span class='ocrx_word' id='word_1_91' title='bbox 482 854 684 898; x_wconf 68' lang='lat' dir='ltr'>neqotiator</span> <span class='ocrx_word' id='word_1_92' title='bbox 713 852 1009 899; x_wconf 86' lang='lat' dir='ltr'>interpretatur,</span> <span class='ocrx_word' id='word_1_93' title='bbox 1032 852 1253 899; x_wconf 80' lang='lat' dir='ltr'>negotiator</span> 
     </span>
     <span class='ocr_line' id='line_1_23' title="bbox 221 913 658 951; baseline 0.005 -4"><span class='ocrx_word' id='word_1_94' title='bbox 221 913 414 950; x_wconf 88' lang='lat' dir='ltr'>subdolus</span> <span class='ocrx_word' id='word_1_95' title='bbox 435 914 658 951; x_wconf 87' lang='lat' dir='ltr'>denotatur.</span> 
     </span>
    </p>
   </div>
   <div class='ocr_carea' id='block_1_6' title="bbox 654 1019 824 1061">
    <p class='ocr_par' dir='ltr' id='par_1_6' title="bbox 654 1019 824 1061">
     <span class='ocr_line' id='line_1_24' title="bbox 654 1019 824 1061; baseline -0.012 -9"><span class='ocrx_word' id='word_1_96' title='bbox 654 1019 824 1061; x_wconf 81' lang='lat' dir='ltr'>Epilogus.</span> 
     </span>
    </p>
   </div>
   <div class='ocr_carea' id='block_1_7' title="bbox 220 1099 1256 1515">
    <p class='ocr_par' dir='ltr' id='par_1_7' title="bbox 220 1099 1256 1515">
     <span class='ocr_line' id='line_1_25' title="bbox 269 1099 1254 1147; baseline 0.001 -11"><span class='ocrx_word' id='word_1_97' title='bbox 269 1099 328 1136; x_wconf 89' lang='lat' dir='ltr'>Ait</span> <span class='ocrx_word' id='word_1_98' title='bbox 348 1109 441 1146; x_wconf 85' lang='lat' dir='ltr'>ergo</span> <span class='ocrx_word' id='word_1_99' title='bbox 460 1099 655 1146; x_wconf 83' lang='lat' dir='ltr'>Propheta</span> <span class='ocrx_word' id='word_1_100' title='bbox 668 1127 678 1145; x_wconf 93' lang='lat'>,</span> <span class='ocrx_word' id='word_1_101' title='bbox 696 1110 874 1136; x_wconf 79' lang='lat' dir='ltr'>reserans</span> <span class='ocrx_word' id='word_1_102' title='bbox 888 1100 997 1137; x_wconf 88' lang='lat' dir='ltr'>bona</span> <span class='ocrx_word' id='word_1_103' title='bbox 1015 1111 1088 1147; x_wconf 90' lang='lat' dir='ltr'>pro</span> <span class='ocrx_word' id='word_1_104' title='bbox 1109 1100 1254 1147; x_wconf 88' lang='lat' dir='ltr'>quibus</span> 
     </span>
     <span class='ocr_line' id='line_1_26' title="bbox 220 1160 1254 1209; baseline 0.002 -12"><span class='ocrx_word' id='word_1_105' title='bbox 220 1160 360 1198; x_wconf 87' lang='lat' dir='ltr'>tolerat</span> <span class='ocrx_word' id='word_1_106' title='bbox 385 1160 493 1197; x_wconf 90' lang='lat' dir='ltr'>mala</span> <span class='ocrx_word' id='word_1_107' title='bbox 515 1172 524 1196; x_wconf 91' lang='lat'>:</span> <span class='ocrx_word' id='word_1_108' title='bbox 545 1162 782 1207; x_wconf 77' lang='lat' dir='ltr'>Iniquitatem</span> <span class='ocrx_word' id='word_1_109' title='bbox 801 1161 882 1197; x_wconf 79' lang='lat' dir='ltr'>odio</span> <span class='ocrx_word' id='word_1_110' title='bbox 906 1162 1039 1207; x_wconf 82' lang='lat' dir='ltr'>habui,</span> <span class='ocrx_word' id='word_1_111' title='bbox 1062 1164 1254 1209; x_wconf 83' lang='lat' dir='ltr'>quantum</span> 
     </span>
     <span class='ocr_line' id='line_1_27' title="bbox 221 1222 1254 1270; baseline 0.002 -11"><span class='ocrx_word' id='word_1_112' title='bbox 221 1223 273 1260; x_wconf 86' lang='lat' dir='ltr'>ad</span> <span class='ocrx_word' id='word_1_113' title='bbox 290 1222 507 1270; x_wconf 88' lang='lat' dir='ltr'>iniquitatis</span> <span class='ocrx_word' id='word_1_114' title='bbox 526 1233 699 1260; x_wconf 89' lang='lat' dir='ltr'>errorem</span> <span class='ocrx_word' id='word_1_115' title='bbox 715 1222 933 1259; x_wconf 90' lang='lat' dir='ltr'>odiendum</span> <span class='ocrx_word' id='word_1_116' title='bbox 942 1235 953 1269; x_wconf 82' lang='lat'>3</span> <span class='ocrx_word' id='word_1_117' title='bbox 970 1224 1016 1259; x_wconf 83' lang='lat' dir='ltr'>Et</span> <span class='ocrx_word' id='word_1_118' title='bbox 1031 1224 1254 1261; x_wconf 73' lang='lat' dir='ltr'>abominatus</span> 
     </span>
     <span class='ocr_line' id='line_1_28' title="bbox 221 1284 1254 1331; baseline 0.002 -11"><span class='ocrx_word' id='word_1_119' title='bbox 221 1295 310 1330; x_wconf 80' lang='lat' dir='ltr'>sum,</span> <span class='ocrx_word' id='word_1_120' title='bbox 332 1286 524 1331; x_wconf 87' lang='lat' dir='ltr'>quantum</span> <span class='ocrx_word' id='word_1_121' title='bbox 549 1284 601 1320; x_wconf 89' lang='lat' dir='ltr'>ad</span> <span class='ocrx_word' id='word_1_122' title='bbox 620 1284 834 1331; x_wconf 88' lang='lat' dir='ltr'>iniquitatis</span> <span class='ocrx_word' id='word_1_123' title='bbox 861 1284 1036 1321; x_wconf 77' lang='lat' dir='ltr'>furorem</span> <span class='ocrx_word' id='word_1_124' title='bbox 1054 1284 1254 1322; x_wconf 89' lang='lat' dir='ltr'>fastidien-</span> 
     </span>
     <span class='ocr_line' id='line_1_29' title="bbox 222 1345 1256 1395; baseline 0.003 -14"><span class='ocrx_word' id='word_1_125' title='bbox 222 1345 342 1392; x_wconf 82' lang='lat' dir='ltr'>dum3</span> <span class='ocrx_word' id='word_1_126' title='bbox 362 1347 485 1391; x_wconf 73' lang='lat' dir='ltr'>Leqem</span> <span class='ocrx_word' id='word_1_127' title='bbox 499 1350 617 1382; x_wconf 83' lang='lat' dir='ltr'>autem</span> <span class='ocrx_word' id='word_1_128' title='bbox 637 1350 756 1390; x_wconf 82' lang='lat' dir='ltr'>tuam,</span> <span class='ocrx_word' id='word_1_129' title='bbox 779 1350 970 1393; x_wconf 79' lang='lat' dir='ltr'>quantuni</span> <span class='ocrx_word' id='word_1_130' title='bbox 993 1347 1044 1383; x_wconf 85' lang='lat' dir='ltr'>ad</span> <span class='ocrx_word' id='word_1_131' title='bbox 1065 1347 1256 1395; x_wconf 73' lang='lat' dir='ltr'>aequitatis</span> 
     </span>
     <span class='ocr_line' id='line_1_30' title="bbox 222 1407 1255 1456; baseline 0.002 -13"><span class='ocrx_word' id='word_1_132' title='bbox 222 1407 437 1444; x_wconf 88' lang='lat' dir='ltr'>clamorem</span> <span class='ocrx_word' id='word_1_133' title='bbox 471 1407 741 1451; x_wconf 88' lang='lat' dir='ltr'>audiendum,·</span> <span class='ocrx_word' id='word_1_134' title='bbox 780 1409 905 1445; x_wconf 68' lang='lat' dir='ltr'>Dileoei</span> <span class='ocrx_word' id='word_1_135' title='bbox 922 1435 932 1453; x_wconf 92' lang='lat'>,</span> <span class='ocrx_word' id='word_1_136' title='bbox 974 1411 1166 1456; x_wconf 85' lang='lat' dir='ltr'>quantum</span> <span class='ocrx_word' id='word_1_137' title='bbox 1204 1409 1255 1446; x_wconf 90' lang='lat' dir='ltr'>ad</span> 
     </span>
     <span class='ocr_line' id='line_1_31' title="bbox 221 1469 943 1515; baseline 0.001 -11"><span class='ocrx_word' id='word_1_138' title='bbox 221 1469 411 1515; x_wconf 69' lang='lat' dir='ltr'>aequitatis</span> <span class='ocrx_word' id='word_1_139' title='bbox 428 1479 606 1506; x_wconf 89' lang='lat' dir='ltr'>amorem</span> <span class='ocrx_word' id='word_1_140' title='bbox 625 1469 943 1506; x_wconf 89' lang='lat' dir='ltr'>custodiendum.</span> 
     </span>
    </p>
   </div>
   <div class='ocr_carea' id='block_1_8' title="bbox 594 1616 892 1644">
    <p class='ocr_par' dir='ltr' id='par_1_8' title="bbox 594 1616 892 1644">
     <span class='ocr_line' id='line_1_32' title="bbox 594 1616 892 1644; baseline -0.003 -1"><span class='ocrx_word' id='word_1_141' title='bbox 594 1616 816 1644; x_wconf 79' lang='lat' dir='ltr'>VERSICULUS</span> <span class='ocrx_word' id='word_1_142' title='bbox 841 1617 878 1642; x_wconf 91' lang='lat' dir='ltr'>IV</span> <span class='ocrx_word' id='word_1_143' title='bbox 885 1633 892 1642; x_wconf 87' lang='lat'><strong>.</strong></span> 
     </span>
    </p>
   </div>
   <div class='ocr_carea' id='block_1_9' title="bbox 220 1715 1261 2560">
    <p class='ocr_par' dir='ltr' id='par_1_9' title="bbox 220 1715 1261 2560">
     <span class='ocr_line' id='line_1_33' title="bbox 271 1715 1256 1765; baseline -0.002 -11"><span class='ocrx_word' id='word_1_144' title='bbox 271 1720 351 1755; x_wconf 75' lang='lat'>164.</span> <span class='ocrx_word' id='word_1_145' title='bbox 372 1719 510 1765; x_wconf 77' lang='lat' dir='ltr'>Septies</span> <span class='ocrx_word' id='word_1_146' title='bbox 523 1719 562 1754; x_wconf 79' lang='lat' dir='ltr'>in</span> <span class='ocrx_word' id='word_1_147' title='bbox 574 1717 633 1754; x_wconf 82' lang='lat' dir='ltr'>die</span> <span class='ocrx_word' id='word_1_148' title='bbox 645 1719 785 1754; x_wconf 76' lang='lat' dir='ltr'>laudem</span> <span class='ocrx_word' id='word_1_149' title='bbox 801 1718 883 1754; x_wconf 72' lang='lat' dir='ltr'>dimi</span> <span class='ocrx_word' id='word_1_150' title='bbox 902 1718 984 1762; x_wconf 80' lang='lat' dir='ltr'>tibi,</span> <span class='ocrx_word' id='word_1_151' title='bbox 998 1719 1068 1753; x_wconf 89' lang='lat' dir='ltr'>etc.</span> <span class='ocrx_word' id='word_1_152' title='bbox 1097 1715 1256 1753; x_wconf 82' lang='lat' dir='ltr'>Gladius</span> 
     </span>
     <span class='ocr_line' id='line_1_34' title="bbox 220 1777 1253 1826; baseline -0.003 -10"><span class='ocrx_word' id='word_1_153' title='bbox 220 1779 502 1826; x_wconf 83' lang='lat' dir='ltr'>persecutionis</span> <span class='ocrx_word' id='word_1_154' title='bbox 521 1790 604 1816; x_wconf 90' lang='lat' dir='ltr'>non</span> <span class='ocrx_word' id='word_1_155' title='bbox 616 1780 747 1816; x_wconf 89' lang='lat' dir='ltr'>solum</span> <span class='ocrx_word' id='word_1_156' title='bbox 766 1780 806 1815; x_wconf 89' lang='lat' dir='ltr'>in</span> <span class='ocrx_word' id='word_1_157' title='bbox 827 1778 1093 1823; x_wconf 80' lang='lat' dir='ltr'>saecularibuS,</span> <span class='ocrx_word' id='word_1_158' title='bbox 1113 1777 1184 1813; x_wconf 91' lang='lat' dir='ltr'>sed</span> <span class='ocrx_word' id='word_1_159' title='bbox 1203 1777 1253 1814; x_wconf 89' lang='lat' dir='ltr'>ad</span> 
     </span>
     <span class='ocr_line' id='line_1_35' title="bbox 221 1839 1257 1887; baseline -0.002 -10"><span class='ocrx_word' id='word_1_160' title='bbox 221 1840 362 1878; x_wconf 89' lang='lat' dir='ltr'>furoris</span> <span class='ocrx_word' id='word_1_161' title='bbox 395 1841 599 1878; x_wconf 90' lang='lat' dir='ltr'>cumulum</span> <span class='ocrx_word' id='word_1_162' title='bbox 627 1841 668 1877; x_wconf 93' lang='lat' dir='ltr'>in</span> <span class='ocrx_word' id='word_1_163' title='bbox 704 1840 952 1887; x_wconf 81' lang='lat' dir='ltr'>regularibus</span> <span class='ocrx_word' id='word_1_164' title='bbox 990 1839 1257 1876; x_wconf 73' lang='lat' dir='ltr'>debacchatur</span> 
     </span>
     <span class='ocr_line' id='line_1_36' title="bbox 222 1900 1257 1951; baseline -0.003 -11"><span class='ocrx_word' id='word_1_165' title='bbox 222 1903 411 1951; x_wconf 69' lang='lat' dir='ltr'>personis</span> <span class='ocrx_word' id='word_1_166' title='bbox 434 1903 511 1939; x_wconf 84' lang='lat' dir='ltr'>Illae</span> <span class='ocrx_word' id='word_1_167' title='bbox 533 1913 629 1939; x_wconf 88' lang='lat' dir='ltr'>vero</span> <span class='ocrx_word' id='word_1_168' title='bbox 661 1902 911 1949; x_wconf 84' lang='lat' dir='ltr'>frequentant</span> <span class='ocrx_word' id='word_1_169' title='bbox 929 1901 1164 1938; x_wconf 80' lang='lat' dir='ltr'>memoriam</span> <span class='ocrx_word' id='word_1_170' title='bbox 1184 1900 1257 1937; x_wconf 91' lang='lat' dir='ltr'>do-</span> 
     </span>
     <span class='ocr_line' id='line_1_37' title="bbox 221 1962 1256 2011; baseline -0.003 -10"><span class='ocrx_word' id='word_1_171' title='bbox 221 1965 375 2001; x_wconf 77' lang='lat' dir='ltr'>minicae</span> <span class='ocrx_word' id='word_1_172' title='bbox 404 1964 612 2011; x_wconf 86' lang='lat' dir='ltr'>passionis,</span> <span class='ocrx_word' id='word_1_173' title='bbox 634 1967 825 2011; x_wconf 84' lang='lat' dir='ltr'>tanquam</span> <span class='ocrx_word' id='word_1_174' title='bbox 856 1962 1163 2001; x_wconf 78' lang='lat' dir='ltr'>consolatoriam</span> <span class='ocrx_word' id='word_1_175' title='bbox 1198 1965 1256 2009; x_wconf 86' lang='lat' dir='ltr'>ty-</span> 
     </span>
     <span class='ocr_line' id='line_1_38' title="bbox 221 2026 1259 2075; baseline -0.003 -10"><span class='ocrx_word' id='word_1_176' title='bbox 221 2029 392 2066; x_wconf 85' lang='lat' dir='ltr'>rannicae</span> <span class='ocrx_word' id='word_1_177' title='bbox 417 2028 694 2065; x_wconf 83' lang='lat' dir='ltr'>tribulationis.</span> <span class='ocrx_word' id='word_1_178' title='bbox 723 2028 872 2064; x_wconf 85' lang='lat' dir='ltr'>Talium</span> <span class='ocrx_word' id='word_1_179' title='bbox 897 2029 1039 2075; x_wconf 89' lang='lat' dir='ltr'>typum</span> <span class='ocrx_word' id='word_1_180' title='bbox 1065 2026 1259 2073; x_wconf 86' lang='lat' dir='ltr'>Propheta</span> 
     </span>
     <span class='ocr_line' id='line_1_39' title="bbox 222 2089 1256 2137; baseline -0.005 -10"><span class='ocrx_word' id='word_1_181' title='bbox 222 2090 397 2137; x_wconf 86' lang='lat' dir='ltr'>gerebat,</span> <span class='ocrx_word' id='word_1_182' title='bbox 438 2101 529 2126; x_wconf 88' lang='lat' dir='ltr'>cum</span> <span class='ocrx_word' id='word_1_183' title='bbox 557 2090 648 2126; x_wconf 88' lang='lat' dir='ltr'>talia</span> <span class='ocrx_word' id='word_1_184' title='bbox 683 2089 939 2137; x_wconf 81' lang='lat' dir='ltr'>proferebat:</span> <span class='ocrx_word' id='word_1_185' title='bbox 972 2089 1131 2134; x_wconf 76' lang='lat' dir='ltr'>Septies,</span> <span class='ocrx_word' id='word_1_186' title='bbox 1163 2089 1256 2133; x_wconf 87' lang='lat' dir='ltr'>etc.;</span> 
     </span>
     <span class='ocr_line' id='line_1_40' title="bbox 222 2147 1260 2199; baseline -0.005 -10"><span class='ocrx_word' id='word_1_187' title='bbox 222 2162 268 2188; x_wconf 90' lang='lat' dir='ltr'>ac</span> <span class='ocrx_word' id='word_1_188' title='bbox 304 2152 336 2188; x_wconf 89' lang='lat' dir='ltr'>si</span> <span class='ocrx_word' id='word_1_189' title='bbox 365 2152 511 2189; x_wconf 88' lang='lat' dir='ltr'>diceret</span> <span class='ocrx_word' id='word_1_190' title='bbox 541 2153 720 2199; x_wconf 88' lang='lat' dir='ltr'>patenter</span> <span class='ocrx_word' id='word_1_191' title='bbox 750 2163 758 2187; x_wconf 93' lang='lat'>:</span> <span class='ocrx_word' id='word_1_192' title='bbox 788 2152 941 2198; x_wconf 88' lang='lat' dir='ltr'>Septem</span> <span class='ocrx_word' id='word_1_193' title='bbox 967 2149 1075 2186; x_wconf 88' lang='lat' dir='ltr'>horis</span> <span class='ocrx_word' id='word_1_194' title='bbox 1109 2147 1260 2186; x_wconf 90' lang='lat' dir='ltr'>diurnis</span> 
     </span>
     <span class='ocr_line' id='line_1_41' title="bbox 224 2210 1259 2262; baseline -0.004 -12"><span class='ocrx_word' id='word_1_195' title='bbox 224 2213 361 2260; x_wconf 89' lang='lat' dir='ltr'>oravi,</span> <span class='ocrx_word' id='word_1_196' title='bbox 384 2214 478 2262; x_wconf 88' lang='lat' dir='ltr'>quia</span> <span class='ocrx_word' id='word_1_197' title='bbox 506 2214 665 2261; x_wconf 87' lang='lat' dir='ltr'>passiva</span> <span class='ocrx_word' id='word_1_198' title='bbox 688 2213 839 2260; x_wconf 58' lang='lat' dir='ltr'>,iudicia</span> <span class='ocrx_word' id='word_1_199' title='bbox 870 2213 1080 2250; x_wconf 78' lang='lat' dir='ltr'>incarnatae</span> <span class='ocrx_word' id='word_1_200' title='bbox 1105 2210 1259 2257; x_wconf 83' lang='lat' dir='ltr'>justitiae</span> 
     </span>
     <span class='ocr_line' id='line_1_42' title="bbox 222 2274 1260 2321; baseline -0.004 -9"><span class='ocrx_word' id='word_1_201' title='bbox 222 2275 457 2312; x_wconf 88' lang='lat' dir='ltr'>memoravi.</span> <span class='ocrx_word' id='word_1_202' title='bbox 484 2275 551 2312; x_wconf 90' lang='lat' dir='ltr'>Hic</span> <span class='ocrx_word' id='word_1_203' title='bbox 582 2275 670 2312; x_wconf 91' lang='lat' dir='ltr'>lucc</span> <span class='ocrx_word' id='word_1_204' title='bbox 699 2275 843 2312; x_wconf 88' lang='lat' dir='ltr'>clarius</span> <span class='ocrx_word' id='word_1_205' title='bbox 868 2274 1005 2312; x_wconf 87' lang='lat' dir='ltr'>videre</span> <span class='ocrx_word' id='word_1_206' title='bbox 1034 2282 1260 2321; x_wconf 83' lang='lat' dir='ltr'>pOSSUmUS,</span> 
     </span>
     <span class='ocr_line' id='line_1_43' title="bbox 224 2333 1260 2384; baseline -0.004 -11"><span class='ocrx_word' id='word_1_207' title='bbox 224 2339 262 2373; x_wconf 89' lang='lat' dir='ltr'>et</span> <span class='ocrx_word' id='word_1_208' title='bbox 282 2336 414 2373; x_wconf 88' lang='lat' dir='ltr'>officia</span> <span class='ocrx_word' id='word_1_209' title='bbox 434 2336 535 2382; x_wconf 89' lang='lat' dir='ltr'>diei,</span> <span class='ocrx_word' id='word_1_210' title='bbox 555 2340 592 2373; x_wconf 89' lang='lat' dir='ltr'>et</span> <span class='ocrx_word' id='word_1_211' title='bbox 606 2336 758 2384; x_wconf 86' lang='lat' dir='ltr'>judicia</span> <span class='ocrx_word' id='word_1_212' title='bbox 776 2336 861 2373; x_wconf 89' lang='lat' dir='ltr'>Filii</span> <span class='ocrx_word' id='word_1_213' title='bbox 882 2336 967 2382; x_wconf 90' lang='lat' dir='ltr'>Dei,</span> <span class='ocrx_word' id='word_1_214' title='bbox 987 2333 1188 2382; x_wconf 89' lang='lat' dir='ltr'>loquendo</span> <span class='ocrx_word' id='word_1_215' title='bbox 1210 2333 1260 2369; x_wconf 91' lang='lat' dir='ltr'>de</span> 
     </span>
     <span class='ocr_line' id='line_1_44' title="bbox 226 2395 1260 2444; baseline -0.001 -10"><span class='ocrx_word' id='word_1_216' title='bbox 226 2397 289 2434; x_wconf 96' lang='grc'><strong>(116</strong></span> <span class='ocrx_word' id='word_1_217' title='bbox 316 2397 532 2444; x_wconf 87' lang='lat' dir='ltr'>artificiali,</span> <span class='ocrx_word' id='word_1_218' title='bbox 568 2398 617 2434; x_wconf 90' lang='lat' dir='ltr'>de</span> <span class='ocrx_word' id='word_1_219' title='bbox 647 2398 780 2435; x_wconf 88' lang='lat' dir='ltr'>officio</span> <span class='ocrx_word' id='word_1_220' title='bbox 811 2397 1004 2442; x_wconf 85' lang='lat' dir='ltr'>diurnali,</span> <span class='ocrx_word' id='word_1_221' title='bbox 1033 2397 1083 2433; x_wconf 92' lang='lat' dir='ltr'>de</span> <span class='ocrx_word' id='word_1_222' title='bbox 1109 2395 1260 2442; x_wconf 86' lang='lat' dir='ltr'>judicio</span> 
     </span>
     <span class='ocr_line' id='line_1_45' title="bbox 224 2454 1261 2506; baseline -0.003 -10"><span class='ocrx_word' id='word_1_223' title='bbox 224 2458 504 2506; x_wconf 80' lang='lat' dir='ltr'>praeJudiciali,</span> <span class='ocrx_word' id='word_1_224' title='bbox 527 2461 564 2496; x_wconf 92' lang='lat' dir='ltr'>et</span> <span class='ocrx_word' id='word_1_225' title='bbox 589 2459 639 2496; x_wconf 88' lang='lat' dir='ltr'>de</span> <span class='ocrx_word' id='word_1_226' title='bbox 663 2459 811 2506; x_wconf 87' lang='lat' dir='ltr'>justitia</span> <span class='ocrx_word' id='word_1_227' title='bbox 840 2454 1178 2506; x_wconf 87' lang='lat' dir='ltr'>superessentiali,</span> <span class='ocrx_word' id='word_1_228' title='bbox 1204 2457 1261 2493; x_wconf 92' lang='lat' dir='ltr'>in-</span> 
     </span>
     <span class='ocr_line' id='line_1_46' title="bbox 231 2521 654 2560; baseline 0 -3"><span class='ocrx_word' id='word_1_229' title='bbox 231 2521 327 2558; x_wconf 90' lang='lat' dir='ltr'>duta</span> <span class='ocrx_word' id='word_1_230' title='bbox 347 2532 461 2560; x_wconf 87' lang='lat' dir='ltr'>carne</span> <span class='ocrx_word' id='word_1_231' title='bbox 482 2521 654 2560; x_wconf 84' lang='lat' dir='ltr'>mortali.</span> 
     </span>
    </p>
   </div>
   <div class='ocr_carea' id='block_1_10' title="bbox 561 2627 923 2672">
    <p class='ocr_par' dir='ltr' id='par_1_10' title="bbox 561 2627 923 2672">
     <span class='ocr_line' id='line_1_47' title="bbox 561 2627 923 2672; baseline -0.003 -10"><span class='ocrx_word' id='word_1_232' title='bbox 561 2627 744 2662; x_wconf 75' lang='lat' dir='ltr'>Articulus</span> <span class='ocrx_word' id='word_1_233' title='bbox 766 2627 923 2672; x_wconf 83' lang='lat' dir='ltr'>primus.</span> 
     </span>
    </p>
   </div>
   <div class='ocr_carea' id='block_1_11' title="bbox 226 2706 1266 3498">
    <p class='ocr_par' dir='ltr' id='par_1_11' title="bbox 226 2706 1266 3316">
     <span class='ocr_line' id='line_1_48' title="bbox 275 2706 1261 2753; baseline -0.004 -6"><span class='ocrx_word' id='word_1_234' title='bbox 275 2709 451 2747; x_wconf 90' lang='lat' dir='ltr'>Primum</span> <span class='ocrx_word' id='word_1_235' title='bbox 471 2709 685 2746; x_wconf 84' lang='lat' dir='ltr'>declaravit</span> <span class='ocrx_word' id='word_1_236' title='bbox 713 2708 937 2753; x_wconf 80' lang='lat' dir='ltr'>psalmista,</span> <span class='ocrx_word' id='word_1_237' title='bbox 960 2718 1052 2744; x_wconf 87' lang='lat' dir='ltr'>cum</span> <span class='ocrx_word' id='word_1_238' title='bbox 1072 2708 1124 2744; x_wconf 91' lang='lat' dir='ltr'>ait</span> <span class='ocrx_word' id='word_1_239' title='bbox 1145 2719 1153 2743; x_wconf 93' lang='lat'><strong>:</strong></span> <span class='ocrx_word' id='word_1_240' title='bbox 1175 2706 1261 2753; x_wconf 83' lang='lat' dir='ltr'>Sep-</span> 
     </span>
     <span class='ocr_line' id='line_1_49' title="bbox 228 2767 1261 2818; baseline -0.004 -10"><span class='ocrx_word' id='word_1_241' title='bbox 228 2774 295 2808; x_wconf 84' lang='lat' dir='ltr'>ties</span> <span class='ocrx_word' id='word_1_242' title='bbox 323 2773 364 2808; x_wconf 80' lang='lat' dir='ltr'>in</span> <span class='ocrx_word' id='word_1_243' title='bbox 388 2772 468 2817; x_wconf 84' lang='lat' dir='ltr'>die,</span> <span class='ocrx_word' id='word_1_244' title='bbox 492 2771 535 2807; x_wconf 92' lang='lat' dir='ltr'>id</span> <span class='ocrx_word' id='word_1_245' title='bbox 557 2773 612 2807; x_wconf 89' lang='lat' dir='ltr'>est</span> <span class='ocrx_word' id='word_1_246' title='bbox 626 2797 639 2816; x_wconf 93' lang='lat'>,</span> <span class='ocrx_word' id='word_1_247' title='bbox 657 2781 729 2818; x_wconf 88' lang='lat' dir='ltr'>per</span> <span class='ocrx_word' id='word_1_248' title='bbox 758 2772 906 2817; x_wconf 87' lang='lat' dir='ltr'>septem</span> <span class='ocrx_word' id='word_1_249' title='bbox 930 2769 1048 2807; x_wconf 88' lang='lat' dir='ltr'>horas</span> <span class='ocrx_word' id='word_1_250' title='bbox 1073 2768 1151 2805; x_wconf 87' lang='lat' dir='ltr'>diei</span> <span class='ocrx_word' id='word_1_251' title='bbox 1171 2767 1261 2805; x_wconf 88' lang='lat' dir='ltr'>arti—</span> 
     </span>
     <span class='ocr_line' id='line_1_50' title="bbox 226 2830 1263 2881; baseline -0.004 -11"><span class='ocrx_word' id='word_1_252' title='bbox 226 2832 366 2870; x_wconf 89' lang='lat' dir='ltr'>ficialis</span> <span class='ocrx_word' id='word_1_253' title='bbox 386 2832 630 2881; x_wconf 88' lang='lat' dir='ltr'>mancipatas</span> <span class='ocrx_word' id='word_1_254' title='bbox 657 2832 765 2869; x_wconf 89' lang='lat' dir='ltr'>horis</span> <span class='ocrx_word' id='word_1_255' title='bbox 794 2831 915 2869; x_wconf 84' lang='lat' dir='ltr'>officii</span> <span class='ocrx_word' id='word_1_256' title='bbox 943 2830 1146 2868; x_wconf 85' lang='lat' dir='ltr'>diurnalis.</span> <span class='ocrx_word' id='word_1_257' title='bbox 1168 2830 1263 2867; x_wconf 87' lang='lat' dir='ltr'>Sunt</span> 
     </span>
     <span class='ocr_line' id='line_1_51' title="bbox 229 2893 1263 2942; baseline -0.004 -11"><span class='ocrx_word' id='word_1_258' title='bbox 229 2895 336 2931; x_wconf 89' lang='lat' dir='ltr'>enim</span> <span class='ocrx_word' id='word_1_259' title='bbox 355 2896 506 2942; x_wconf 89' lang='lat' dir='ltr'>septem</span> <span class='ocrx_word' id='word_1_260' title='bbox 526 2894 723 2932; x_wconf 87' lang='lat' dir='ltr'>orationes</span> <span class='ocrx_word' id='word_1_261' title='bbox 750 2893 948 2931; x_wconf 75' lang='lat' dir='ltr'>canonicae</span> <span class='ocrx_word' id='word_1_262' title='bbox 961 2922 973 2936; x_wconf 92' lang='lat'>,</span> <span class='ocrx_word' id='word_1_263' title='bbox 992 2893 1091 2929; x_wconf 87' lang='lat' dir='ltr'>sicut</span> <span class='ocrx_word' id='word_1_264' title='bbox 1113 2893 1263 2939; x_wconf 86' lang='lat' dir='ltr'>septem</span> 
     </span>
     <span class='ocr_line' id='line_1_52' title="bbox 229 2952 1263 3004; baseline -0.004 -11"><span class='ocrx_word' id='word_1_265' title='bbox 229 2956 438 3004; x_wconf 84' lang='lat' dir='ltr'>petitiones</span> <span class='ocrx_word' id='word_1_266' title='bbox 470 2956 658 2994; x_wconf 88' lang='lat' dir='ltr'>orationis</span> <span class='ocrx_word' id='word_1_267' title='bbox 688 2956 910 2993; x_wconf 86' lang='lat' dir='ltr'>dominicae.</span> <span class='ocrx_word' id='word_1_268' title='bbox 944 2956 1033 2992; x_wconf 85' lang='lat' dir='ltr'>Haec</span> <span class='ocrx_word' id='word_1_269' title='bbox 1063 2955 1120 2990; x_wconf 88' lang='lat' dir='ltr'>est</span> <span class='ocrx_word' id='word_1_270' title='bbox 1146 2952 1263 3000; x_wconf 86' lang='lat' dir='ltr'>septi-</span> 
     </span>
     <span class='ocr_line' id='line_1_53' title="bbox 229 3015 1262 3067; baseline -0.005 -11"><span class='ocrx_word' id='word_1_271' title='bbox 229 3019 367 3056; x_wconf 85' lang='lat' dir='ltr'>formis</span> <span class='ocrx_word' id='word_1_272' title='bbox 396 3019 576 3065; x_wconf 84' lang='lat' dir='ltr'>servitus,</span> <span class='ocrx_word' id='word_1_273' title='bbox 609 3029 689 3067; x_wconf 86' lang='lat' dir='ltr'>qua</span> <span class='ocrx_word' id='word_1_274' title='bbox 719 3018 860 3066; x_wconf 89' lang='lat' dir='ltr'>septies</span> <span class='ocrx_word' id='word_1_275' title='bbox 889 3018 930 3054; x_wconf 90' lang='lat' dir='ltr'>in</span> <span class='ocrx_word' id='word_1_276' title='bbox 961 3016 1024 3053; x_wconf 89' lang='lat' dir='ltr'>die</span> <span class='ocrx_word' id='word_1_277' title='bbox 1057 3015 1262 3060; x_wconf 84' lang='lat' dir='ltr'>servimus,</span> 
     </span>
     <span class='ocr_line' id='line_1_54' title="bbox 230 3077 1262 3128; baseline -0.004 -11"><span class='ocrx_word' id='word_1_278' title='bbox 230 3080 326 3128; x_wconf 89' lang='lat' dir='ltr'>quia</span> <span class='ocrx_word' id='word_1_279' title='bbox 342 3080 446 3117; x_wconf 90' lang='lat' dir='ltr'>vitiis</span> <span class='ocrx_word' id='word_1_280' title='bbox 465 3080 640 3128; x_wconf 77' lang='lat' dir='ltr'>expiari,</span> <span class='ocrx_word' id='word_1_281' title='bbox 659 3080 868 3117; x_wconf 88' lang='lat' dir='ltr'>virtutibus</span> <span class='ocrx_word' id='word_1_282' title='bbox 887 3079 1074 3117; x_wconf 89' lang='lat' dir='ltr'>illustrari</span> <span class='ocrx_word' id='word_1_283' title='bbox 1088 3106 1100 3125; x_wconf 90' lang='lat'>,</span> <span class='ocrx_word' id='word_1_284' title='bbox 1118 3077 1262 3114; x_wconf 86' lang='lat' dir='ltr'>charis—</span> 
     </span>
     <span class='ocr_line' id='line_1_55' title="bbox 229 3138 1265 3179; baseline -0.005 0"><span class='ocrx_word' id='word_1_285' title='bbox 229 3142 404 3179; x_wconf 86' lang='lat' dir='ltr'>matibus</span> <span class='ocrx_word' id='word_1_286' title='bbox 427 3142 692 3179; x_wconf 89' lang='lat' dir='ltr'>consummari</span> <span class='ocrx_word' id='word_1_287' title='bbox 718 3141 881 3178; x_wconf 86' lang='lat' dir='ltr'>sitimus.</span> <span class='ocrx_word' id='word_1_288' title='bbox 915 3140 1024 3177; x_wconf 89' lang='lat' dir='ltr'>Unde</span> <span class='ocrx_word' id='word_1_289' title='bbox 1043 3138 1265 3177; x_wconf 87' lang='lat' dir='ltr'>notandum</span> 
     </span>
     <span class='ocr_line' id='line_1_56' title="bbox 232 3202 1264 3253; baseline -0.007 -10"><span class='ocrx_word' id='word_1_290' title='bbox 232 3205 336 3243; x_wconf 86' lang='lat' dir='ltr'>circa</span> <span class='ocrx_word' id='word_1_291' title='bbox 367 3205 576 3253; x_wconf 89' lang='lat' dir='ltr'>septenarii</span> <span class='ocrx_word' id='word_1_292' title='bbox 605 3207 914 3249; x_wconf 86' lang='lat' dir='ltr'>sacramentum,</span> <span class='ocrx_word' id='word_1_293' title='bbox 943 3202 1052 3251; x_wconf 82' lang='lat' dir='ltr'>quod</span> <span class='ocrx_word' id='word_1_294' title='bbox 1077 3210 1264 3238; x_wconf 90' lang='lat' dir='ltr'>numerus</span> 
     </span>
     <span class='ocr_line' id='line_1_57' title="bbox 231 3262 1266 3316; baseline -0.006 -11"><span class='ocrx_word' id='word_1_295' title='bbox 231 3267 319 3305; x_wconf 85' lang='lat' dir='ltr'>talis</span> <span class='ocrx_word' id='word_1_296' title='bbox 348 3270 488 3316; x_wconf 89' lang='lat' dir='ltr'>typum</span> <span class='ocrx_word' id='word_1_297' title='bbox 521 3267 619 3315; x_wconf 85' lang='lat' dir='ltr'>gerit</span> <span class='ocrx_word' id='word_1_298' title='bbox 650 3265 908 3304; x_wconf 87' lang='lat' dir='ltr'>universitatis</span> <span class='ocrx_word' id='word_1_299' title='bbox 935 3264 1128 3302; x_wconf 88' lang='lat' dir='ltr'>moralis:</span> <span class='ocrx_word' id='word_1_300' title='bbox 1155 3262 1266 3301; x_wconf 88' lang='lat' dir='ltr'>vide-</span> 
     </span>
    </p>

    <p class='ocr_par' dir='ltr' id='par_1_12' title="bbox 235 3348 1264 3439">
     <span class='ocr_line' id='line_1_58' title="bbox 276 3348 1264 3393; baseline -0.006 -10"><span class='ocrx_word' id='word_1_301' title='bbox 276 3350 289 3373; x_wconf 85' lang='lat'>²</span> <span class='ocrx_word' id='word_1_302' title='bbox 310 3352 426 3391; x_wconf 66' lang='lat' dir='ltr'>Prov„</span> <span class='ocrx_word' id='word_1_303' title='bbox 451 3359 476 3393; x_wconf 82' lang='lat'>1,</span> <span class='ocrx_word' id='word_1_304' title='bbox 497 3353 550 3384; x_wconf 78' lang='lat'>22.</span> <span class='ocrx_word' id='word_1_305' title='bbox 569 3369 610 3375; x_wconf 96' lang='lat'><strong>—</strong></span> <span class='ocrx_word' id='word_1_306' title='bbox 628 3352 642 3373; x_wconf 87' lang='lat'><strong>¹</strong></span> <span class='ocrx_word' id='word_1_307' title='bbox 660 3350 756 3384; x_wconf 86' lang='lat' dir='ltr'>Psal.</span> <span class='ocrx_word' id='word_1_308' title='bbox 781 3358 828 3392; x_wconf 88' lang='lat' dir='ltr'>LI,</span> <span class='ocrx_word' id='word_1_309' title='bbox 848 3352 878 3382; x_wconf 84' lang='lat'>5.</span> <span class='ocrx_word' id='word_1_310' title='bbox 899 3367 939 3373; x_wconf 97' lang='lat'><strong>—</strong></span> <span class='ocrx_word' id='word_1_311' title='bbox 957 3349 968 3368; x_wconf 81' lang='lat'>⁸</span> <span class='ocrx_word' id='word_1_312' title='bbox 988 3348 1070 3386; x_wconf 66' lang='lat' dir='ltr'>ose„</span> <span class='ocrx_word' id='word_1_313' title='bbox 1092 3354 1154 3385; x_wconf 84' lang='lat' dir='ltr'>x11,</span> <span class='ocrx_word' id='word_1_314' title='bbox 1175 3348 1207 3378; x_wconf 78' lang='grc' dir='ltr'>Ἰ.</span> <span class='ocrx_word' id='word_1_315' title='bbox 1223 3364 1264 3371; x_wconf 90' lang='grc'>-</span> 
     </span>
     <span class='ocr_line' id='line_1_59' title="bbox 235 3394 1262 3439; baseline -0.003 -10"><span class='ocrx_word' id='word_1_316' title='bbox 235 3397 249 3418; x_wconf 70' lang='lat'>⁸</span> <span class='ocrx_word' id='word_1_317' title='bbox 265 3397 358 3438; x_wconf 65' lang='lat' dir='ltr'>Luc„</span> <span class='ocrx_word' id='word_1_318' title='bbox 375 3406 462 3439; x_wconf 81' lang='lat' dir='ltr'>xvxl,</span> <span class='ocrx_word' id='word_1_319' title='bbox 487 3400 518 3431; x_wconf 72' lang='lat'>4.</span> <span class='ocrx_word' id='word_1_320' title='bbox 538 3417 579 3423; x_wconf 92' lang='lat'>—</span> <span class='ocrx_word' id='word_1_321' title='bbox 601 3399 614 3420; x_wconf 76' lang='lat'><strong>⁵</strong></span> <span class='ocrx_word' id='word_1_322' title='bbox 635 3398 719 3431; x_wconf 80' lang='lat' dir='ltr'>ibid.</span> <span class='ocrx_word' id='word_1_323' title='bbox 741 3415 782 3423; x_wconf 88' lang='lat'>—-</span> <span class='ocrx_word' id='word_1_324' title='bbox 805 3397 818 3419; x_wconf 79' lang='lat'><strong>⁶</strong></span> <span class='ocrx_word' id='word_1_325' title='bbox 837 3397 920 3437; x_wconf 58' lang='lat' dir='ltr'>Joa,</span> <span class='ocrx_word' id='word_1_326' title='bbox 947 3403 992 3435; x_wconf 78' lang='lat' dir='ltr'>vl,</span> <span class='ocrx_word' id='word_1_327' title='bbox 1015 3396 1066 3427; x_wconf 77' lang='lat'>15.</span> <span class='ocrx_word' id='word_1_328' title='bbox 1089 3412 1123 3417; x_wconf 96' lang='lat'>—</span> <span class='ocrx_word' id='word_1_329' title='bbox 1154 3394 1164 3412; x_wconf 90' lang='lat'><strong>⁷</strong></span> <span class='ocrx_word' id='word_1_330' title='bbox 1184 3394 1262 3434; x_wconf 84' lang='lat' dir='ltr'>1sa.,</span> 
     </span>
    </p>

    <p class='ocr_par' dir='ltr' id='par_1_13' title="bbox 394 3468 584 3498">
     <span class='ocr_line' id='line_1_60' title="bbox 394 3468 584 3498; baseline 0.005 -1"><span class='ocrx_word' id='word_1_331' title='bbox 394 3468 492 3498; x_wconf 74' lang='lat' dir='ltr'>Tou.</span> <span class='ocrx_word' id='word_1_332' title='bbox 524 3470 584 3498; x_wconf 81' lang='lat' dir='ltr'>lx.</span> 
     </span>
    </p>
   </div>
   <div class='ocr_carea' id='block_1_12' title="bbox 2277 167 2354 205">
    <p class='ocr_par' dir='ltr' id='par_1_14' title="bbox 2277 167 2354 205">
     <span class='ocr_line' id='line_1_61' title="bbox 2277 167 2354 205; baseline 0.013 -1"><span class='ocrx_word' id='word_1_333' title='bbox 2277 167 2354 205; x_wconf 72' lang='lat'>529</span> 
     </span>
    </p>
   </div>
   <div class='ocr_carea' id='block_1_13' title="bbox 1325 239 2365 1143">
    <p class='ocr_par' dir='ltr' id='par_1_15' title="bbox 1325 239 2365 1143">
     <span class='ocr_line' id='line_1_62' title="bbox 1325 239 2355 295; baseline 0.014 -20"><span class='ocrx_word' id='word_1_334' title='bbox 1325 239 1413 276; x_wconf 90' lang='grc'><strong>11061</strong></span> <span class='ocrx_word' id='word_1_335' title='bbox 1450 241 1709 279; x_wconf 83' lang='lat' dir='ltr'>universitatis</span> <span class='ocrx_word' id='word_1_336' title='bbox 1746 243 1944 291; x_wconf 88' lang='lat' dir='ltr'>vitiorum,</span> <span class='ocrx_word' id='word_1_337' title='bbox 1984 246 2190 295; x_wconf 89' lang='lat' dir='ltr'>virtutum,</span> <span class='ocrx_word' id='word_1_338' title='bbox 2229 251 2355 289; x_wconf 89' lang='lat' dir='ltr'>dono-</span> 
     </span>
     <span class='ocr_line' id='line_1_63' title="bbox 1326 302 2355 352; baseline 0.014 -16"><span class='ocrx_word' id='word_1_339' title='bbox 1326 311 1427 337; x_wconf 88' lang='lat' dir='ltr'>rum.</span> <span class='ocrx_word' id='word_1_340' title='bbox 1457 302 1554 339; x_wconf 87' lang='lat' dir='ltr'>Vitia</span> <span class='ocrx_word' id='word_1_341' title='bbox 1584 313 1657 340; x_wconf 90' lang='lat' dir='ltr'>nos</span> <span class='ocrx_word' id='word_1_342' title='bbox 1687 304 1943 352; x_wconf 87' lang='lat' dir='ltr'>mortificant,</span> <span class='ocrx_word' id='word_1_343' title='bbox 1976 307 2134 346; x_wconf 90' lang='lat' dir='ltr'>virtutes</span> <span class='ocrx_word' id='word_1_344' title='bbox 2157 321 2229 348; x_wconf 91' lang='lat' dir='ltr'>nos</span> <span class='ocrx_word' id='word_1_345' title='bbox 2255 313 2355 350; x_wconf 89' lang='lat' dir='ltr'>vivi-</span> 
     </span>
     <span class='ocr_line' id='line_1_64' title="bbox 1326 361 2355 411; baseline 0.013 -13"><span class='ocrx_word' id='word_1_346' title='bbox 1326 361 1444 399; x_wconf 84' lang='lat' dir='ltr'>fleant</span> <span class='ocrx_word' id='word_1_347' title='bbox 1455 375 1465 409; x_wconf 85' lang='lat'>3</span> <span class='ocrx_word' id='word_1_348' title='bbox 1501 363 1608 402; x_wconf 90' lang='lat' dir='ltr'>dona</span> <span class='ocrx_word' id='word_1_349' title='bbox 1637 375 1730 402; x_wconf 87' lang='lat' dir='ltr'>vero</span> <span class='ocrx_word' id='word_1_350' title='bbox 1763 376 1836 402; x_wconf 88' lang='lat' dir='ltr'>nos</span> <span class='ocrx_word' id='word_1_351' title='bbox 1868 367 2056 405; x_wconf 84' lang='lat' dir='ltr'>adversus</span> <span class='ocrx_word' id='word_1_352' title='bbox 2085 371 2215 409; x_wconf 90' lang='lat' dir='ltr'>hostes</span> <span class='ocrx_word' id='word_1_353' title='bbox 2249 373 2355 411; x_wconf 88' lang='lat' dir='ltr'>forti-</span> 
     </span>
     <span class='ocr_line' id='line_1_65' title="bbox 1326 423 2358 480; baseline 0.014 -21"><span class='ocrx_word' id='word_1_354' title='bbox 1326 423 1455 461; x_wconf 88' lang='lat' dir='ltr'>ficant.</span> <span class='ocrx_word' id='word_1_355' title='bbox 1474 427 1524 462; x_wconf 89' lang='lat' dir='ltr'>De</span> <span class='ocrx_word' id='word_1_356' title='bbox 1544 426 1671 473; x_wconf 88' lang='lat' dir='ltr'>primo</span> <span class='ocrx_word' id='word_1_357' title='bbox 1686 427 1700 448; x_wconf 81' lang='lat'>¹·</span> <span class='ocrx_word' id='word_1_358' title='bbox 1719 439 1728 464; x_wconf 92' lang='lat'>:</span> <span class='ocrx_word' id='word_1_359' title='bbox 1754 440 1772 462; x_wconf 73' lang='grc' dir='ltr'>(ι</span> <span class='ocrx_word' id='word_1_360' title='bbox 1787 428 1824 464; x_wconf 93' lang='lat' dir='ltr'>Si</span> <span class='ocrx_word' id='word_1_361' title='bbox 1845 430 1983 476; x_wconf 90' lang='lat' dir='ltr'>septies</span> <span class='ocrx_word' id='word_1_362' title='bbox 2003 431 2044 467; x_wconf 91' lang='lat' dir='ltr'>in</span> <span class='ocrx_word' id='word_1_363' title='bbox 2061 432 2124 469; x_wconf 92' lang='lat' dir='ltr'>die</span> <span class='ocrx_word' id='word_1_364' title='bbox 2138 437 2358 480; x_wconf 89' lang='lat' dir='ltr'>peccaverit</span> 
     </span>
     <span class='ocr_line' id='line_1_66' title="bbox 1327 484 2359 536; baseline 0.015 -17"><span class='ocrx_word' id='word_1_365' title='bbox 1327 484 1367 520; x_wconf 92' lang='lat' dir='ltr'>in</span> <span class='ocrx_word' id='word_1_366' title='bbox 1388 488 1422 521; x_wconf 88' lang='lat' dir='ltr'>te</span> <span class='ocrx_word' id='word_1_367' title='bbox 1449 498 1458 522; x_wconf 90' lang='lat'>:</span> <span class='ocrx_word' id='word_1_368' title='bbox 1489 501 1505 521; x_wconf 86' lang='lat'>»</span> <span class='ocrx_word' id='word_1_369' title='bbox 1530 488 1593 524; x_wconf 91' lang='grc'><strong>1110</strong></span> <span class='ocrx_word' id='word_1_370' title='bbox 1613 499 1684 536; x_wconf 90' lang='lat' dir='ltr'>per</span> <span class='ocrx_word' id='word_1_371' title='bbox 1702 491 1966 536; x_wconf 90' lang='lat' dir='ltr'>septenarium</span> <span class='ocrx_word' id='word_1_372' title='bbox 1985 492 2175 531; x_wconf 90' lang='lat' dir='ltr'>horarum</span> <span class='ocrx_word' id='word_1_373' title='bbox 2200 496 2359 534; x_wconf 89' lang='lat' dir='ltr'>diurna-</span> 
     </span>
     <span class='ocr_line' id='line_1_67' title="bbox 1327 545 2359 594; baseline 0.013 -12"><span class='ocrx_word' id='word_1_374' title='bbox 1327 545 1425 582; x_wconf 88' lang='lat' dir='ltr'>lium</span> <span class='ocrx_word' id='word_1_375' title='bbox 1461 548 1669 586; x_wconf 89' lang='lat' dir='ltr'>denotatur</span> <span class='ocrx_word' id='word_1_376' title='bbox 1708 551 1937 588; x_wconf 86' lang='lat' dir='ltr'>universitas</span> <span class='ocrx_word' id='word_1_377' title='bbox 1974 553 2160 591; x_wconf 87' lang='lat' dir='ltr'>vitiorum</span> <span class='ocrx_word' id='word_1_378' title='bbox 2197 559 2359 594; x_wconf 88' lang='lat' dir='ltr'>mortifi-</span> 
     </span>
     <span class='ocr_line' id='line_1_68' title="bbox 1329 608 2360 666; baseline 0.014 -24"><span class='ocrx_word' id='word_1_379' title='bbox 1329 608 1514 645; x_wconf 89' lang='lat' dir='ltr'>cantium.</span> <span class='ocrx_word' id='word_1_380' title='bbox 1540 612 1590 646; x_wconf 88' lang='lat' dir='ltr'>De</span> <span class='ocrx_word' id='word_1_381' title='bbox 1617 612 1793 648; x_wconf 90' lang='lat' dir='ltr'>secundo</span> <span class='ocrx_word' id='word_1_382' title='bbox 1820 613 1995 660; x_wconf 85' lang='lat' dir='ltr'>sequitur</span> <span class='ocrx_word' id='word_1_383' title='bbox 2015 615 2027 637; x_wconf 84' lang='lat'>⁵</span> <span class='ocrx_word' id='word_1_384' title='bbox 2059 628 2068 652; x_wconf 94' lang='lat'><strong>:</strong></span> <span class='ocrx_word' id='word_1_385' title='bbox 2102 628 2120 650; x_wconf 72' lang='grc' dir='ltr'>(κ</span> <span class='ocrx_word' id='word_1_386' title='bbox 2152 617 2189 653; x_wconf 93' lang='lat' dir='ltr'>Si</span> <span class='ocrx_word' id='word_1_387' title='bbox 2220 620 2360 666; x_wconf 90' lang='lat' dir='ltr'>septies</span> 
     </span>
     <span class='ocr_line' id='line_1_69' title="bbox 1328 671 2360 724; baseline 0.014 -20"><span class='ocrx_word' id='word_1_388' title='bbox 1328 679 1540 706; x_wconf 87' lang='lat' dir='ltr'>conversus</span> <span class='ocrx_word' id='word_1_389' title='bbox 1559 671 1674 708; x_wconf 86' lang='lat' dir='ltr'>fuerit</span> <span class='ocrx_word' id='word_1_390' title='bbox 1694 673 1746 709; x_wconf 90' lang='lat' dir='ltr'>ad</span> <span class='ocrx_word' id='word_1_391' title='bbox 1767 676 1822 719; x_wconf 88' lang='lat' dir='ltr'>te,</span> <span class='ocrx_word' id='word_1_392' title='bbox 1839 688 1858 709; x_wconf 87' lang='lat'>»</span> <span class='ocrx_word' id='word_1_393' title='bbox 1875 675 2020 712; x_wconf 88' lang='grc'><strong>50111061</strong></span> <span class='ocrx_word' id='word_1_394' title='bbox 2034 687 2105 724; x_wconf 89' lang='lat' dir='ltr'>per</span> <span class='ocrx_word' id='word_1_395' title='bbox 2123 678 2360 718; x_wconf 81' lang='lat' dir='ltr'>infusionem</span> 
     </span>
     <span class='ocr_line' id='line_1_70' title="bbox 1328 730 2360 784; baseline 0.014 -19"><span class='ocrx_word' id='word_1_396' title='bbox 1328 730 1461 776; x_wconf 67' lang='lat' dir='ltr'>gratiae</span> <span class='ocrx_word' id='word_1_397' title='bbox 1485 734 1522 767; x_wconf 89' lang='lat' dir='ltr'>et</span> <span class='ocrx_word' id='word_1_398' title='bbox 1539 732 1741 770; x_wconf 87' lang='lat' dir='ltr'>virtutum.</span> <span class='ocrx_word' id='word_1_399' title='bbox 1770 735 1837 771; x_wconf 88' lang='lat' dir='ltr'>Hic</span> <span class='ocrx_word' id='word_1_400' title='bbox 1861 746 1932 782; x_wconf 89' lang='lat' dir='ltr'>per</span> <span class='ocrx_word' id='word_1_401' title='bbox 1959 739 2226 784; x_wconf 85' lang='lat' dir='ltr'>septenarium</span> <span class='ocrx_word' id='word_1_402' title='bbox 2244 741 2360 779; x_wconf 89' lang='lat' dir='ltr'>hora-</span> 
     </span>
     <span class='ocr_line' id='line_1_71' title="bbox 1328 792 2359 840; baseline 0.013 -13"><span class='ocrx_word' id='word_1_403' title='bbox 1328 802 1417 828; x_wconf 91' lang='lat' dir='ltr'>rum</span> <span class='ocrx_word' id='word_1_404' title='bbox 1437 792 1679 831; x_wconf 88' lang='lat' dir='ltr'>diurnalium</span> <span class='ocrx_word' id='word_1_405' title='bbox 1696 795 1904 833; x_wconf 87' lang='lat' dir='ltr'>denotatur</span> <span class='ocrx_word' id='word_1_406' title='bbox 1924 798 2156 838; x_wconf 86' lang='lat' dir='ltr'>universitas</span> <span class='ocrx_word' id='word_1_407' title='bbox 2175 802 2359 840; x_wconf 85' lang='lat' dir='ltr'>virtutum</span> 
     </span>
     <span class='ocr_line' id='line_1_72' title="bbox 1328 853 2361 909; baseline 0.012 -20"><span class='ocrx_word' id='word_1_408' title='bbox 1328 853 1623 892; x_wconf 87' lang='lat' dir='ltr'>vivificantium.</span> <span class='ocrx_word' id='word_1_409' title='bbox 1648 858 1698 892; x_wconf 91' lang='lat' dir='ltr'>De</span> <span class='ocrx_word' id='word_1_410' title='bbox 1725 858 1836 894; x_wconf 87' lang='lat' dir='ltr'>terti0</span> <span class='ocrx_word' id='word_1_411' title='bbox 1859 859 1872 881; x_wconf 74' lang='lat'>⁶</span> <span class='ocrx_word' id='word_1_412' title='bbox 1895 870 1903 894; x_wconf 91' lang='lat'>:</span> <span class='ocrx_word' id='word_1_413' title='bbox 1938 874 1955 892; x_wconf 91' lang='lat'>«</span> <span class='ocrx_word' id='word_1_414' title='bbox 1985 860 2050 897; x_wconf 91' lang='lat' dir='ltr'>Die</span> <span class='ocrx_word' id='word_1_415' title='bbox 2070 863 2235 909; x_wconf 89' lang='lat' dir='ltr'>septimo</span> <span class='ocrx_word' id='word_1_416' title='bbox 2256 864 2361 901; x_wconf 92' lang='lat' dir='ltr'>dilu-</span> 
     </span>
     <span class='ocr_line' id='line_1_73' title="bbox 1330 915 2364 970; baseline 0.012 -19"><span class='ocrx_word' id='word_1_417' title='bbox 1330 915 1418 952; x_wconf 87' lang='lat' dir='ltr'>culo</span> <span class='ocrx_word' id='word_1_418' title='bbox 1463 920 1743 963; x_wconf 82' lang='lat' dir='ltr'>consurgentes</span> <span class='ocrx_word' id='word_1_419' title='bbox 1786 919 2022 957; x_wconf 88' lang='lat' dir='ltr'>circuierunt</span> <span class='ocrx_word' id='word_1_420' title='bbox 2058 923 2218 970; x_wconf 90' lang='lat' dir='ltr'>urbem,</span> <span class='ocrx_word' id='word_1_421' title='bbox 2266 926 2364 962; x_wconf 88' lang='lat' dir='ltr'>sicut</span> 
     </span>
     <span class='ocr_line' id='line_1_74' title="bbox 1330 976 2362 1031; baseline 0.012 -20"><span class='ocrx_word' id='word_1_422' title='bbox 1330 976 1564 1024; x_wconf 84' lang='lat' dir='ltr'>dispositum</span> <span class='ocrx_word' id='word_1_423' title='bbox 1591 980 1672 1015; x_wconf 90' lang='lat' dir='ltr'>erat</span> <span class='ocrx_word' id='word_1_424' title='bbox 1692 979 1849 1026; x_wconf 89' lang='lat' dir='ltr'>septies.</span> <span class='ocrx_word' id='word_1_425' title='bbox 1878 993 1896 1015; x_wconf 87' lang='lat'>»</span> <span class='ocrx_word' id='word_1_426' title='bbox 1925 981 1991 1018; x_wconf 90' lang='lat' dir='ltr'>Hic</span> <span class='ocrx_word' id='word_1_427' title='bbox 2009 993 2081 1029; x_wconf 92' lang='lat' dir='ltr'>per</span> <span class='ocrx_word' id='word_1_428' title='bbox 2099 986 2362 1031; x_wconf 88' lang='lat' dir='ltr'>septenarium</span> 
     </span>
     <span class='ocr_line' id='line_1_75' title="bbox 1328 1036 2365 1088; baseline 0.013 -15"><span class='ocrx_word' id='word_1_429' title='bbox 1328 1036 1518 1074; x_wconf 89' lang='lat' dir='ltr'>horarum</span> <span class='ocrx_word' id='word_1_430' title='bbox 1532 1038 1775 1077; x_wconf 88' lang='lat' dir='ltr'>diurnalium</span> <span class='ocrx_word' id='word_1_431' title='bbox 1786 1040 1980 1088; x_wconf 83' lang='lat' dir='ltr'>figuratur</span> <span class='ocrx_word' id='word_1_432' title='bbox 1993 1045 2224 1084; x_wconf 81' lang='lat' dir='ltr'>universitas</span> <span class='ocrx_word' id='word_1_433' title='bbox 2241 1047 2365 1085; x_wconf 89' lang='lat' dir='ltr'>dono-</span> 
     </span>
     <span class='ocr_line' id='line_1_76' title="bbox 1329 1099 2101 1143; baseline 0.01 -8"><span class='ocrx_word' id='word_1_434' title='bbox 1329 1109 1418 1135; x_wconf 89' lang='lat' dir='ltr'>rum</span> <span class='ocrx_word' id='word_1_435' title='bbox 1438 1099 1627 1137; x_wconf 88' lang='lat' dir='ltr'>adversus</span> <span class='ocrx_word' id='word_1_436' title='bbox 1646 1101 1777 1138; x_wconf 88' lang='lat' dir='ltr'>hostes</span> <span class='ocrx_word' id='word_1_437' title='bbox 1793 1101 2101 1143; x_wconf 87' lang='lat' dir='ltr'>fortificantium.</span> 
     </span>
    </p>
   </div>
   <div class='ocr_carea' id='block_1_14' title="bbox 1650 1207 2046 1247">
    <p class='ocr_par' dir='ltr' id='par_1_16' title="bbox 1650 1207 2046 1247">
     <span class='ocr_line' id='line_1_77' title="bbox 1650 1207 2046 1247; baseline 0.015 -6"><span class='ocrx_word' id='word_1_438' title='bbox 1650 1207 1837 1244; x_wconf 82' lang='lat' dir='ltr'>Articulus</span> <span class='ocrx_word' id='word_1_439' title='bbox 1861 1210 2046 1247; x_wconf 83' lang='lat' dir='ltr'>secundus.</span> 
     </span>
    </p>
   </div>
   <div class='ocr_carea' id='block_1_15' title="bbox 1328 1286 2367 2208">
    <p class='ocr_par' dir='ltr' id='par_1_17' title="bbox 1328 1286 2367 2208">
     <span class='ocr_line' id='line_1_78' title="bbox 1378 1286 2363 1336; baseline 0.015 -15"><span class='ocrx_word' id='word_1_440' title='bbox 1378 1286 1603 1323; x_wconf 90' lang='lat' dir='ltr'>Secundum</span> <span class='ocrx_word' id='word_1_441' title='bbox 1623 1287 1928 1336; x_wconf 83' lang='lat' dir='ltr'>demonstravit,</span> <span class='ocrx_word' id='word_1_442' title='bbox 1950 1303 2040 1330; x_wconf 88' lang='lat' dir='ltr'>eum</span> <span class='ocrx_word' id='word_1_443' title='bbox 2060 1294 2215 1334; x_wconf 88' lang='lat' dir='ltr'>addidit</span> <span class='ocrx_word' id='word_1_444' title='bbox 2232 1310 2241 1335; x_wconf 76' lang='grc' dir='ltr'><strong><em>ε</em></strong></span> <span class='ocrx_word' id='word_1_445' title='bbox 2267 1300 2363 1335; x_wconf 84' lang='lat' dir='ltr'>Lau-</span> 
     </span>
     <span class='ocr_line' id='line_1_79' title="bbox 1331 1347 2364 1397; baseline 0.017 -16"><span class='ocrx_word' id='word_1_446' title='bbox 1331 1347 1408 1383; x_wconf 83' lang='lat' dir='ltr'>dem</span> <span class='ocrx_word' id='word_1_447' title='bbox 1441 1347 1522 1384; x_wconf 75' lang='lat' dir='ltr'>cliaei</span> <span class='ocrx_word' id='word_1_448' title='bbox 1549 1349 1647 1386; x_wconf 79' lang='lat' dir='ltr'>tibi:</span> <span class='ocrx_word' id='word_1_449' title='bbox 1676 1360 1765 1387; x_wconf 89' lang='grc'><strong>6006</strong></span> <span class='ocrx_word' id='word_1_450' title='bbox 1794 1351 2032 1391; x_wconf 85' lang='lat' dir='ltr'>laudissuum</span> <span class='ocrx_word' id='word_1_451' title='bbox 2063 1356 2243 1396; x_wconf 85' lang='lat' dir='ltr'>diurnale</span> <span class='ocrx_word' id='word_1_452' title='bbox 2277 1361 2364 1397; x_wconf 90' lang='lat' dir='ltr'>offi-</span> 
     </span>
     <span class='ocr_line' id='line_1_80' title="bbox 1332 1408 2364 1462; baseline 0.016 -19"><span class='ocrx_word' id='word_1_453' title='bbox 1332 1408 1436 1444; x_wconf 87' lang='lat' dir='ltr'>cium</span> <span class='ocrx_word' id='word_1_454' title='bbox 1470 1421 1478 1444; x_wconf 88' lang='lat'>:</span> <span class='ocrx_word' id='word_1_455' title='bbox 1514 1411 1636 1447; x_wconf 92' lang='lat' dir='ltr'>Deum</span> <span class='ocrx_word' id='word_1_456' title='bbox 1674 1422 1847 1460; x_wconf 88' lang='lat' dir='ltr'>namque</span> <span class='ocrx_word' id='word_1_457' title='bbox 1880 1413 2118 1462; x_wconf 87' lang='lat' dir='ltr'>laudamus,</span> <span class='ocrx_word' id='word_1_458' title='bbox 2151 1430 2242 1457; x_wconf 90' lang='lat' dir='ltr'>cum</span> <span class='ocrx_word' id='word_1_459' title='bbox 2273 1433 2364 1460; x_wconf 91' lang='lat' dir='ltr'>eum</span> 
     </span>
     <span class='ocr_line' id='line_1_81' title="bbox 1330 1468 2364 1531; baseline 0.017 -27"><span class='ocrx_word' id='word_1_460' title='bbox 1330 1468 1582 1507; x_wconf 86' lang='lat' dir='ltr'>laudabiliter</span> <span class='ocrx_word' id='word_1_461' title='bbox 1619 1471 1863 1520; x_wconf 87' lang='lat' dir='ltr'>invocamus,</span> <span class='ocrx_word' id='word_1_462' title='bbox 1898 1486 1989 1513; x_wconf 88' lang='lat' dir='ltr'>cum</span> <span class='ocrx_word' id='word_1_463' title='bbox 2025 1477 2248 1519; x_wconf 86' lang='lat' dir='ltr'>laudabiles</span> <span class='ocrx_word' id='word_1_464' title='bbox 2280 1484 2364 1531; x_wconf 80' lang='lat' dir='ltr'>eJ&#39;us</span> 
     </span>
     <span class='ocr_line' id='line_1_82' title="bbox 1330 1530 2364 1592; baseline 0.017 -27"><span class='ocrx_word' id='word_1_465' title='bbox 1330 1530 1491 1567; x_wconf 89' lang='lat' dir='ltr'>virtutes</span> <span class='ocrx_word' id='word_1_466' title='bbox 1527 1532 1579 1568; x_wconf 91' lang='lat' dir='ltr'>ad</span> <span class='ocrx_word' id='word_1_467' title='bbox 1613 1535 1849 1573; x_wconf 89' lang='lat' dir='ltr'>memoriam</span> <span class='ocrx_word' id='word_1_468' title='bbox 1885 1547 2130 1578; x_wconf 82' lang='lat' dir='ltr'>revocamus.</span> <span class='ocrx_word' id='word_1_469' title='bbox 2167 1545 2211 1579; x_wconf 89' lang='lat' dir='ltr'>Et</span> <span class='ocrx_word' id='word_1_470' title='bbox 2247 1548 2364 1592; x_wconf 85' lang='lat' dir='ltr'>nota,</span> 
     </span>
     <span class='ocr_line' id='line_1_83' title="bbox 1331 1592 2366 1647; baseline 0.017 -21"><span class='ocrx_word' id='word_1_471' title='bbox 1331 1592 1442 1638; x_wconf 87' lang='lat' dir='ltr'>quod</span> <span class='ocrx_word' id='word_1_472' title='bbox 1479 1592 1577 1630; x_wconf 90' lang='lat' dir='ltr'>sicut</span> <span class='ocrx_word' id='word_1_473' title='bbox 1614 1594 1655 1630; x_wconf 90' lang='lat' dir='ltr'>in</span> <span class='ocrx_word' id='word_1_474' title='bbox 1694 1596 1892 1644; x_wconf 88' lang='lat' dir='ltr'>Scriptura</span> <span class='ocrx_word' id='word_1_475' title='bbox 1920 1598 2076 1647; x_wconf 86' lang='lat' dir='ltr'>legitur,</span> <span class='ocrx_word' id='word_1_476' title='bbox 2105 1602 2192 1640; x_wconf 88' lang='lat' dir='ltr'>laus</span> <span class='ocrx_word' id='word_1_477' title='bbox 2229 1605 2366 1644; x_wconf 83' lang='lat' dir='ltr'>divina</span> 
     </span>
     <span class='ocr_line' id='line_1_84' title="bbox 1328 1655 2365 1705; baseline 0.016 -17"><span class='ocrx_word' id='word_1_478' title='bbox 1328 1655 1531 1699; x_wconf 85' lang='lat' dir='ltr'>narratur,</span> <span class='ocrx_word' id='word_1_479' title='bbox 1564 1657 1837 1703; x_wconf 88' lang='lat' dir='ltr'>annuntiatur,</span> <span class='ocrx_word' id='word_1_480' title='bbox 1871 1659 2026 1698; x_wconf 88' lang='lat' dir='ltr'>dicitur.</span> <span class='ocrx_word' id='word_1_481' title='bbox 2047 1663 2173 1701; x_wconf 79' lang='lat' dir='ltr'>Judaei</span> <span class='ocrx_word' id='word_1_482' title='bbox 2203 1665 2365 1705; x_wconf 85' lang='lat' dir='ltr'>laudem</span> 
     </span>
     <span class='ocr_line' id='line_1_85' title="bbox 1329 1715 2364 1768; baseline 0.017 -19"><span class='ocrx_word' id='word_1_483' title='bbox 1329 1718 1491 1752; x_wconf 87' lang='lat' dir='ltr'>narrant</span> <span class='ocrx_word' id='word_1_484' title='bbox 1527 1715 1761 1766; x_wconf 82' lang='lat' dir='ltr'>formantis3</span> <span class='ocrx_word' id='word_1_485' title='bbox 1798 1722 1896 1768; x_wconf 87' lang='lat' dir='ltr'>Magi</span> <span class='ocrx_word' id='word_1_486' title='bbox 1935 1722 2097 1762; x_wconf 89' lang='lat' dir='ltr'>laudem</span> <span class='ocrx_word' id='word_1_487' title='bbox 2133 1729 2364 1767; x_wconf 88' lang='lat' dir='ltr'>annuntiant</span> 
     </span>
     <span class='ocr_line' id='line_1_86' title="bbox 1330 1774 2360 1836; baseline 0.018 -26"><span class='ocrx_word' id='word_1_488' title='bbox 1330 1774 1577 1814; x_wconf 84' lang='lat' dir='ltr'>reformantis</span> <span class='ocrx_word' id='word_1_489' title='bbox 1587 1791 1598 1825; x_wconf 82' lang='lat'>3</span> <span class='ocrx_word' id='word_1_490' title='bbox 1630 1780 1768 1827; x_wconf 86' lang='lat' dir='ltr'>Angeli</span> <span class='ocrx_word' id='word_1_491' title='bbox 1793 1782 1956 1821; x_wconf 89' lang='lat' dir='ltr'>laudem</span> <span class='ocrx_word' id='word_1_492' title='bbox 1986 1785 2122 1824; x_wconf 88' lang='lat' dir='ltr'>dicunt</span> <span class='ocrx_word' id='word_1_493' title='bbox 2150 1792 2360 1836; x_wconf 86' lang='lat' dir='ltr'>regnantis.</span> 
     </span>
     <span class='ocr_line' id='line_1_87' title="bbox 1331 1838 2365 1900; baseline 0.017 -28"><span class='ocrx_word' id='word_1_494' title='bbox 1331 1838 1382 1873; x_wconf 88' lang='lat' dir='ltr'>De</span> <span class='ocrx_word' id='word_1_495' title='bbox 1408 1838 1537 1885; x_wconf 91' lang='lat' dir='ltr'>primo</span> <span class='ocrx_word' id='word_1_496' title='bbox 1558 1841 1572 1862; x_wconf 85' lang='lat'><strong>⁷</strong></span> <span class='ocrx_word' id='word_1_497' title='bbox 1602 1852 1611 1876; x_wconf 90' lang='lat'>:</span> <span class='ocrx_word' id='word_1_498' title='bbox 1643 1853 1661 1875; x_wconf 91' lang='lat'>«</span> <span class='ocrx_word' id='word_1_499' title='bbox 1686 1843 1882 1890; x_wconf 91' lang='lat' dir='ltr'>Populum</span> <span class='ocrx_word' id='word_1_500' title='bbox 1907 1845 2024 1883; x_wconf 89' lang='lat' dir='ltr'>istum</span> <span class='ocrx_word' id='word_1_501' title='bbox 2049 1847 2218 1887; x_wconf 87' lang='lat' dir='ltr'>formavi</span> <span class='ocrx_word' id='word_1_502' title='bbox 2243 1852 2340 1890; x_wconf 80' lang='lat' dir='ltr'>milii</span> <span class='ocrx_word' id='word_1_503' title='bbox 2352 1881 2365 1900; x_wconf 91' lang='lat'>,</span> 
     </span>
     <span class='ocr_line' id='line_1_88' title="bbox 1329 1898 2367 1952; baseline 0.016 -17"><span class='ocrx_word' id='word_1_504' title='bbox 1329 1898 1493 1937; x_wconf 89' lang='lat' dir='ltr'>laudem</span> <span class='ocrx_word' id='word_1_505' title='bbox 1512 1912 1644 1940; x_wconf 86' lang='lat' dir='ltr'>meam</span> <span class='ocrx_word' id='word_1_506' title='bbox 1667 1905 1844 1942; x_wconf 89' lang='lat' dir='ltr'>narrabit</span> <span class='ocrx_word' id='word_1_507' title='bbox 1865 1918 1873 1942; x_wconf 93' lang='lat'>:</span> <span class='ocrx_word' id='word_1_508' title='bbox 1896 1920 1914 1941; x_wconf 88' lang='lat'>»</span> <span class='ocrx_word' id='word_1_509' title='bbox 1944 1907 2007 1944; x_wconf 92' lang='lat' dir='ltr'>hic</span> <span class='ocrx_word' id='word_1_510' title='bbox 2027 1909 2187 1948; x_wconf 89' lang='lat' dir='ltr'>laudem</span> <span class='ocrx_word' id='word_1_511' title='bbox 2206 1919 2367 1952; x_wconf 89' lang='lat' dir='ltr'>narrant</span> 
     </span>
     <span class='ocr_line' id='line_1_89' title="bbox 1331 1961 2364 2014; baseline 0.016 -17"><span class='ocrx_word' id='word_1_512' title='bbox 1331 1961 1465 1998; x_wconf 78' lang='lat' dir='ltr'>Judaei.</span> <span class='ocrx_word' id='word_1_513' title='bbox 1497 1965 1547 2000; x_wconf 88' lang='lat' dir='ltr'>De</span> <span class='ocrx_word' id='word_1_514' title='bbox 1577 1966 1752 2003; x_wconf 89' lang='lat' dir='ltr'>secundo</span> <span class='ocrx_word' id='word_1_515' title='bbox 1773 1968 1818 2004; x_wconf 84' lang='lat'>⁸:</span> <span class='ocrx_word' id='word_1_516' title='bbox 1845 1981 1863 2002; x_wconf 89' lang='lat'>«</span> <span class='ocrx_word' id='word_1_517' title='bbox 1891 1972 2040 2008; x_wconf 86' lang='lat' dir='ltr'>Aurum</span> <span class='ocrx_word' id='word_1_518' title='bbox 2072 1975 2108 2010; x_wconf 91' lang='lat' dir='ltr'>et</span> <span class='ocrx_word' id='word_1_519' title='bbox 2134 1974 2224 2011; x_wconf 90' lang='lat' dir='ltr'>thus</span> <span class='ocrx_word' id='word_1_520' title='bbox 2257 1976 2364 2014; x_wconf 87' lang='lat' dir='ltr'>defe-</span> 
     </span>
     <span class='ocr_line' id='line_1_90' title="bbox 1332 2025 2366 2076; baseline 0.017 -18"><span class='ocrx_word' id='word_1_521' title='bbox 1332 2025 1473 2069; x_wconf 90' lang='lat' dir='ltr'>rentes,</span> <span class='ocrx_word' id='word_1_522' title='bbox 1505 2027 1542 2062; x_wconf 90' lang='lat' dir='ltr'>et</span> <span class='ocrx_word' id='word_1_523' title='bbox 1568 2026 1730 2064; x_wconf 87' lang='lat' dir='ltr'>laudem</span> <span class='ocrx_word' id='word_1_524' title='bbox 1748 2030 1915 2068; x_wconf 92' lang='lat' dir='ltr'>Domino</span> <span class='ocrx_word' id='word_1_525' title='bbox 1937 2035 2210 2074; x_wconf 88' lang='lat' dir='ltr'>annuntiantes</span> <span class='ocrx_word' id='word_1_526' title='bbox 2232 2049 2240 2073; x_wconf 93' lang='lat'>:</span> <span class='ocrx_word' id='word_1_527' title='bbox 2262 2051 2281 2072; x_wconf 82' lang='grc'>»</span> <span class='ocrx_word' id='word_1_528' title='bbox 2303 2038 2366 2076; x_wconf 84' lang='grc'><strong>1110</strong></span> 
     </span>
     <span class='ocr_line' id='line_1_91' title="bbox 1333 2083 2366 2145; baseline 0.017 -25"><span class='ocrx_word' id='word_1_529' title='bbox 1333 2083 1494 2122; x_wconf 90' lang='lat' dir='ltr'>laudem</span> <span class='ocrx_word' id='word_1_530' title='bbox 1514 2089 1746 2127; x_wconf 88' lang='lat' dir='ltr'>annuntiant</span> <span class='ocrx_word' id='word_1_531' title='bbox 1764 2092 1879 2138; x_wconf 87' lang='lat' dir='ltr'>Magi.</span> <span class='ocrx_word' id='word_1_532' title='bbox 1898 2095 1949 2130; x_wconf 93' lang='lat' dir='ltr'>De</span> <span class='ocrx_word' id='word_1_533' title='bbox 1968 2095 2082 2134; x_wconf 89' lang='lat' dir='ltr'>tertio</span> <span class='ocrx_word' id='word_1_534' title='bbox 2098 2098 2111 2120; x_wconf 79' lang='lat'>⁹</span> <span class='ocrx_word' id='word_1_535' title='bbox 2128 2108 2137 2133; x_wconf 91' lang='lat'><strong>:</strong></span> <span class='ocrx_word' id='word_1_536' title='bbox 2155 2110 2174 2133; x_wconf 89' lang='lat'>«</span> <span class='ocrx_word' id='word_1_537' title='bbox 2192 2099 2366 2145; x_wconf 68' lang='lat' dir='ltr'>Laudem</span> 
     </span>
     <span class='ocr_line' id='line_1_92' title="bbox 1334 2145 2364 2208; baseline 0.017 -27"><span class='ocrx_word' id='word_1_538' title='bbox 1334 2145 1449 2184; x_wconf 89' lang='lat' dir='ltr'>dicite</span> <span class='ocrx_word' id='word_1_539' title='bbox 1469 2149 1547 2186; x_wconf 91' lang='lat' dir='ltr'>Deo</span> <span class='ocrx_word' id='word_1_540' title='bbox 1567 2151 1702 2189; x_wconf 85' lang='lat' dir='ltr'>nostro</span> <span class='ocrx_word' id='word_1_541' title='bbox 1727 2164 1736 2187; x_wconf 88' lang='lat'>:</span> <span class='ocrx_word' id='word_1_542' title='bbox 1757 2166 1774 2185; x_wconf 76' lang='lat' dir='ltr'>n</span> <span class='ocrx_word' id='word_1_543' title='bbox 1797 2152 1861 2189; x_wconf 88' lang='lat' dir='ltr'>hic</span> <span class='ocrx_word' id='word_1_544' title='bbox 1881 2153 2042 2194; x_wconf 90' lang='lat' dir='ltr'>laudem</span> <span class='ocrx_word' id='word_1_545' title='bbox 2060 2158 2196 2196; x_wconf 90' lang='lat' dir='ltr'>dicunt</span> <span class='ocrx_word' id='word_1_546' title='bbox 2214 2161 2364 2208; x_wconf 87' lang='lat' dir='ltr'>Angeli.</span> 
     </span>
    </p>
   </div>
   <div class='ocr_carea' id='block_1_16' title="bbox 1676 2255 2026 2296">
    <p class='ocr_par' dir='ltr' id='par_1_18' title="bbox 1676 2255 2026 2296">
     <span class='ocr_line' id='line_1_93' title="bbox 1676 2255 2026 2296; baseline 0.017 -6"><span class='ocrx_word' id='word_1_547' title='bbox 1676 2255 1865 2293; x_wconf 79' lang='lat' dir='ltr'>Articulus</span> <span class='ocrx_word' id='word_1_548' title='bbox 1886 2260 2026 2296; x_wconf 77' lang='lat' dir='ltr'>tertius.</span> 
     </span>
    </p>
   </div>
   <div class='ocr_carea' id='block_1_17' title="bbox 1332 2334 2370 3189">
    <p class='ocr_par' dir='ltr' id='par_1_19' title="bbox 1332 2334 2370 3189">
     <span class='ocr_line' id='line_1_94' title="bbox 1381 2334 2363 2392; baseline 0.018 -23"><span class='ocrx_word' id='word_1_549' title='bbox 1381 2334 1551 2371; x_wconf 89' lang='lat' dir='ltr'>Tertium</span> <span class='ocrx_word' id='word_1_550' title='bbox 1566 2334 1816 2384; x_wconf 84' lang='lat' dir='ltr'>declamavit,</span> <span class='ocrx_word' id='word_1_551' title='bbox 1833 2349 1925 2376; x_wconf 88' lang='lat' dir='ltr'>cum</span> <span class='ocrx_word' id='word_1_552' title='bbox 1941 2340 2038 2379; x_wconf 86' lang='lat' dir='ltr'>dixit</span> <span class='ocrx_word' id='word_1_553' title='bbox 2054 2355 2063 2380; x_wconf 71' lang='grc' dir='ltr'><strong><em>ε</em></strong></span> <span class='ocrx_word' id='word_1_554' title='bbox 2080 2343 2196 2391; x_wconf 81' lang='lat' dir='ltr'>Super</span> <span class='ocrx_word' id='word_1_555' title='bbox 2205 2347 2363 2392; x_wconf 84' lang='lat' dir='ltr'>judicia.</span> 
     </span>
     <span class='ocr_line' id='line_1_95' title="bbox 1334 2396 2365 2458; baseline 0.016 -27"><span class='ocrx_word' id='word_1_556' title='bbox 1334 2396 1418 2432; x_wconf 79' lang='lat' dir='ltr'>Haec</span> <span class='ocrx_word' id='word_1_557' title='bbox 1445 2399 1534 2433; x_wconf 88' lang='lat' dir='ltr'>sunt</span> <span class='ocrx_word' id='word_1_558' title='bbox 1559 2396 1629 2434; x_wconf 92' lang='lat' dir='ltr'>illa</span> <span class='ocrx_word' id='word_1_559' title='bbox 1660 2398 1830 2446; x_wconf 88' lang='lat' dir='ltr'>judicia,</span> <span class='ocrx_word' id='word_1_560' title='bbox 1858 2411 1928 2438; x_wconf 90' lang='lat' dir='ltr'>seu</span> <span class='ocrx_word' id='word_1_561' title='bbox 1959 2403 2090 2441; x_wconf 88' lang='lat' dir='ltr'>verius</span> <span class='ocrx_word' id='word_1_562' title='bbox 2116 2408 2365 2458; x_wconf 77' lang='lat' dir='ltr'>praeJudioia‚</span> 
     </span>
     <span class='ocr_line' id='line_1_96' title="bbox 1335 2457 2368 2518; baseline 0.016 -26"><span class='ocrx_word' id='word_1_563' title='bbox 1335 2468 1423 2504; x_wconf 84' lang='lat' dir='ltr'>quae</span> <span class='ocrx_word' id='word_1_564' title='bbox 1437 2457 1630 2504; x_wconf 88' lang='lat' dir='ltr'>judicavit</span> <span class='ocrx_word' id='word_1_565' title='bbox 1643 2459 1820 2499; x_wconf 90' lang='lat' dir='ltr'>humana</span> <span class='ocrx_word' id='word_1_566' title='bbox 1838 2462 2046 2511; x_wconf 87' lang='lat' dir='ltr'>injustitia,</span> <span class='ocrx_word' id='word_1_567' title='bbox 2070 2477 2140 2514; x_wconf 89' lang='lat' dir='ltr'>per</span> <span class='ocrx_word' id='word_1_568' title='bbox 2160 2479 2246 2516; x_wconf 84' lang='lat' dir='ltr'>quae</span> <span class='ocrx_word' id='word_1_569' title='bbox 2261 2471 2368 2518; x_wconf 91' lang='lat' dir='ltr'>judi-</span> 
     </span>
     <span class='ocr_line' id='line_1_97' title="bbox 1335 2518 2368 2580; baseline 0.016 -26"><span class='ocrx_word' id='word_1_570' title='bbox 1335 2518 1415 2555; x_wconf 87' lang='lat' dir='ltr'>cari</span> <span class='ocrx_word' id='word_1_571' title='bbox 1431 2529 1513 2556; x_wconf 91' lang='lat' dir='ltr'>non</span> <span class='ocrx_word' id='word_1_572' title='bbox 1534 2521 1727 2559; x_wconf 81' lang='lat' dir='ltr'>recusavit</span> <span class='ocrx_word' id='word_1_573' title='bbox 1752 2522 1885 2561; x_wconf 87' lang='lat' dir='ltr'>divina</span> <span class='ocrx_word' id='word_1_574' title='bbox 1903 2525 2111 2571; x_wconf 68' lang='lat' dir='ltr'>justitiam</span> <span class='ocrx_word' id='word_1_575' title='bbox 2128 2533 2235 2578; x_wconf 87' lang='lat' dir='ltr'>nota,</span> <span class='ocrx_word' id='word_1_576' title='bbox 2257 2535 2368 2580; x_wconf 87' lang='lat' dir='ltr'>quod</span> 
     </span>
     <span class='ocr_line' id='line_1_98' title="bbox 1334 2581 2369 2643; baseline 0.015 -25"><span class='ocrx_word' id='word_1_577' title='bbox 1334 2581 1416 2618; x_wconf 82' lang='lat' dir='ltr'>haec</span> <span class='ocrx_word' id='word_1_578' title='bbox 1431 2581 1583 2628; x_wconf 90' lang='lat' dir='ltr'>judicia</span> <span class='ocrx_word' id='word_1_579' title='bbox 1603 2583 1759 2621; x_wconf 85' lang='lat' dir='ltr'>fuerunt</span> <span class='ocrx_word' id='word_1_580' title='bbox 1777 2585 1985 2634; x_wconf 90' lang='lat' dir='ltr'>virulenta,</span> <span class='ocrx_word' id='word_1_581' title='bbox 2005 2589 2191 2639; x_wconf 85' lang='lat' dir='ltr'>violenta,</span> <span class='ocrx_word' id='word_1_582' title='bbox 2212 2597 2369 2643; x_wconf 85' lang='lat' dir='ltr'>sangui-</span> 
     </span>
     <span class='ocr_line' id='line_1_99' title="bbox 1335 2643 2369 2703; baseline 0.017 -25"><span class='ocrx_word' id='word_1_583' title='bbox 1335 2643 1508 2680; x_wconf 88' lang='lat' dir='ltr'>nolenta.</span> <span class='ocrx_word' id='word_1_584' title='bbox 1540 2645 1707 2691; x_wconf 77' lang='lat' dir='ltr'>Quaeris,</span> <span class='ocrx_word' id='word_1_585' title='bbox 1728 2656 1808 2694; x_wconf 87' lang='lat' dir='ltr'>quo</span> <span class='ocrx_word' id='word_1_586' title='bbox 1834 2648 1986 2686; x_wconf 77' lang='lat' dir='ltr'>modo?</span> <span class='ocrx_word' id='word_1_587' title='bbox 2012 2652 2183 2691; x_wconf 91' lang='lat' dir='ltr'>Fuerunt</span> <span class='ocrx_word' id='word_1_588' title='bbox 2209 2658 2369 2703; x_wconf 90' lang='lat' dir='ltr'>procul-</span> 
     </span>
     <span class='ocr_line' id='line_1_100' title="bbox 1338 2705 2366 2767; baseline 0.017 -27"><span class='ocrx_word' id='word_1_589' title='bbox 1338 2705 1462 2742; x_wconf 88' lang='lat' dir='ltr'>dubio</span> <span class='ocrx_word' id='word_1_590' title='bbox 1491 2706 1707 2752; x_wconf 86' lang='lat' dir='ltr'>virulenta,</span> <span class='ocrx_word' id='word_1_591' title='bbox 1744 2709 2050 2750; x_wconf 84' lang='lat' dir='ltr'>amaritudinem</span> <span class='ocrx_word' id='word_1_592' title='bbox 2082 2716 2366 2767; x_wconf 71' lang='lat' dir='ltr'>concipiendo,</span> 
     </span>
     <span class='ocr_line' id='line_1_101' title="bbox 1336 2767 2367 2830; baseline 0.017 -28"><span class='ocrx_word' id='word_1_593' title='bbox 1336 2767 1537 2814; x_wconf 87' lang='lat' dir='ltr'>violenta,</span> <span class='ocrx_word' id='word_1_594' title='bbox 1574 2778 1716 2806; x_wconf 90' lang='lat' dir='ltr'>manus</span> <span class='ocrx_word' id='word_1_595' title='bbox 1753 2770 1998 2821; x_wconf 81' lang='lat' dir='ltr'>inJ&#39;iciend03</span> <span class='ocrx_word' id='word_1_596' title='bbox 2038 2777 2367 2830; x_wconf 84' lang='lat' dir='ltr'>sanguinolenta,</span> 
     </span>
     <span class='ocr_line' id='line_1_102' title="bbox 1337 2828 2366 2882; baseline 0.017 -18"><span class='ocrx_word' id='word_1_597' title='bbox 1337 2828 1570 2875; x_wconf 87' lang='lat' dir='ltr'>sanguinem</span> <span class='ocrx_word' id='word_1_598' title='bbox 1601 2830 1784 2869; x_wconf 85' lang='lat' dir='ltr'>sitiendo.</span> <span class='ocrx_word' id='word_1_599' title='bbox 1817 2834 1869 2870; x_wconf 91' lang='lat' dir='ltr'>De</span> <span class='ocrx_word' id='word_1_600' title='bbox 1906 2835 2037 2882; x_wconf 89' lang='lat' dir='ltr'>primo</span> <span class='ocrx_word' id='word_1_601' title='bbox 2072 2838 2127 2874; x_wconf 88' lang='lat'>¹⁰:</span> <span class='ocrx_word' id='word_1_602' title='bbox 2157 2853 2175 2875; x_wconf 94' lang='lat'>«</span> <span class='ocrx_word' id='word_1_603' title='bbox 2194 2842 2366 2881; x_wconf 90' lang='lat' dir='ltr'>Conver-</span> 
     </span>
     <span class='ocr_line' id='line_1_103' title="bbox 1335 2890 2367 2946; baseline 0.017 -20"><span class='ocrx_word' id='word_1_604' title='bbox 1335 2890 1432 2927; x_wconf 85' lang='lat' dir='ltr'>tistis</span> <span class='ocrx_word' id='word_1_605' title='bbox 1456 2890 1497 2927; x_wconf 92' lang='lat' dir='ltr'>in</span> <span class='ocrx_word' id='word_1_606' title='bbox 1534 2891 1839 2931; x_wconf 87' lang='lat' dir='ltr'>amaritudinem</span> <span class='ocrx_word' id='word_1_607' title='bbox 1869 2896 2090 2946; x_wconf 81' lang='lat' dir='ltr'>judicium,</span> <span class='ocrx_word' id='word_1_608' title='bbox 2129 2904 2166 2940; x_wconf 89' lang='lat' dir='ltr'>et</span> <span class='ocrx_word' id='word_1_609' title='bbox 2199 2903 2367 2943; x_wconf 86' lang='lat' dir='ltr'>fructum</span> 
     </span>
     <span class='ocr_line' id='line_1_104' title="bbox 1332 2952 2367 3006; baseline 0.016 -18"><span class='ocrx_word' id='word_1_610' title='bbox 1332 2952 1488 2999; x_wconf 84' lang='lat' dir='ltr'>justitiae</span> <span class='ocrx_word' id='word_1_611' title='bbox 1522 2953 1563 2990; x_wconf 92' lang='lat' dir='ltr'>in</span> <span class='ocrx_word' id='word_1_612' title='bbox 1603 2953 1857 2994; x_wconf 89' lang='lat' dir='ltr'>absinthium.</span> <span class='ocrx_word' id='word_1_613' title='bbox 1890 2971 1908 2994; x_wconf 83' lang='lat'>»</span> <span class='ocrx_word' id='word_1_614' title='bbox 1943 2960 2060 2999; x_wconf 90' lang='lat' dir='ltr'>Plane</span> <span class='ocrx_word' id='word_1_615' title='bbox 2094 2969 2367 3006; x_wconf 87' lang='lat' dir='ltr'>converterunt</span> 
     </span>
     <span class='ocr_line' id='line_1_105' title="bbox 1337 3014 2369 3074; baseline 0.016 -24"><span class='ocrx_word' id='word_1_616' title='bbox 1337 3014 1459 3051; x_wconf 81' lang='lat' dir='ltr'>Judaei</span> <span class='ocrx_word' id='word_1_617' title='bbox 1495 3014 1537 3051; x_wconf 92' lang='lat' dir='ltr'>in</span> <span class='ocrx_word' id='word_1_618' title='bbox 1574 3016 1878 3056; x_wconf 86' lang='lat' dir='ltr'>amaritudinem</span> <span class='ocrx_word' id='word_1_619' title='bbox 1919 3021 2114 3067; x_wconf 89' lang='lat' dir='ltr'>judicium</span> <span class='ocrx_word' id='word_1_620' title='bbox 2156 3037 2228 3074; x_wconf 90' lang='lat' dir='ltr'>per</span> <span class='ocrx_word' id='word_1_621' title='bbox 2262 3039 2369 3067; x_wconf 88' lang='lat' dir='ltr'>ama-</span> 
     </span>
     <span class='ocr_line' id='line_1_106' title="bbox 1335 3075 2368 3136; baseline 0.015 -24"><span class='ocrx_word' id='word_1_622' title='bbox 1335 3075 1548 3114; x_wconf 88' lang='lat' dir='ltr'>ritudinem</span> <span class='ocrx_word' id='word_1_623' title='bbox 1585 3076 1814 3126; x_wconf 85' lang='lat' dir='ltr'>affectionis,</span> <span class='ocrx_word' id='word_1_624' title='bbox 1855 3083 1892 3118; x_wconf 92' lang='lat' dir='ltr'>et</span> <span class='ocrx_word' id='word_1_625' title='bbox 1926 3083 2069 3122; x_wconf 89' lang='lat' dir='ltr'>Pilatus</span> <span class='ocrx_word' id='word_1_626' title='bbox 2103 3086 2272 3126; x_wconf 86' lang='lat' dir='ltr'>fructum</span> <span class='ocrx_word' id='word_1_627' title='bbox 2287 3089 2368 3136; x_wconf 88' lang='lat' dir='ltr'>jus-</span> 
     </span>
     <span class='ocr_line' id='line_1_107' title="bbox 1336 3136 2370 3189; baseline 0.015 -16"><span class='ocrx_word' id='word_1_628' title='bbox 1336 3136 1426 3174; x_wconf 85' lang='lat' dir='ltr'>titiae</span> <span class='ocrx_word' id='word_1_629' title='bbox 1459 3137 1500 3174; x_wconf 93' lang='lat' dir='ltr'>in</span> <span class='ocrx_word' id='word_1_630' title='bbox 1534 3137 1776 3176; x_wconf 86' lang='lat' dir='ltr'>absinthium</span> <span class='ocrx_word' id='word_1_631' title='bbox 1801 3151 1872 3188; x_wconf 87' lang='lat' dir='ltr'>per</span> <span class='ocrx_word' id='word_1_632' title='bbox 1905 3146 2208 3185; x_wconf 87' lang='lat' dir='ltr'>amaritudinem</span> <span class='ocrx_word' id='word_1_633' title='bbox 2241 3160 2370 3189; x_wconf 86' lang='lat' dir='ltr'>assen-</span> 
     </span>
    </p>
   </div>
   <div class='ocr_carea' id='block_1_18' title="bbox 1337 3198 2368 3313">
    <p class='ocr_par' dir='ltr' id='par_1_20' title="bbox 1337 3198 2368 3313">
     <span class='ocr_line' id='line_1_108' title="bbox 1337 3198 2368 3252; baseline 0.016 -18"><span class='ocrx_word' id='word_1_634' title='bbox 1337 3198 1457 3236; x_wconf 85' lang='lat' dir='ltr'>sionis</span> <span class='ocrx_word' id='word_1_635' title='bbox 1486 3211 1494 3235; x_wconf 86' lang='lat'>:</span> <span class='ocrx_word' id='word_1_636' title='bbox 1535 3210 1624 3237; x_wconf 89' lang='grc'><strong>6006</strong></span> <span class='ocrx_word' id='word_1_637' title='bbox 1651 3200 1803 3247; x_wconf 88' lang='lat' dir='ltr'>judicia</span> <span class='ocrx_word' id='word_1_638' title='bbox 1835 3204 2029 3244; x_wconf 87' lang='lat' dir='ltr'>virulenta</span> <span class='ocrx_word' id='word_1_639' title='bbox 2065 3210 2368 3252; x_wconf 88' lang='lat' dir='ltr'>amaritudinem</span> 
     </span>
     <span class='ocr_line' id='line_1_109' title="bbox 1337 3260 2364 3313; baseline 0.017 -17"><span class='ocrx_word' id='word_1_640' title='bbox 1337 3260 1614 3308; x_wconf 90' lang='lat' dir='ltr'>concipiendo.</span> <span class='ocrx_word' id='word_1_641' title='bbox 1643 3263 1694 3298; x_wconf 93' lang='lat' dir='ltr'>De</span> <span class='ocrx_word' id='word_1_642' title='bbox 1721 3264 1894 3302; x_wconf 88' lang='lat' dir='ltr'>secundo</span> <span class='ocrx_word' id='word_1_643' title='bbox 1917 3266 1968 3302; x_wconf 84' lang='lat'>¹²:</span> <span class='ocrx_word' id='word_1_644' title='bbox 2001 3280 2018 3302; x_wconf 84' lang='lat'>«</span> <span class='ocrx_word' id='word_1_645' title='bbox 2049 3269 2086 3306; x_wconf 90' lang='lat' dir='ltr'>Si</span> <span class='ocrx_word' id='word_1_646' title='bbox 2106 3270 2251 3310; x_wconf 88' lang='lat' dir='ltr'>videris</span> <span class='ocrx_word' id='word_1_647' title='bbox 2281 3275 2364 3313; x_wconf 91' lang='lat' dir='ltr'>vio-</span> 
     </span>
    </p>
   </div>
   <div class='ocr_carea' id='block_1_19' title="bbox 1335 3342 2365 3431">
    <p class='ocr_par' dir='ltr' id='par_1_21' title="bbox 1335 3342 2365 3431">
     <span class='ocr_line' id='line_1_110' title="bbox 1335 3342 2365 3395; baseline 0.014 -20"><span class='ocrx_word' id='word_1_648' title='bbox 1335 3350 1434 3383; x_wconf 77' lang='lat' dir='ltr'>xL11t,</span> <span class='ocrx_word' id='word_1_649' title='bbox 1451 3344 1547 3374; x_wconf 75' lang='lat'>21.—</span> <span class='ocrx_word' id='word_1_650' title='bbox 1559 3342 1573 3364; x_wconf 79' lang='lat'>⁸</span> <span class='ocrx_word' id='word_1_651' title='bbox 1587 3343 1664 3383; x_wconf 65' lang='lat'><em>1³11„</em></span> <span class='ocrx_word' id='word_1_652' title='bbox 1684 3352 1738 3384; x_wconf 83' lang='lat' dir='ltr'>Lx,</span> <span class='ocrx_word' id='word_1_653' title='bbox 1753 3346 1827 3377; x_wconf 88' lang='lat' dir='ltr'>G.—</span> <span class='ocrx_word' id='word_1_654' title='bbox 1843 3348 1975 3389; x_wconf 50' lang='lat' dir='ltr'>Elpco„</span> <span class='ocrx_word' id='word_1_655' title='bbox 1996 3358 2069 3390; x_wconf 73' lang='lat' dir='ltr'>xlx,</span> <span class='ocrx_word' id='word_1_656' title='bbox 2081 3354 2155 3385; x_wconf 82' lang='grc'>5.-</span> <span class='ocrx_word' id='word_1_657' title='bbox 2168 3354 2194 3377; x_wconf 76' lang='lat'>²⁰</span> <span class='ocrx_word' id='word_1_658' title='bbox 2218 3355 2324 3395; x_wconf 53' lang='lat' dir='ltr'>Amos,</span> <span class='ocrx_word' id='word_1_659' title='bbox 2337 3366 2365 3391; x_wconf 79' lang='lat' dir='ltr'>v,</span> 
     </span>
     <span class='ocr_line' id='line_1_111' title="bbox 1336 3389 2365 3431; baseline 0.005 -9"><span class='ocrx_word' id='word_1_660' title='bbox 1336 3393 1368 3422; x_wconf 82' lang='lat'>7.</span> <span class='ocrx_word' id='word_1_661' title='bbox 1385 3407 1425 3415; x_wconf 89' lang='lat'><em>-</em></span> <span class='ocrx_word' id='word_1_662' title='bbox 1448 3391 1470 3411; x_wconf 74' lang='lat'>¹¹</span> <span class='ocrx_word' id='word_1_663' title='bbox 1495 3389 1616 3428; x_wconf 63' lang='lat' dir='ltr'>Eccle„</span> <span class='ocrx_word' id='word_1_664' title='bbox 1640 3398 1672 3431; x_wconf 86' lang='lat' dir='ltr'>v,</span> <span class='ocrx_word' id='word_1_665' title='bbox 1698 3394 1727 3423; x_wconf 79' lang='lat'>7.</span> <span class='ocrx_word' id='word_1_666' title='bbox 2357 3393 2365 3401; x_wconf 87' lang='lat'><strong><em>‘</em></strong></span> 
     </span>
    </p>
   </div>
   <div class='ocr_carea' id='block_1_20' title="bbox 2137 3465 2187 3503">
    <p class='ocr_par' dir='ltr' id='par_1_22' title="bbox 2137 3465 2187 3503">
     <span class='ocr_line' id='line_1_112' title="bbox 2137 3465 2187 3503; baseline 0.02 -1"><span class='ocrx_word' id='word_1_667' title='bbox 2137 3465 2187 3503; x_wconf 81' lang='lat'>34</span> 
     </span>
    </p>
   </div>
   <div class='ocr_carea' id='block_1_21' title="bbox 2384 1333 2517 1440">
    <p class='ocr_par' dir='ltr' id='par_1_23' title="bbox 2384 1333 2517 1440">
     <span class='ocr_line' id='line_1_113' title="bbox 2415 1333 2495 1358; baseline 0 0"><span class='ocrx_word' id='word_1_668' title='bbox 2415 1333 2495 1358; x_wconf 79' lang='lat' dir='ltr'>Deus</span> 
     </span>
     <span class='ocr_line' id='line_1_114' title="bbox 2396 1373 2512 1407; baseline 0.017 -10"><span class='ocrx_word' id='word_1_669' title='bbox 2396 1373 2512 1407; x_wconf 78' lang='lat' dir='ltr'>quando</span> 
     </span>
     <span class='ocr_line' id='line_1_115' title="bbox 2384 1414 2517 1440; baseline -0.008 0"><span class='ocrx_word' id='word_1_670' title='bbox 2384 1414 2517 1440; x_wconf 77' lang='lat' dir='ltr'>laudetur</span> 
     </span>
    </p>
   </div>
  </div>
 </body>
</html>
