2633 3878
17 1307 139 1333 Fabula-

14 1349 126 1374 tionum

0 1389 137 1416 conditio-

0 1437 61 1456 nes,

1007 212 1248 254 PSALMUS
1281 214 1454 256 CXVIII.

539 336 759 366 VERSICULUS
777 337 813 362 V.

160 496 384 534 Praecedens
401 492 670 543 quaternarius
690 490 873 534 erudivit,
889 490 998 538 quod
1018 491 1194 538 pronitas

158 560 334 596 humana
353 568 472 594 causa
489 556 536 592 sit
556 553 748 592 defectiva
760 566 769 599 ;
790 562 962 600 praesens
982 555 1193 600 quaterna-

158 621 239 658 rius
259 619 400 665 erudit,
424 618 630 666 quodipsa
641 625 897 663 nequaquam
910 614 958 651 sit
969 614 1194 652 defectuum

158 683 342 721 refectiva
362 694 370 718 :
392 681 461 718 ubi
478 690 650 727 namque
669 677 846 726 pronitas
875 679 1055 725 respectu
1083 677 1193 723 mali,

158 743 432 782 ibidifficultas
452 744 631 789 respectu
650 739 760 777 boni.
777 739 1044 784 Quamobrem
1061 738 1194 776 anima

159 808 311 854 quanto
332 805 548 854 proclivior
576 803 627 840 ad
647 802 812 847 malum,
852 804 960 838 tanto
995 801 1194 838 difficilior

159 870 216 904 cst
234 868 286 904 ad
307 868 460 904 bonum
472 879 483 913 ;
505 868 542 903 et
561 866 659 902 sicut
678 864 852 901 habebat
888 865 1063 909 pronitas
1092 874 1190 911 qua-

157 931 246 966 tuor
265 929 530 973 incitamenta,
558 927 722 964 totidem
754 925 934 962 versibus
969 925 1193 972 praeceden-

158 990 261 1028 tibus
279 992 510 1038 praenotata,
530 989 583 1025 sic
619 988 739 1025 habet
775 987 986 1024 difficultas
1024 989 1194 1034 quatuor

156 1051 412 1097 irritamenta,
448 1051 612 1088 totidem
646 1050 825 1087 versibus
862 1049 1194 1097 subsequentibus

158 1114 382 1159 subnotata,
410 1113 594 1149 videlicet
630 1111 891 1149 fabulationes
921 1111 1114 1158 jndaieas,
1134 1122 1194 1149 ca-

157 1175 378 1212 villationes
397 1174 609 1219 haereticas,
627 1173 910 1210 stimulationes
943 1173 1191 1220 extrinsecas,

159 1239 197 1274 et
215 1236 458 1274 titillationes
477 1236 721 1272 intrinsecas.
742 1235 892 1271 Primus
913 1245 1047 1271 versus
1063 1235 1115 1272 ad
1136 1235 1193 1272 fa-

158 1298 381 1336 bulationes
394 1298 561 1346 pertinet
572 1311 582 1343 ;
606 1297 712 1334 unde
727 1297 1082 1345 quatuoripsarum
1103 1308 1195 1334 con-

159 1360 327 1398 ditiones
341 1360 528 1405 continet,
554 1359 701 1395 scilicet
730 1358 1073 1406 compositionem,
1105 1369 1194 1406 pro-

158 1422 406 1470 positionem,
447 1421 776 1470 suppositionem,
811 1423 847 1457 et
867 1420 1190 1468 oppositionem:

156 1484 343 1532 iniquitas
361 1485 432 1521 has
453 1483 674 1531 componit,·
700 1483 847 1519 falsitas
886 1482 1092 1530 proponit3
1125 1492 1193 1519 va-

156 1547 256 1584 nitas
276 1546 465 1595 supponit
471 1559 483 1592 3
504 1546 574 1582 sed
594 1545 737 1582 veritas
763 1556 803 1581 se
823 1544 1002 1592 opponit.

487 1651 680 1686 Articulus
701 1651 858 1696 primus.

202 1734 444 1784 Compositio
465 1733 673 1772 denotatur
698 1733 753 1770 ibi
791 1745 799 1769 :
827 1735 955 1780 Iniqui
964 1745 975 1779 3
1010 1732 1104 1780 quia
1134 1742 1194 1770 re-

154 1811 247 1838 vera
265 1809 348 1837 non
367 1798 617 1836 mediocriter
647 1796 772 1844 iniqui
792 1799 895 1841 sunt,
927 1796 996 1842 qui
1016 1797 1095 1832 tam
1120 1795 1194 1832 ini-

156 1871 255 1909 quas
270 1859 534 1897 fabulationes
556 1859 815 1906 componunt,
838 1857 984 1905 quibus
1011 1856 1193 1894 fidelium

157 1922 382 1960 affectiones
397 1921 605 1967 delectare,
634 1923 670 1957 et
699 1919 934 1956 delectando
973 1919 1192 1967 depravare

155 1985 384 2033 disponunt.
402 1986 444 2021 Et
463 1985 571 2028 nota,
592 1981 703 2030 quod
731 1981 1016 2028 compositores
1053 1981 1190 2028 hujus-

153 2047 264 2084 modi
284 2048 373 2083 sunt
404 2045 530 2092 iniqui
559 2043 762 2091 iniquitate
797 2042 939 2090 triplici
962 2055 971 2080 :
994 2046 1077 2080 tum
1099 2043 1193 2091 quia

152 2109 361 2147 falsitatem
398 2106 647 2152 fabricando,
670 2108 706 2142 et
729 2105 934 2142 veritatem
967 2105 1191 2153 perdendo,

152 2170 419 2219 perditionem
438 2171 686 2214 mercantur3
707 2170 792 2204 tum
824 2167 919 2215 quia
950 2166 1099 2204 Christo
1120 2166 1191 2204 ad-

151 2235 380 2279 versantur;
401 2234 484 2269 tum
517 2231 612 2279 quia
645 2233 783 2267 contra
812 2229 1049 2277 sanguinem
1074 2239 1190 2266 suum

153 2295 410 2332 christianum
447 2293 697 2331 insidiantur.
750 2291 878 2330 Prima
914 2291 1100 2339 iniquitas
1135 2294 1191 2329 est

151 2360 286 2394 contra
319 2357 446 2404 ipsos3
485 2356 674 2401 secunda,
715 2357 851 2391 contra
888 2355 1033 2399 Deum3
1055 2353 1189 2399 tertia,

151 2421 288 2456 contra
306 2418 526 2466 proximos.
549 2419 600 2454 De
619 2417 749 2465 primo
771 2417 781 2437 ¹
805 2428 814 2453 :
839 2428 857 2450 «
877 2414 1078 2462 Numquid
1106 2425 1188 2452 non

150 2480 320 2528 perditio
342 2483 399 2518 est
416 2480 582 2527 iniquo?
602 2493 620 2514 >i
643 2490 732 2516 ecce
765 2478 892 2526 iniqui
918 2476 1101 2524 perditio.
1135 2478 1187 2514 De

151 2542 342 2590 secundo,
359 2542 430 2579 ubi
443 2542 641 2590 Scriptura
655 2541 749 2578 dicit
764 2540 837 2577 sub
853 2538 994 2577 Christi
1005 2531 1135 2586 figura
1147 2540 1159 2560 2
1177 2551 1185 2576 :

154 2616 172 2639 α
192 2604 449 2642 Adversarius
486 2615 610 2650 meuS,
650 2604 763 2651 quasi
800 2603 960 2650 iniquus
1002 2614 1010 2638 :
1039 2615 1056 2636 »
1098 2612 1186 2640 ecce

149 2666 276 2714 iniqui
289 2667 524 2704 adversatio.
541 2668 592 2703 De
613 2666 722 2702 tertio
746 2667 758 2687 ³
783 2677 790 2701 :
824 2678 842 2699 «
861 2666 902 2701 ln
923 2663 1073 2700 insidiis
1107 2664 1187 2701 suis

150 2729 352 2776 capientur
372 2728 498 2776 iniqui
518 2741 526 2765 :
549 2742 566 2763 »
591 2739 678 2765 ecce
699 2727 928 2775 iniquorum
941 2728 1077 2763 contra
1096 2736 1185 2762 san-

147 2791 310 2838 guinem
328 2802 444 2829 suum
462 2790 673 2828 insidiatio.
699 2789 806 2826 Unde
839 2789 980 2825 dicitur
1003 2790 1015 2811 ⁶
1037 2800 1045 2824 :
1072 2801 1089 2822 α
1112 2788 1185 2835 lpsi

149 2856 284 2890 contra
302 2853 541 2901 sanguinem
560 2863 676 2889 suum
696 2851 944 2888 insidiantur.

465 2959 653 2994 Articulus
678 2957 864 2994 secundus.

199 3039 413 3087 propositio
434 3039 644 3076 denotatur
666 3039 722 3075 ibi
752 3051 760 3075 ε
783 3040 1047 3083 Νανναυεηιηε,
1070 3037 1184 3084 quasi

149 3104 253 3141 dicat
277 3115 286 3140 z
309 3105 401 3148 Quae
433 3103 627 3140 malitiose
647 3103 965 3149 composuerant,
987 3099 1182 3136 malitiose

147 3167 440 3214 proposuerunt
461 3177 470 3202 ε
493 3165 540 3202 de
559 3165 665 3202 malo
680 3163 812 3201 cordis
828 3164 1010 3199 thesauro
1032 3161 1183 3199 malum

147 3228 408 3276 protulerunt.
431 3230 473 3264 Et
491 3229 605 3272 nota,
625 3226 734 3274 quod
754 3226 977 3261 narratores
995 3223 1183 3269 hujusce-

147 3290 257 3327 modi
277 3301 359 3328 non
378 3293 636 3327 narraverunt
666 3286 979 3326 misericordiam
1010 3288 1047 3323 et
1080 3286 1183 3323 veri-

148 3353 280 3398 tatem,
300 3352 370 3390 sed
390 3352 591 3390 miseriam
622 3354 659 3389 et
685 3350 912 3395 vanitatem,
946 3350 982 3385 et
1013 3347 1182 3384 incredi-

192 3435 202 3455 ¹
221 3433 293 3473 Job,
313 3442 410 3476 xxxi,
431 3437 463 3467 3.
480 3453 521 3459 —
539 3436 552 3456 ²
571 3435 645 3473 Job,
664 3443 779 3474 xxvii,
801 3436 831 3465 Ἰ.
849 3449 889 3456 -
909 3432 922 3453 ³
940 3430 1050 3471 Prov.,
1075 3437 1124 3471 xi,
1147 3432 1181 3463 6.

153 3498 185 3504 -
210 3481 223 3504 ⁴
243 3484 350 3522 Prov.,
377 3491 406 3522 1,
430 3484 479 3514 18.
501 3500 540 3506 —
562 3483 575 3505 ¹⁵
593 3482 684 3515 Psal.
715 3488 878 3520 mxxvii,
902 3481 949 3511 12.
970 3494 1011 3501 -
1030 3477 1042 3493 ⁰
1062 3476 1180 3517 Ecclz'„

2222 223 2297 261 427

1266 304 1389 341 bilem
1408 304 1628 342 falsitatem.
1652 306 1778 344 Prima
1798 308 1970 345 narratio
1990 319 2108 356 sana3
2127 311 2301 349 secunda

1267 377 1394 413 vana3
1416 367 1527 404 tertia
1556 369 1612 403 est
1642 368 1820 414 profana.
1855 371 1904 405 De
1933 371 2062 417 primo
2093 371 2234 408 dicitur
2252 374 2296 409 ⁵:

1270 441 1287 461 «
1306 429 1506 476 Numquid
1525 429 1701 466 narrabit
1721 430 1863 477 aliquis
1879 431 1919 467 in
1940 433 2148 479 sepulchro
2180 434 2298 472 mise·

1266 490 1480 527 ricordiam
1500 494 1622 536 tuam,
1645 495 1682 528 et
1713 491 1917 528 veritatem
1955 496 2062 530 tuam
2099 495 2139 531 in
2169 497 2299 542 perdi-

1268 552 1400 589 tione?
1421 566 1438 586 »
1464 553 1575 600 quasi
1597 553 1730 590 dicat:
1763 554 1961 602 Numquid
1993 555 2135 603 aliquis
2165 559 2297 604 sepul-

1267 613 1362 650 chro
1378 614 1562 652 dealbato
1582 615 1732 662 similis,
1749 616 1819 652 erit
1836 616 1938 653 testis
1951 616 2120 654 idoneus
2130 619 2294 666 pietatis,

1266 678 1334 713 aut
1351 676 1526 723 perditus
1546 678 1593 725 (a)
1612 678 1810 715 veritatis?
1833 680 1882 715 Dc
1903 679 2078 716 secundo
2098 681 2132 715 6:
2150 681 2297 718 «Labia

1265 738 1576 786 imprudentium
1597 740 1714 777 stulta
1732 740 1997 778 narrabunt:»
2017 752 2107 778 ecce
2121 742 2294 789 miseria,

1267 803 1459 849 quantum
1480 801 1533 838 ad
1552 802 1787 839 narrationis
1816 803 2035 849 originem3
2073 806 2110 840 et
2127 804 2294 850 vanitas,

1266 867 1458 912 quantum
1478 863 1529 900 ad
1562 863 1697 900 finem.
1740 867 1787 900 De
1825 865 1937 902 tertio
1959 867 1972 888 ⁷
1997 878 2005 901 ε
2031 878 2048 900 «
2070 869 2175 913 Opus
2211 867 2292 904 fac-

1266 928 1349 963 tum
1371 925 1479 963 estin
1499 925 1640 962 diebus
1659 926 1821 972 nostris,
1843 928 1952 973 quod
1985 928 2116 964 nullus
2148 929 2293 976 credet,

1267 999 1357 1025 cum
1386 988 1641 1025 narrabitur:
1665 1003 1682 1023 »
1716 999 1804 1025 ecce
1844 989 2016 1027 narratio
2055 990 2298 1028 incredibilis

1265 1050 1453 1087 falsitatis.

1603 1099 1791 1135 Articulus
1812 1101 1953 1135 tertius.

1313 1175 1536 1222 Suppositio
1566 1175 1794 1222 designatur
1830 1176 1885 1212 ibi
1925 1189 1933 1212 :
1970 1178 2231 1214 Fabulutz’ones.
2261 1179 2297 1214 Si

1266 1236 1424 1284 quaeris,
1447 1237 1585 1285 quales
1601 1237 1864 1275 fabulationes
1883 1241 2043 1275 narrant
2064 1239 2125 1276 isti
2145 1239 2298 1277 fabula-

1269 1301 1397 1336 tores‘?
1417 1299 1509 1336 audi
1533 1299 1630 1346 quid
1649 1299 1780 1346 glossa
1800 1300 1904 1337 dicat
1928 1312 1936 1336 ι
1975 1315 1991 1335 (ι
2021 1302 2137 1346 Quasi
2169 1302 2298 1349 cujus-

1267 1361 1361 1398 dam
1379 1361 1523 1399 fabulae
1543 1361 1689 1398 naenias
1706 1366 1878 1399 narrant.
1895 1376 1912 1398 n
1938 1363 1974 1400 Si
1994 1363 2148 1411 quaeris,
2171 1364 2298 1412 qualis

1265 1423 1438 1461 fabulae?
1454 1424 1721 1472 proculdubio
1741 1424 1892 1473 ineptae,
1921 1425 2081 1472 insanae,
2114 1426 2296 1472 indoctae,

1267 1487 1304 1523 et
1323 1486 1413 1523 ideo
1434 1486 1669 1533 devitandae,
1690 1487 1955 1535 increpandae,
1980 1498 2063 1526 non
2090 1489 2297 1526 sectandae.

1269 1550 1317 1585 De
1338 1547 1467 1595 primo
1488 1550 1501 1571 ⁸
1524 1561 1532 1585 2
1560 1562 1578 1583 «
1598 1549 1933 1596 Ineptasetaniles
1943 1550 2099 1587 fabulas
2110 1551 2261 1588 devita:
2276 1565 2294 1586 »

1267 1621 1355 1647 ecce
1375 1610 1553 1647 fabulam
1572 1611 1759 1658 ineptam,
1781 1614 1817 1648 et
1836 1612 1926 1649 ideo
1954 1611 2223 1650 devitandam.
2247 1615 2297 1650 De

1266 1673 1441 1709 secundo
1461 1672 1474 1693 ⁹
1496 1685 1504 1709 :
1531 1686 1548 1706 «
1568 1675 1730 1720 Increpa
1745 1673 1836 1709 illos
1854 1673 1967 1719 dure,
1989 1677 2031 1710 ut
2049 1674 2133 1710 sani
2154 1674 2229 1712 sint
2257 1675 2298 1712 in

1269 1734 1364 1780 fide,
1397 1745 1478 1771 non
1512 1735 1755 1772 intendentes
1782 1735 1952 1782 judaicis
1971 1735 2129 1782 fabulis,
2150 1750 2168 1771 »
2187 1737 2299 1784 quasi

1265 1808 1347 1834 non
1367 1797 1471 1834 sanis
1494 1809 1502 1833 :
1525 1807 1614 1834 ecce
1653 1796 1830 1834 fabulam
1862 1797 2055 1844 insanam,
2077 1801 2114 1835 et
2130 1798 2222 1835 ideo
2242 1799 2300 1835 in-

1266 1860 1519 1908 crepandam.
1541 1863 1592 1897 De
1612 1860 1723 1897 tertio
1744 1859 1771 1882 ¹⁰
1796 1872 1834 1896 :a
1850 1863 1934 1897 Non
1945 1860 2124 1897 indoctas
2143 1860 2300 1898 fabulas

1265 1922 1399 1967 secuti,
1419 1925 1556 1960 notam
1575 1923 1738 1959 fecimus
1753 1922 1870 1959 vobis
1888 1923 2043 1959 Domini
2067 1923 2190 1960 nostri
2209 1925 2299 1962 Jesu

1265 1984 1401 2021 Christi
1415 1985 1597 2021 virtutem
1620 1997 1628 2021 ε
1652 1998 1669 2019 »
1692 1995 1780 2021 ecce
1818 1984 1998 2021 fabulam
2031 1985 2244 2032 indoctam,
2262 1989 2299 2023 et

1263 2047 1355 2083 ideo
1369 2058 1450 2084 non
1476 2047 1703 2084 sectandam
1739 2047 1877 2084 :unde
1915 2047 1983 2095 qui
2020 2047 2296 2095 fabulationes,

1264 2120 1333 2146 seu
1353 2110 1580 2147 fabularum
1595 2110 1840 2147 narrationes
1859 2121 1980 2147 vanas
2016 2112 2206 2158 tanquam
2226 2121 2294 2148 ve-

1262 2181 1325 2209 ras
1344 2172 1544 2220 supponit,
1574 2183 1656 2209 non
1676 2182 1813 2219 veruS‚
1834 2172 1905 2209 sed
1920 2183 2045 2210 vanus
2064 2173 2199 2210 existit.

1589 2278 1781 2314 Articulus
1803 2280 1966 2325 quartus.

1311 2360 1513 2408 Oppositio
1539 2360 1763 2397 declaratur
1777 2360 1834 2397 ibi
1857 2373 1865 2397 :
1888 2361 1958 2397 Sed
1976 2371 2046 2397 non
2065 2365 2105 2398 ut
2122 2363 2180 2399 leoe
2200 2365 2263 2399 tua
2285 2375 2294 2399 :

1261 2432 1350 2459 ecce
1368 2422 1433 2459 lex
1453 2422 1620 2459 veritatis
1651 2422 1834 2469 opposita
1865 2422 2010 2459 fabulis
2039 2422 2229 2460 falsitatis.
2251 2427 2295 2462 Et

1260 2486 1369 2529 nota,
1387 2484 1498 2531 quod
1518 2484 1582 2520 lex
1601 2483 1737 2520 divina
1754 2487 1810 2520 est
1840 2483 1984 2520 fabulis
2017 2484 2187 2530 Judaicis
2223 2496 2294 2532 op-

1259 2546 1386 2594 posita
1414 2545 1610 2593 praecipue
1651 2547 1814 2592 propter
1852 2545 1946 2592 tria‚·
1986 2546 2179 2593 quoniam
2216 2547 2294 2585 illae

1259 2609 1474 2652 variantur,
1512 2607 1760 2653 insidiantur,
1810 2607 1960 2644 malum
2000 2608 2291 2656 machinantur3

1259 2671 1331 2707 ista
1350 2681 1556 2718 nunquam
1580 2670 1766 2717 variatur,
1795 2681 1887 2707 cum
1919 2670 2006 2718 ipsa
2045 2671 2092 2707 sit
2129 2672 2290 2719 veritas;

1259 2744 1466 2780 nunquam
1507 2732 1734 2779 insidiatur,
1785 2743 1875 2769 cum
1907 2733 1991 2780 ipsa
2028 2733 2075 2770 sit
2110 2734 2289 2779 claritas3

1257 2806 1464 2844 nunquam
1495 2795 1647 2832 malum
1679 2795 1951 2841 machinatur,
1991 2807 2081 2833 cum
2118 2797 2203 2844 ipsa
2246 2798 2295 2834 sit

1257 2858 1427 2895 bonitas.
1453 2859 1504 2894 De
1535 2857 1664 2905 primo
1696 2867 1766 2905 per
1805 2857 2039 2905 prophetam
2073 2859 2205 2906 psallit
2228 2859 2253 2884 ¹¹
2281 2873 2289 2896 :

1262 2933 1279 2953 «
1299 2920 1448 2957 Justitia
1462 2923 1542 2966 tua,
1560 2919 1708 2965 justitia
1736 2919 1777 2956 in
1809 2922 2011 2967 aeternum,
2052 2923 2090 2957 et
2126 2921 2188 2957 lex
2224 2924 2291 2958 tua

1256 2983 1397 3020 veritas
1417 2995 1427 3018 .·
1450 2996 1466 3017 »
1489 2992 1578 3019 ecce
1598 2982 1663 3018 lex
1687 2985 1753 3019 tua
1780 2983 1824 3029 (b)
1855 2982 2009 3020 veritas.
2033 2985 2083 3020 De
2114 2983 2288 3020 secundo

1257 3055 1329 3091 per
1339 3044 1592 3082 Salomonem
1611 3044 1792 3081 scribitur
1802 3046 1828 3066 ¹²
1845 3056 1853 3081 :
1864 3044 2116 3082 «Mandatum
2128 3045 2288 3082 lucerna

1259 3110 1329 3152 est,
1347 3108 1385 3143 et
1402 3106 1465 3143 lex
1495 3106 1563 3143 lux
1586 3119 1594 3143 :
1615 3120 1633 3141 n
1658 3118 1745 3144 ecce
1779 3107 1843 3151 lex
1883 3107 2049 3144 claritas
2091 3110 2141 3144 De
2176 3107 2287 3144 tertio

1254 3180 1326 3217 per
1353 3169 1598 3206 psalmistam
1634 3170 1787 3207 canitur
1808 3170 1835 3193 ¹³
1858 3182 1866 3207 ε
1892 3183 1910 3205 «
1932 3173 2083 3208 Bonum
2102 3169 2198 3207 mihi
2224 3169 2288 3206 lex

1255 3231 1334 3267 oris
1355 3231 1408 3268 tui
1427 3243 1435 3268 :
1451 3244 1469 3265 »
1493 3241 1582 3268 ecce
1602 3231 1666 3268 lex
1687 3232 1855 3269 bonitas.

1254 3331 1328 3364 xxi,
1349 3325 1400 3356 28.
1416 3341 1457 3347 —
1474 3325 1484 3342 ⁷
1506 3323 1641 3363 Habac.‚
1660 3333 1701 3365 11,
1722 3326 1752 3356 5.
1773 3343 1806 3347 —
1826 3324 1840 3346 ⁸
1859 3325 1865 3355 Ι
1895 3325 1987 3362 Tim„
2013 3325 2101 3364 w‚7.
2120 3341 2160 3346 —
2178 3323 2191 3344 ⁹
2210 3323 2285 3359 Til„

1258 3380 1287 3412 ι,
1311 3374 1420 3404 14.—
1449 3373 1473 3395 ¹·
1500 3373 1523 3403 ιι
1553 3373 1659 3411 Petu,
1688 3374 1860 3412 1‚10.—
1890 3371 2287 3411 ¹¹1³sal.hoc,142.-

1258 3420 1282 3441 ¹2
1304 3419 1415 3460 Prov.,
1435 3426 1482 3458 v1,
1502 3420 1553 3451 23.
1578 3436 1612 3440 -
1641 3419 1663 3436 '³
1686 3418 1776 3450 Psal.
1796 3418 1873 3456 hoc,
1893 3420 1945 3449 72.

1299 3479 1342 3520 (ιι)
1367 3479 1441 3520 Leq.
1464 3479 1605 3521 peritus.
1629 3497 1663 3502 —
1683 3478 1726 3521 (b)
1749 3478 1820 3510 Del.
1844 3481 1912 3511 tua.
