2633 3878
1097 241 1338 284 PSALMUS
1364 242 1536 284 cxviii.

247 338 429 386 peccator
442 336 598 383 sagittas
616 335 825 372 fabricans.
848 336 899 370 De
918 333 1029 370 tertio
1048 334 1226 369 cantatur
1239 331 1255 368 ,¹
1271 344 1279 368 :

251 413 269 435 «
293 403 388 437 Ecce
417 401 643 447 peccatores
678 396 932 434 intenderunt
969 405 1128 440 arcum,
1167 404 1282 441 para-

246 464 388 499 verunt
422 461 579 508 sagittas
616 470 725 504 suas,
765 471 782 492 »
822 459 894 494 etc.
923 470 933 493 :
975 467 1063 493 ecce
1100 458 1283 504 peccator

247 524 443 571 sagittans.

578 569 761 605 Articulus
788 570 951 614 quartus.

297 651 492 694 Quantum
519 647 571 685 ad
596 649 804 695 quartum,
839 644 1148 693 superadditur:
1176 646 1284 679 Dere-

249 712 492 759 linquentibus
523 712 630 756 qucm
658 714 756 745 ticam
773 720 786 745 .·
815 719 909 744 nam
935 707 1003 755 qui
1024 707 1154 753 legem
1176 706 1286 742 dere-

248 773 408 821 linquit,
435 773 567 819 ignem
594 770 850 817 derelinquit,
875 772 910 806 et
941 769 1033 805 ideo
1060 768 1284 815 refrigescit.

249 836 356 872 Unde
386 835 574 882 scriptum
596 836 652 870 est
669 831 683 852 ²
713 845 720 868 :
749 845 766 866 «
799 835 841 869 ln
869 831 1032 867 dextera
1057 831 1141 877 ejus
1169 830 1288 877 ignea

247 898 323 934 lex.
344 911 362 931 »
386 900 428 934 Et
447 899 554 942 nota,
571 896 681 944 quod
698 896 762 932 lex
782 905 864 931 non
881 897 938 930 est
958 892 1285 941 derelinquenda,

247 960 329 995 sive
357 958 608 1004 dimittenda,
637 957 857 1005 specialiter
883 959 1044 1004 propter
1064 955 1159 991 tria:
1194 955 1289 1002 quia

248 1021 316 1058 lux
355 1021 558 1068 speciosa;
594 1020 688 1068 quia
727 1019 888 1056 donatio
922 1018 1153 1060 fructuosa5
1194 1017 1289 1065 quia

249 1094 397 1122 corona
424 1083 595 1129 gratiosa
623 1095 630 1118 :
658 1093 829 1129 quorum
857 1081 1034 1129 primum
1061 1083 1208 1128 spectat
1237 1080 1289 1116 ad

248 1146 539 1195 speculativos3
567 1145 812 1189 secundum,
834 1145 886 1181 ad
916 1144 1082 1189 activos3
1110 1143 1289 1188 tertium,

249 1209 301 1245 ad
323 1208 518 1256 preelatos.
541 1210 592 1244 De
611 1207 741 1255 primo
764 1208 777 1229 3
799 1219 808 1243 ε
834 1220 852 1241 (ι
881 1209 933 1243 Ne
967 1205 1140 1242 dimittas
1160 1205 1290 1252 legem

249 1271 383 1308 matris
401 1273 500 1316 tuae,
525 1284 543 1305 »
578 1272 673 1315 etc.,
701 1269 795 1317 quia
829 1282 848 1303 «
876 1268 1109 1305 mandatum
1127 1268 1291 1304 lucerna

250 1336 318 1379 est,
347 1336 384 1370 et
402 1333 467 1369 lex
494 1333 576 1370 lux.
605 1346 622 1366 »
648 1332 713 1368 Hic
732 1332 966 1379 prohibetur
992 1330 1169 1367 dimissio
1191 1330 1290 1376 legis

250 1395 401 1432 ratione
423 1394 536 1431 lucis.
568 1397 618 1430 De
645 1393 820 1430 secundo
840 1391 852 1413 ἢ
875 1405 883 1429 :
917 1407 935 1428 «
963 1395 1116 1429 Donum
1137 1393 1291 1429 bonum

250 1459 423 1496 tribuam
439 1458 575 1502 vobis;
593 1458 724 1504 legem
739 1468 870 1494 meam
883 1467 932 1493 ne
951 1455 1251 1503 derelinquatis.
1267 1468 1285 1490 »

251 1522 317 1558 Hic
347 1522 581 1569 prohibetur
608 1521 807 1557 derelictio
836 1520 958 1566 legis,
981 1519 1133 1555 ratione
1161 1518 1292 1555 dona-

251 1584 381 1620 tionis.
403 1585 454 1620 De
477 1583 589 1619 tertio
611 1584 623 1604 ⁵
647 1595 654 1619 ε
683 1596 701 1616 «
727 1586 779 1619 Ne
805 1582 977 1618 dimittas
1004 1581 1135 1626 legem
1156 1580 1291 1617 matris

251 1648 349 1691 tuae,
369 1648 412 1681 ut
443 1645 612 1681 addatur
644 1644 769 1691 gratia
795 1644 912 1691 capiti
943 1646 1025 1680 tuo.
1058 1656 1076 1677 »
1113 1643 1179 1679 Hic
1198 1653 1291 1689 pro-

250 1708 407 1744 hibetur
428 1707 607 1744 dimissio
629 1707 727 1754 tegis
746 1706 898 1743 ratione
924 1716 1095 1751 coronae,
1115 1705 1181 1741 vel
1200 1715 1291 1752 gra-

252 1770 315 1807 tiae
335 1769 526 1817 capitalis.

686 1822 860 1864 Epilogus.

301 1900 361 1938 Ait
390 1911 483 1947 ergo
515 1900 708 1947 Propheta
739 1900 780 1936 in
808 1910 988 1947 personae
1019 1899 1293 1947 compatIentis

253 1963 381 2010 figura
411 1974 420 1998 :
442 1964 624 2007 Defectio,
655 1965 847 2010 quantum
881 1961 933 1998 ad
959 1961 1142 1998 dolorem
1163 1962 1291 2009 lique-

252 2026 460 2062 facientem
472 2038 482 2071 3
517 2027 644 2061 Tenuit
680 2035 753 2070 me,
792 2026 986 2072 quantum
1023 2024 1074 2060 ad
1113 2024 1292 2061 animum

253 2088 555 2136 liquescentem3
576 2089 645 2124 Pro
670 2089 914 2134 peccatoribus
925 2115 938 2133 ,
961 2087 1003 2123 id
1033 2090 1112 2132 est,
1142 2087 1293 2135 peccati
1315 2104 1318 2107 ⁴

254 2151 497 2196 auctoribuS,
531 2152 725 2198 quantum
761 2150 812 2186 ad
842 2160 1017 2186 errorem
1049 2149 1294 2196 frigefacien-

252 2216 354 2259 tem;
374 2213 712 2258 Der-elinquentibus
742 2212 850 2257 legem
877 2216 998 2256 tuam,
1029 2214 1220 2259 quantum
1241 2212 1293 2249 ad

252 2275 481 2324 proximum
499 2274 785 2321 frigescentem.

621 2423 842 2450 VERSICULUS
869 2424 920 2449 vl.

302 2532 359 2565 54.
379 2528 582 2564 Ccmtabz'les
602 2527 692 2562 mihi
707 2529 824 2571 erant,
842 2526 1057 2562 etc.Versus
1070 2524 1294 2572 praeambu-

254 2591 316 2627 lus
335 2590 565 2627 versabatur
587 2589 690 2625 circa
708 2588 888 2624 fraternae
906 2587 1031 2634 culpae
1052 2586 1293 2634 deploratio-

254 2664 345 2690 nem
354 2665 364 2699 ;
387 2663 522 2688 versus
546 2651 616 2687 iste
636 2652 814 2687 versatur
832 2649 935 2686 circa
957 2649 1081 2685 venire
1102 2648 1293 2696 implora-

255 2717 415 2752 tionem.
438 2717 480 2750 Et
499 2714 594 2761 quia
620 2713 724 2749 dicta
751 2712 868 2748 venia
900 2711 1127 2747 solemniter
1146 2710 1292 2757 implo-

252 2780 361 2814 ratur
379 2787 464 2824 -per
493 2776 673 2813 divinum
693 2774 893 2821 osticium,
915 2773 1025 2821 quod
1056 2774 1097 2809 in
1129 2773 1295 2810 ecclesia

255 2840 511 2884 decantatur3
539 2840 750 2886 propterea
780 2847 916 2873 versus
942 2836 1014 2872 iste
1043 2835 1294 2884 quadrifidus

257 2905 428 2950 quatuor
445 2902 633 2937 connotat
652 2898 960 2935 circumstantias
981 2899 1013 2944 ej
1023 2910 1078 2944 uS,
1101 2909 1189 2945 quae
1205 2901 1295 2934 sunt

254 2963 419 3008 modus,
440 2964 590 3007 motus,
610 2961 744 3007 locus,
774 2964 928 3008 tempus
948 2972 956 2996 :
989 2960 1134 2996 modus
1163 2962 1294 2996 autem

256 3025 419 3073 requirit
437 3023 772 3070 modulationem3
794 3027 924 3059 motus
938 3050 948 3066 ,
972 3021 1291 3069 opitulationem3

257 3087 383 3132 locus,
422 3087 743 3132 venerationem3
785 3088 940 3132 tempus
955 3111 967 3129 ,
1007 3083 1292 3131 perseveratio-

257 3161 362 3187 nem.

590 3196 783 3232 Articulus
802 3197 958 3241 primus.

306 3275 478 3311 Primum
497 3273 730 3321 praenotavit
748 3272 956 3319 Propheta,
977 3281 1068 3307 cum
1087 3270 1140 3307 ait
1162 3283 1169 3306 :
1204 3271 1293 3307 Can-

259 3338 388 3374 tabiles
415 3337 506 3372 mihi
529 3339 632 3372 erant
649 3335 928 3381 justificationes
956 3336 1047 3375 tme3
1075 3343 1120 3369 ac
1139 3332 1170 3368 si
1192 3333 1294 3369 dice-

258 3402 364 3436 retur
383 3402 516 3446 aperte
535 3410 544 3434 :
562 3400 579 3434 J
585 3397 861 3434 ustificationes
881 3396 1073 3441 fraternae,
1094 3405 1181 3443 quce
1200 3406 1293 3443 pos-

303 3484 310 3500 ¹
332 3482 426 3515 Psal.
444 3490 478 3522 x,
497 3484 527 3514 3.
549 3499 589 3505 —-
606 3482 616 3500 ²
631 3482 745 3520 Dent„
765 3488 876 3520 xxxii,
898 3481 928 3511 2.
946 3495 986 3502 —
1006 3479 1017 3496 ³
1037 3479 1148 3518 Prov„
1170 3486 1215 3519 vi,
1240 3480 1292 3520 20,

260 3532 312 3562 23.
333 3547 373 3553 -
392 3530 406 3552 δ
425 3531 540 3571 prov„
563 3538 609 3570 iv,
632 3531 663 3562 2.
685 3547 724 3553 -
744 3530 755 3548 ⁵
776 3529 886 3568 Prov„
908 3535 936 3569 1,
957 3528 986 3560 ὃ.
1009 3544 1048 3550 -
1071 3528 1082 3544 ⁸
1102 3526 1192 3560 Psal.
1214 3527 1292 3568 hoe,

2312 247 2388 286 389

1356 333 1530 369 tulantur
1547 343 1570 369 a
1593 335 1628 368 te
1647 332 1899 378 justificatore
1925 344 2106 380 superne,
2129 337 2238 370 erant
2258 338 2390 372 canta-

1357 394 1472 439 biles,
1486 393 1528 430 id
1548 397 1618 439 est,
1633 394 1830 430 cantando
1848 396 2160 442 pronuntiabiles
2179 398 2219 432 in
2233 397 2390 442 signum

1357 456 1591 505 prolationis
1616 456 1790 492 internae.
1818 459 1893 493 Nec
1913 457 2018 493 enim
2039 469 2103 494 eas
2125 459 2288 506 protulit.
2307 459 2392 496 sola

1359 519 1574 567 speculatio
1595 518 1833 555 intellectiva
1849 547 1860 564 ,
1883 519 1975 565 quia
1996 520 2049 555 sic
2071 524 2196 556 essent
2215 532 2391 568 pronun-

1359 581 1513 618 tiabilcs
1534 580 1853 627 confabuland03
1871 591 1943 616 nec
1964 580 2049 616 sola
2067 582 2263 619 {emulatio
2279 584 2395 620 affec-

1360 644 1462 688 tiva,
1485 643 1578 691 quia
1607 643 1660 679 sic
1687 646 1814 679 essent
1839 643 2152 690 pronuntiabiles
2172 645 2358 690 ejulando
2382 660 2392 682 :

1362 706 1432 742 sed
1452 708 1531 741 tam
1551 705 1828 752 speculationis
1850 705 2108 752 intellectivee,
2131 717 2253 753 quam
2273 719 2394 744 cemu-

1362 767 1518 804 lationis
1563 767 1751 803 atl'ectivae
1791 767 1990 814 copulatio
2028 768 2322 814 modificativa,
2361 774 2397 807 et

1362 830 1454 867 ideo
1503 829 1817 877 pronuntiabiles
1859 830 2123 867 modulando.
2175 832 2397 869 Notandum

1363 893 1519 940 itaque,
1548 891 1660 939 quod
1687 891 1985 937 justificationes
2016 892 2158 929 divinae
2190 897 2279 930 sunt
2305 906 2397 931 con-

1365 954 1857 1002 cupiscendae,'discendae‚
1875 965 1956 990 non
1973 954 2252 992 obliviscendze
2268 969 2275 992 :
2294 958 2399 995 unde

1363 1018 1569 1065 requirunt
1586 1016 1842 1064 appetitivam
1859 1017 2051 1062 vivacem,
2073 1018 2400 1065 apprehensivam

1365 1090 1570 1126 sagacem,
1604 1079 1836 1116 retentivam
1872 1081 2063 1116 tenacem.
2098 1082 2146 1116 De
2182 1081 2310 1127 primo
2343 1083 2356 1102 ὃ
2393 1094 2400 1118 :

1370 1155 1386 1176 «
1417 1141 1647 1189 Concupivit
1680 1141 1812 1178 anima
1845 1151 1935 1177 mea
1968 1141 2189 1178 desiderare
2217 1143 2404 1188 justifica-

1365 1204 1491 1241 tiones
1522 1207 1625 1248 tuas,
1659 1217 1677 1238 »
1715 1207 1787 1240 etc.
1819 1207 1869 1240 De
1900 1204 2075 1240 secundo
2105 1206 2118 1227 ⁷
2151 1216 2158 1240 :
2199 1218 2216 1239 «
2253 1208 2403 1242 Bonum

1365 1267 1478 1312 mihi,
1500 1267 1596 1314 quia
1620 1266 1835 1304 humiliasti
1861 1277 1941 1312 me,
1970 1269 2013 1303 ut
2043 1267 2191 1304 discam
2219 1268 2404 1314 justifica-

1366 1330 1490 1366 tiones
1517 1332 1615 1366 tuas.
1646 1342 1663 1364 »
1694 1332 1745 1365 De
1778 1329 1889 1366 tertio
1912 1330 1924 1351 8
1956 1341 1964 1365 :
2001 1342 2018 1362 «
2042 1331 2084 1366 In
2115 1333 2303 1367 {eternum
2322 1341 2402 1367 non

1366 1391 1579 1429 obliviscar
1595 1390 1894 1438 justificationes
1915 1394 2014 1436 tuas,
2034 1405 2050 1425 n
2076 1394 2146 1428 etc.

1683 1498 1873 1534 Artz'culus
1899 1499 2086 1534 secundus.

1415 1583 1639 1621 Secundum
1660 1582 1876 1629 denotavit,
1895 1594 1986 1619 cum
2007 1583 2130 1620 dixit:
2154 1584 2267 1625 Mihi,
2294 1583 2406 1621 vide-

1366 1646 1456 1683 licet
1470 1646 1691 1693 opitulanti.
1708 1645 1868 1691 Quaeris,
1882 1646 2128 1693 quomodo?
2147 1645 2405 1693 speculando,

1367 1708 1611 1754 aemulando,
1633 1708 1866 1744 famulando
1888 1720 1896 1744 :
1928 1719 2100 1755 quorum
2125 1708 2299 1755 primum
2319 1719 2407 1756 per-

1366 1771 1461 1808 tinet
1487 1771 1540 1807 ad
1565 1770 1827 1816 intellectum3
1855 1763 2095 1816 secundum,
2122 1771 2173 1808 ad
2200 1771 2405 1817 affectum3

1366 1832 1544 1880 tertium,
1566 1833 1618 1870 ad
1641 1833 1836 1870 effectum.
1872 1835 1923 1870 De
1949 1833 2078 1880 primo
2098 1835 2130 1870 ⁹:
2159 1847 2177 1868 «
2197 1835 2323 1878 Quare
2347 1845 2408 1871 os-

1367 1896 1523 1933 tendisti
1554 1896 1652 1933 mihi
1680 1896 1946 1944 iniquitatem,
1980 1898 2017 1932 et:
2045 1895 2226 1932 laborem
2250 1897 2407 1942 videre,

1366 1959 1568 2006 praedam?
1585 1972 1602 1993 »
1627 1961 1698 1995 etc.
1722 1958 1848 1995 Verba
1870 1961 1960 1994 sunt
1987 1958 2278 2005 compatientis,
2298 1970 2407 1995 erro-

1368 2032 1452 2058 rem
1482 2020 1656 2068 proximi
1688 2020 1938 2067 speculantis.
1959 2022 2010 2056 De
2031 2021 2207 2057 secundo
2229 2021 2251 2042 ¹⁰
2273 2033 2280 2056 :
2309 2034 2325 2054 «
2344 2022 2407 2057 Vae

1368 2083 1485 2128 mihi,
1516 2085 1559 2120 ut
1588 2083 1686 2130 quid
1714 2086 1828 2119 natus
1851 2093 1940 2118 sum
1968 2082 2102 2119 videre
2131 2082 2406 2120 contritionem

1367 2146 1508 2194 populi
1522 2146 1626 2182 mei?
1644 2159 1661 2180 »
1681 2146 1806 2182 Verba
1825 2149 1914 2182 sunt
1933 2145 2219 2193 compatientis,
2239 2145 2405 2182 salutem

1367 2208 1540 2256 proximi
1565 2208 1798 2245 aemulantis.
1827 2210 1878 2244 De
1898 2208 2011 2245 tertio
2033 2208 2176 2255 legitur
2195 2208 2218 2228 ¹¹
2236 2220 2244 2244 :
2267 2221 2284 2242 «
2305 2209 2405 2244 Con-

1367 2273 1567 2308 vertentur
1592 2270 1689 2306 mibi
1718 2270 1896 2307 timentes
1917 2272 1977 2306 te:
2006 2284 2023 2304 »
2047 2269 2170 2306 verba
2189 2273 2278 2306 sunt
2297 2281 2405 2306 com-

1367 2333 1562 2381 patientis,
1584 2333 1885 2370 conversionem
1904 2333 2075 2380 proximi
2095 2332 2348 2380 postulantis,
2370 2336 2405 2369 et

1368 2395 1608 2444 postulando
1628 2395 1867 2433 famulantis

1708 2500 1897 2535 Articulus
1924 2501 2010 2535 terti
2013 2510 2063 2535 us.

1415 2586 1584 2623 Tertium
1617 2584 1832 2630 annotavit,
1858 2595 1948 2620 cnm
1976 2583 2159 2620 addidit:
2188 2585 2230 2619 In
2257 2585 2339 2620 Ioco.
2369 2583 2405 2620 Si

1369 2649 1531 2696 quaeris,
1552 2649 1593 2684 in
1614 2658 1694 2694 quo
1709 2648 1727 2682 ⁵?
1748 2646 1823 2682 cito
1847 2645 2013 2682 solvitur
2035 2645 2197 2692 quaestio
2219 2657 2226 2680 :
2251 2647 2292 2681 In
2313 2647 2404 2691 loro,

1369 2711 1438 2760 qui
1465 2710 1517 2747 ad
1537 2709 1733 2746 orandum
1755 2707 1981 2753 ordinatur,
2003 2710 2039 2744 et
2059 2707 2109 2743 ab
2128 2707 2290 2753 *orando
2318 2719 2405 2744 ora-

1369 2774 1514 2811 torium
1545 2771 1796 2809 nominatur:
1826 2770 1890 2806 hic
1919 2772 1976 2806 est
2004 2769 2115 2806 locus
2145 2781 2264 2817 quem
2291 2769 2407 2816 elegit

1369 2837 1570 2882 Dominus,
1588 2838 1630 2872 ut
1644 2835 1848 2871 invocetur
1863 2832 1919 2869 ibi
1942 2842 2088 2868 nomen
2109 2831 2204 2878 ejus,
2225 2834 2266 2868 ut
2286 2831 2406 2868 collo-

1369 2903 1477 2937 cetur
1495 2898 1593 2935 inibi
1615 2908 1759 2944 corpus
1784 2896 1881 2942 ejus.
1903 2895 2127 2932 Notandum
2148 2905 2265 2940 ergo,
2295 2894 2406 2941 qnod

1368 2962 1460 2998 huic
1485 2961 1575 2997 loco
1602 2959 1769 2997 debetur
1795 2957 1995 2994 veneratio
2024 2956 2225 3004 specialis,
2254 2957 2405 2992 ratione

1368 3023 1605 3061 venerabilis
1630 3022 1822 3067 nominis,
1848 3021 2086 3058 venerabilis
2111 3019 2302 3063 numinis,
2334 3030 2405 3054 vc-

1368 3086 1556 3123 nerabilis
1576 3084 1745 3132 agminis
1763 3097 1774 3119 .·
1795 3086 1852 3121 est
1870 3084 1975 3120 enim
2000 3083 2108 3118 idem
2130 3082 2240 3118 locus
2261 3080 2404 3117 divinae

1367 3148 1570 3185 memoriae
1591 3147 1817 3191 attitulatus,
1839 3141 1984 3182 divinae
2006 3143 2251 3181 Eucharistiae
2281 3143 2403 3189 depu-

1368 3214 1481 3257 tatus,
1504 3210 1640 3247 divina
1658 3208 1799 3246 militia
1819 3208 2006 3244 visitatus.
2026 3208 2076 3242 De
2096 3206 2225 3253 primo
2250 3205 2298 3238 ¹²:
2325 3218 2343 3237 «
2363 3206 2404 3241 ln

1369 3273 1476 3310 omni
1497 3273 1601 3318 loco,
1621 3272 1661 3309 in
1681 3282 1762 3320 quo
1783 3270 1897 3307 fuerit
1910 3269 2101 3306 memoria
2120 3266 2289 3304 nominis
2309 3266 2400 3313 mci,

1368 3336 1526 3373 veniam
1545 3334 1597 3372 ad
1617 3337 1674 3380 te,
1696 3336 1733 3370 et
1751 3331 1986 3369 benedicam
2006 3329 2075 3366 tibi
2087 3342 2096 3376 3
2117 3342 2135 3363 n
2161 3339 2249 3366 ecce
2270 3328 2403 3365 locum

1368 3437 1419 3466 20.
1448 3449 1489 3457 —
1519 3434 1528 3451 ⁷
1558 3431 1655 3470 thid„
1689 3431 1740 3462 Ἡ.
1770 3447 1810 3453 —
1837 3429 1850 3450 ⁸
1884 3429 1981 3469 ibid,
2013 3430 2063 3460 03.
2097 3444 2136 3450 -
2171 3428 2183 3446 ⁹
2214 3425 2349 3464 Halmc„
2378 3434 2401 3466 1,

1368 3483 1400 3512 3.
1417 3498 1458 3504 —
1473 3480 1527 3511 ¹01
1549 3477 1669 3517 Maeli„
1693 3485 1730 3516 ιι,
1751 3478 1782 3509 7.
1803 3494 1836 3499 -
1862 3477 1883 3499 ¹¹
1901 3475 1994 3509 Psal.
2012 3475 2091 3515 hoc,
2112 3475 2164 3505 79.
2178 3491 2219 3496 —
2240 3474 2264 3495 ¹²
2281 3472 2401 3513 ΕεῑοιίἿ

1368 3536 1426 3569 xx,
1448 3529 1499 3559 24.
