2633 3878
170 3327 275 3353 Rhe-ru
281 3335 307 3353 m

316 273 391 309 {ui-2

316 371 441 411 gare;
467 359 524 398 ita
545 358 586 398 in
604 357 781 398 :edificio
806 356 1033 409 spirituali,
1055 358 1193 410 primo
1214 357 1338 398 debe-

317 441 414 469 mus
447 430 640 480 sumptus
676 438 854 478 erogare
898 428 1174 479 pauperibus,
1213 430 1252 467 et
1282 427 1340 467 sic

316 498 545 547 aedificare;
589 501 628 538 et
659 498 716 537 ibi
755 497 876 538 debet
902 509 990 538 esse
1021 497 1166 548 decor,
1194 498 1233 537 id
1262 502 1337 548 est,

315 572 489 609 ornatus
520 569 749 618 virtutum,
782 568 894 608 unde
920 568 1028 608 hoc¹
1063 583 1070 608 :
1101 583 1120 605 «
1139 567 1336 618 Domino,

315 639 440 679 dilexi
481 639 672 679 decorem
715 638 865 678 domus
906 642 1004 678 tuae.
1038 652 1056 674 n
1102 638 1156 678 Dc
1188 639 1340 679 funda-

316 712 479 759 mento,
516 709 764 761 parietibus,
799 712 839 748 et
876 711 1001 757 tecto,
1029 708 1127 748 alibi
1147 713 1161 734 ²
1182 709 1339 749 dictum

314 783 397 829 est,
420 783 461 819 et
490 779 540 819 de
575 779 761 819 custodia
780 778 973 819 civitatis.
998 777 1239 819 Notandum
1259 792 1326 819 au-

315 853 420 899 tem,
444 849 558 901 quod
586 848 667 889 alia
703 848 872 898 civitas,
917 848 1069 889 scilicet
1113 849 1337 898 malorum,

315 921 437 971 cnjus
469 919 581 959 muri
617 918 881 959 aedificantur
914 918 958 958 in
997 918 1100 967 luto,
1135 922 1175 958 et
1195 918 1336 968 latere,

315 993 355 1031 et
383 989 501 1042 palea
524 1003 531 1029 :
555 1001 656 1029 nam
683 989 726 1028 in
758 989 823 1028 his
857 989 989 1029 tribus
1018 988 1153 1029 Judaei
1185 989 1342 1030 servie-

317 1063 416 1100 runt
455 1059 676 1100 Pharaoni.
719 1059 875 1099 Lutum
914 1070 958 1098 se
990 1061 1214 1110 tangentes
1252 1060 1342 1111 pol-

315 1131 414 1180 luit;
440 1131 589 1171 lateres
612 1131 656 1170 in
684 1131 782 1181 igne
811 1129 1122 1182 decoquuntur,
1144 1132 1251 1170 aestu
1268 1142 1339 1170 cu-

317 1201 515 1252 piditatis.
558 1201 605 1240 In
643 1200 785 1252 palea,
815 1212 956 1251 nugas
987 1203 1028 1240 et
1064 1200 1234 1241 frivolas
1265 1213 1341 1242 vo·

316 1271 496 1311 luntates
517 1270 709 1322 intellige
738 1285 746 1310 :
778 1273 818 1311 et
854 1271 926 1323 qui
958 1271 1059 1311 talia
1096 1276 1339 1324 operantur,

317 1341 526 1382 aeilisscant
545 1353 688 1381 muros
707 1341 839 1394 huJus
866 1341 1047 1382 civitatis
1061 1374 1071 1393 ,
1091 1346 1131 1383 et
1150 1343 1343 1384 serviunt

323 1411 546 1460 Pharaoni,
570 1411 611 1451 id
631 1414 692 1451 est
711 1411 887 1451 diabolo.

371 1484 410 1522 9..
444 1483 610 1523 Vanum
635 1487 694 1521 est
724 1482 836 1522 cobis
856 1487 954 1522 ante
988 1483 1125 1524 liccem
1152 1497 1339 1538 sumere.

318 1553 435 1602 Quod
457 1557 602 1594 autem
635 1553 787 1593 dicitur
807 1554 820 1575 ³
844 1568 851 1593 ;
883 1570 901 1592 α
923 1553 1013 1594 Non
1046 1555 1098 1595 sit
1128 1557 1248 1597 vobis
1267 1569 1340 1597 va-

318 1636 422 1664 num
455 1626 551 1664 ante
593 1623 731 1664 lucem
769 1635 981 1675 surgere,
1019 1639 1037 1661 »
1074 1626 1126 1666 ad
1157 1626 1342 1668 litteram

318 1695 439 1735 debet
476 1695 644 1746 exponi.
684 1694 733 1734 Et
767 1694 955 1746 primum
994 1697 1169 1748 mystice
1209 1712 1216 1736 :
1261 1698 1347 1749 Qui

319 1765 587 1805 manducatis
610 1777 768 1818 panem
791 1765 960 1806 doloris.
997 1765 1106 1806 Sunt
1129 1767 1215 1819 alii,
1238 1781 1344 1821 quos

319 1836 475 1888 qnaerit
502 1835 663 1876 amicus
693 1835 835 1876 dicens
855 1835 867 1856 ⁸
889 1850 897 1876 :
926 1837 1109 1878 «Amice
1127 1870 1139 1888 ,
1175 1851 1342 1880 accom-

320 1906 444 1946 moda
474 1905 579 1946 mihi
611 1909 696 1946 tres
731 1918 886 1958 panes;
923 1922 941 1944 »
977 1908 1048 1948 sed
1077 1910 1236 1949 mirum
1257 1913 1341 1960 est,

320 1989 431 2017 unus
451 1976 604 2029 quaerit
623 1979 705 2016 tres
725 1988 853 2028 panes
877 1991 884 2017 :
905 1989 1005 2017 nam
1023 1990 1136 2018 unus
1159 1980 1232 2020 uni
1252 1992 1346 2032 pos-

321 2050 381 2088 set
416 2048 622 2088 sufficere.
656 2046 778 2087 Forte
807 2059 893 2088 non
924 2048 1040 2088 venit
1071 2049 1208 2099 solus;
1245 2063 1345 2091 nam

322 2129 465 2158 secum
498 2118 624 2158 habet
655 2128 835 2158 uxorem
857 2149 870 2167 ,
903 2120 944 2158 et
975 2119 1249 2172 mancipium.
1273 2120 1346 2162 Vir

325 2194 382 2228 est
404 2188 533 2237 ratio;
556 2199 681 2236 uxor,
708 2187 929 2238 voluntas3
951 2189 1227 2242 mancipium,
1251 2204 1346 2233 caro

323 2262 480 2299 nostra.
503 2259 605 2299 Tres
633 2271 790 2311 pane5‚
819 2259 941 2311 panis
971 2261 1180 2311 veritatis,
1205 2263 1347 2302 chari-

324 2329 419 2369 tatis
442 2361 453 2378 ,
495 2331 535 2368 et
574 2329 844 2370 fortitudinis.
873 2329 946 2370 Vir
983 2330 1200 2382 primum,
1238 2346 1348 2375 uxor

324 2400 578 2448 secundum,
601 2400 858 2452 mancipium
883 2401 1036 2453 quaerit
1065 2403 1238 2444 tertium
1269 2418 1344 2457 pa-

324 2482 435 2511 nem.
464 2470 606 2511 Deficit
625 2471 737 2511 enim
760 2471 865 2511 ratio
893 2483 979 2523 prae
1007 2472 1250 2524 ignorantia
1275 2489 1349 2517 ve-

325 2542 457 2581 ritatis
486 2541 662 2592 languet
691 2540 908 2590 voluntas;
932 2553 1019 2594 pree
1044 2542 1185 2584 inedia
1218 2546 1349 2587 affec-

327 2612 479 2660 tionis3
505 2612 746 2652 infirmatur
772 2623 868 2652 caro
896 2623 984 2664 prae
1017 2612 1159 2666 inopia
1178 2616 1348 2657 fortitu-r

326 2683 449 2722 dinis.
479 2681 584 2722 Nam
605 2687 617 2706 ⁵
643 2682 792 2722 «aruit
822 2693 892 2723 cor
923 2694 1095 2732 meum,
1126 2687 1167 2724 et
1196 2686 1349 2727 oblitus

328 2765 422 2793 sum
453 2752 669 2793 comedere
690 2764 842 2805 panem
873 2765 1034 2803 meum,
1058 2768 1077 2790 ὴ
1104 2756 1205 2807 quia
1224 2768 1349 2797 man-

327 2822 575 2862 ducavimus
605 2833 758 2874 panem
795 2822 964 2863 doloris.
1002 2823 1093 2865 Non
1123 2825 1236 2866 enim
1273 2828 1350 2868 hos

327 2893 511 2932 defectus
542 2893 844 2933 sustineremus
868 2925 880 2943 ,
914 2894 949 2933 si
985 2895 1212 2936 exercitata
1244 2902 1352 2939 esset

328 2963 434 3004 ratio
454 2963 498 3003 in
519 2964 790 3016 inquisitione
806 2965 1008 3015 veritatis,
1031 2968 1072 3005 et
1090 2966 1287 3007 voluntas
1306 2968 1350 3008 in

327 3034 532 3075 desiderio
564 3033 805 3080 charitatis;
839 3037 878 3074 et
907 3047 1002 3075 caro
1030 3036 1073 3075 in
1108 3038 1351 3088 operatione

328 3105 511 3145 virtutis.
534 3103 630 3145 Ideo
650 3107 742 3144 orat
760 3104 940 3154 amicus,
959 3107 1006 3144 ut
1028 3105 1263 3158 intelligat,
1286 3108 1348 3148 di-

326 3174 457 3226 ligat,
483 3175 744 3216 voluntatem
764 3174 833 3214 Dei
860 3174 1007 3224 faciat3
1033 3175 1147 3226 quod
1166 3188 1254 3216 non
1274 3189 1351 3229 po-

328 3247 409 3286 test
432 3245 521 3294 hic,
550 3245 622 3298 qui
646 3245 869 3285 manducat
889 3256 1040 3297 panem
1061 3244 1230 3285 doloris.

383 3320 422 3358 3.
443 3316 549 3358 Filii
574 3327 729 3356 merces
757 3316 926 3366 fructus
956 3318 1127 3355 ventris.
1163 3316 1350 3363 Quatuor

373 3443 382 3462 ¹
405 3443 493 3475 Pscd.
515 3451 594 3483 xxv,
614 3445 688 3475 8.—
704 3444 717 3464 ²
737 3445 856 3484 Supra,
878 3444 913 3474 in
929 3443 1020 3476 Psal.
1044 3450 1169 3481 V,xxw
1187 3445 1218 3475 et
1234 3450 1349 3475 cxxiv.

329 3507 368 3512 —
394 3490 404 3508 ³
431 3491 478 3521 Ad
510 3491 737 3522 invitatorium
767 3491 919 3522 matutini
951 3490 1049 3521 officii
1083 3491 1117 3521 in
1155 3491 1351 3530 Quadragc-

331 3536 423 3568 sima.
448 3552 486 3559 —
513 3538 522 3554 ‘
551 3537 640 3574 Luc..
666 3545 720 3577 xl,
740 3539 770 3568 5.
791 3554 830 3560 -
855 3539 868 3560 ⁶
888 3537 975 3569 Psal.
1006 3545 1056 3571 el,
1081 3539 1111 3569 5.
1131 3554 1170 3561 -
1195 3538 1209 3559 θ
1235 3538 1348 3577 oren„

1012 268 1074 309 Ex
1084 268 1281 311 POSlTlo
1312 269 1363 311 IN
1398 270 1742 313 PSALTERIUM.

1415 362 1515 400 sunt
1534 372 1693 412 genera
1710 360 1911 402 filiorum.
1936 360 2043 402 Nam
2072 364 2169 402 sunt
2189 363 2359 415 quidam
2381 375 2435 405 ex

1415 442 1531 471 mare
1563 434 1604 472 et
1635 432 1791 472 semina
1812 463 1824 481 ‚
1856 435 1903 472 ut
1934 431 1977 472 hi
2017 432 2068 472 de
2097 431 2253 484 quibus
2287 433 2357 473 hic
2388 435 2437 474 fit

1415 502 1594 551 mentio;
1618 502 1791 554 quidam
1808 514 1861 542 ex
1882 502 2038 542 femina
2056 502 2146 542 sine
2166 514 2282 543 mare
2299 503 2372 554 (a),
2389 506 2438 543 ut

1412 571 1547 612 Adam
1581 572 1630 612 de
1658 574 1793 621 terra;
1827 572 2000 623 quidam
2032 584 2085 612 ex
2115 583 2257 620 mare,
2279 574 2321 613 et
2349 572 2439 612 sinc

1414 641 1593 690 semina,
1617 644 1665 681 ut
1697 642 1784 682 Eva
1818 642 1868 682 de
1899 644 2012 682 costa
2037 641 2166 691 Adae;
2189 642 2365 694 quidam
2383 653 2437 682 ex

1415 711 1501 751 sola
1533 711 1688 751 semina
1719 711 1807 751 sine
1841 723 1979 760 mare,
2013 714 2061 752 ut
2086 711 2273 752 Christus
2301 726 2310 752 ε
2345 723 2439 752 ecce

1415 783 1598 833 quatuor
1619 792 1778 832 genera
1799 780 2037 822 hominum.

1468 854 1505 891 3.
1530 851 1654 893 δέεαι
1679 851 1762 902 filie·
1791 862 2077 891 excussorum.
2112 851 2267 892 Asinus
2286 853 2440 894 dicitur

1414 921 1584 973 gentilis
1608 922 1810 974 populus,
1835 921 1948 962 unde
1975 921 2208 973 Gregorius
2232 923 2246 943 ⁶
2273 934 2282 962 :
2305 936 2325 961 ε(
2347 923 2438 963 Asi-

1415 1004 1518 1041 nus,
1550 991 1720 1043 gentilis
1754 991 1963 1044 populus,
1993 1003 2123 1044 quem
2154 991 2261 1033 sicut
2290 995 2442 1034 natura

1414 1064 1537 1103 extra
1556 1061 1719 1102 stabula
1742 1061 1969 1114 disciplinae
1989 1061 2136 1112 edidit,
2159 1061 2216 1102 ita
2237 1074 2376 1115 vagus
2395 1063 2442 1103 in

1414 1132 1685 1184 voluptatum
1703 1143 1877 1172 suarum
1900 1143 2049 1184 campo
2069 1132 2315 1184 permansit.
2337 1132 2439 1184 Bos,

1414 1202 1589 1243 Judaeus
1615 1233 1624 1251 ,
1663 1204 1736 1254 qni
1769 1203 1881 1254 Jugo
1919 1214 2114 1254 supernae
2162 1202 2444 1244 damnationis

1416 1269 1686 1322 suppositus,
1721 1269 1774 1309 ad
1806 1280 1923 1321 spem
1955 1269 2188 1321 proselytos
2211 1269 2441 1322 colligens,

1415 1352 1489 1392 per
1509 1339 1657 1390 corda,
1679 1352 1776 1392 quae
1801 1339 1955 1390 valuit,
1979 1351 2198 1380 vomerem
2231 1340 2338 1392 legis
2356 1343 2441 1382 tra-

1415 1410 1491 1450 xit.
1511 1425 1530 1447 ›)
1554 1409 1658 1450 Item
1676 1421 1804 1462 super
1822 1409 1923 1460 Job,
1937 1410 1988 1450 de
1998 1410 2295 1462 praedicatione
2314 1410 2445 1452 Paulo

1416 1492 1545 1533 quem
1572 1483 1788 1532 comparat
1817 1479 1941 1530 bovi,
1970 1480 2059 1520 sine
2092 1479 2408 1521 rhinoceronti⁷
2432 1493 2443 1522 ε

1423 1567 1441 1590 α
1463 1551 1619 1592 Paulus
1642 1550 1695 1591 ad
1726 1561 1913 1602 praesepe
1949 1549 2022 1590 Dei
2051 1553 2241 1591 moratus
2265 1553 2350 1602 est;
2371 1552 2446 1605 qui

1417 1622 1639 1662 ruminare
1662 1621 1792 1661 verba
1812 1620 2038 1672 Evangelii
2072 1620 2324 1672 dedignatus
2359 1633 2446 1662 non

1417 1695 1493 1733 est.
1515 1707 1534 1730 »
1557 1692 1607 1733 Et
1627 1703 1728 1732 mox
1747 1692 1806 1731 ait
1827 1703 1837 1731 :
1864 1690 2011 1732 «Loris
2027 1691 2078 1742 (b)
2095 1703 2263 1744 quoque
2277 1691 2349 1732 Dei
2360 1703 2445 1732 non

1417 1766 1585 1803 tantum
1607 1775 1631 1802 a
1646 1761 1809 1802 feritate
1831 1762 2120 1813 restringitur,
2144 1761 2215 1802 sed
2230 1762 2342 1814 quod
2358 1774 2444 1804 ma-

1420 1833 1487 1884 gis
1500 1834 1547 1873 fit
1561 1833 1606 1885 (c)
1618 1831 1825 1882 mirabile,
1839 1832 1889 1871 ad
1903 1832 2289 1883 arandumligatur,
2300 1834 2446 1874 utnon

1420 1902 1557 1943 solum
1576 1901 1772 1942 homines
1799 1901 2057 1942 crudelitatis
2087 1913 2221 1942 cornu
2251 1913 2336 1943 non
2364 1902 2443 1944 im-

1420 1975 1554 2024 petat,
1579 1972 1649 2012 sed
1669 1983 1819 2012 eorum
1836 1972 1962 2011 etiam
1993 1971 2208 2012 refectioni
2227 1972 2414 2014 serviens
2433 2005 2442 2025 ,

1421 2045 1613 2084 aratrum
1650 2042 1961 2095 praedicationis
1998 2042 2150 2082 trahat.
2176 2055 2194 2079 i)
2221 2041 2271 2082 Et
2303 2043 2448 2095 paucis

1420 2112 1676 2164 interpositis
1709 2127 1717 2151 ε
1748 2111 1866 2161 «Qui
1901 2123 2006 2164 ergo
2040 2111 2085 2151 in
2118 2111 2274 2152 humili
2307 2115 2448 2154 mente

1421 2183 1610 2224 fidelium
1642 2183 1752 2235 legis
1784 2182 1987 2223 duritIam
2021 2182 2320 2233 redarguendo
2353 2195 2449 2224 con-

1423 2253 1560 2302 trivit,
1583 2253 1685 2305 quid
1717 2252 1855 2302 aliud,
1877 2265 2007 2305 quam
2041 2253 2086 2292 in
2116 2253 2226 2293 valle
2255 2257 2346 2306 post
2365 2253 2445 2294 Do-

1424 2323 1590 2364 minum
1624 2323 1770 2374 glebas
1797 2323 1962 2373 fregit?
1993 2334 2046 2362 ne
2080 2323 2276 2364 videlicet
2311 2335 2447 2375 grana

1424 2394 1657 2444 seminum,
1680 2405 1776 2446 quae
1805 2393 1972 2434 excisus
2004 2395 2144 2434 aratro
2173 2394 2284 2446 fidei,
2309 2395 2449 2436 sulcus

1425 2465 1559 2506 cordis
1573 2465 1799 2517 exciperet,
1811 2476 1885 2518 per
1902 2464 2135 2506 custodiam
2147 2465 2293 2506 litterae
2305 2478 2449 2519 pressa

1424 2537 1677 2589 deperirent.
1699 2549 1718 2572 ›>

1574 2694 1840 2739 PSALMUS
1873 2694 2052 2739 DAVID
2084 2695 2300 2740 CXXVII.

1482 2826 1519 2862 1.
1557 2822 1678 2862 Beati
1711 2832 1877 2870 omnes,
1911 2823 1987 2873 qui
2020 2819 2168 2860 timent
2200 2821 2449 2862 Dominum.

1427 2892 1573 2932 Timor
1592 2891 1763 2932 divinus
1781 2903 1909 2943 super
1928 2901 2076 2931 omnes
2096 2890 2280 2942 graduS,
2303 2892 2451 2944 supple

1427 2964 1662 3014 sequentes.
1701 2960 1787 3012 Qui
1809 2961 2034 3001 ambulant
2052 2961 2099 3000 in
2123 2960 2203 3000 viis
2222 2960 2326 3013 ejus.
2350 2961 2449 3011 Qui-

1427 3032 1524 3072 dam
1543 3031 1707 3072 suntin
1726 3031 1814 3081 via,
1847 3030 1921 3082 qui
1954 3032 1994 3070 et
2025 3030 2268 3080 ambulant,
2297 3033 2345 3071 ut
2375 3031 2449 3083 hi;

1427 3102 1601 3156 quidam
1628 3104 1729 3142 sunt
1760 3101 1804 3140 in
1835 3100 1924 3150 via,
1953 3102 1995 3140 et
2024 3111 2112 3141 non
2139 3100 2380 3152 ambulant,
2402 3104 2452 3142 ut

1426 3173 1604 3225 trepidi,
1625 3172 1737 3212 unde
1764 3171 1844 3211 hoc
1863 3169 1877 3191 ⁸
1899 3182 1908 3210 ε
1943 3185 1963 3209 (ι
1983 3170 2062 3219 Qui
2092 3173 2196 3221 stat,
2228 3170 2366 3211 videat
2396 3183 2450 3212 ne

1428 3244 1573 3291 cadat,
1596 3256 1615 3279 η
1639 3241 1710 3282 alii
1732 3244 1851 3281 extra
1882 3242 2000 3290 sunt,
2021 3242 2062 3280 et
2086 3251 2172 3280 non
2197 3239 2377 3280 veniunt
2397 3239 2450 3280 ad

1427 3313 1562 3360 viam,
1594 3310 1707 3351 unde
1727 3310 1807 3351 hoc
1825 3313 1839 3334 ⁹
1864 3321 1874 3349 z
1898 3325 1916 3347 «
1939 3309 2085 3350 Venite
2110 3309 2163 3349 ad
2185 3319 2252 3348 me
2271 3319 2418 3349 omnes
2434 3340 2444 3358 ,

1427 3435 1562 3475 Marcel„
1581 3433 1638 3465 lib.
1663 3434 1740 3474 Vll,
1768 3443 1798 3465 c.
1822 3441 1869 3465 1v.
1900 3451 1934 3456 —
1961 3434 1975 3455 ⁷
1999 3432 2099 3472 1bid.,
2122 3431 2180 3463 lib.
2206 3431 2330 3472 XXXI,
2357 3442 2387 3464 c.
2411 3441 2446 3465 x.

1428 3501 1467 3506 ——
1488 3484 1498 3500 ⁸
1520 3483 1527 3512 l
1551 3481 1641 3518 Cor„
1668 3488 1701 3517 x,
1726 3482 1815 3511 12.-
1836 3481 1848 3496 ⁹
1870 3479 2002 3518 Mami„
2024 3486 2072 3517 ΣΙ,
2091 3479 2186 3509 28.—
2205 3477 2251 3518 (a)
2273 3478 2348 3519 Leq.
2372 3478 2445 3511 sine

1429 3539 1520 3561 mare
1534 3531 1568 3560 et
1582 3527 1761 3560 [emina.-
1781 3527 1827 3568 (b)
1845 3527 1923 3559 Gaet.
1945 3526 2023 3558 edit.
2045 3525 2196 3559 Locis.—
2210 3526 2248 3567 (c)
2269 3525 2326 3558 Al.
2350 3525 2402 3558 sit.

2465 367 2588 403 quatuor

2465 413 2584 445 genera.

2491 866 2598 894 Asinus

2470 906 2595 941 populus

2460 948 2588 982 gentilis.

2480 1146 2538 1171 Bos
2551 1145 2567 1172 J
2571 1152 2601 1172 u-

2462 1184 2554 1212 doeus.
