2633 3878
1157 124 1327 166 CAPUT
1359 125 1424 167 IX.

223 216 437 266 Quantum
453 217 506 259 ad
526 216 841 258 meditationem
855 225 985 255 sacrae
1001 214 1246 266 Scripturae,

222 289 350 332 dicit:
377 290 550 333 comede
573 299 750 343 panem,
783 293 820 330 et
849 287 936 328 bibe
965 287 1117 328 vinum
1137 298 1150 325 .·
1171 298 1250 338 pa-

222 373 320 401 nem
341 394 354 412 ,
397 364 606 415 quantum
645 360 698 400 ad
730 358 914 399 difficilia
943 372 952 407 3
991 360 1030 396 ct
1070 357 1250 406 vinum,

222 436 433 484 quantum
456 433 506 473 ad
527 431 679 473 facilia.
702 447 720 470 (ι
739 430 901 480 Venite,
917 429 974 469 ait
997 426 1250 479 Sapientia¹,

222 505 264 543 et
302 504 506 544 comedite
547 514 701 556 panem
734 513 878 542 meum
900 532 912 551 ,
943 502 984 540 et
1023 498 1152 539 bibite
1185 497 1253 537 vi-

223 585 345 614 num.
368 589 387 612 »
414 574 632 623 Quantum
653 574 705 615 ad
721 573 951 626 puritatem
970 569 1249 619 conscientiae,

221 643 321 684 dicit
360 659 369 684 ι
408 646 534 686 Omni
565 648 742 692 tempore
777 644 1026 686 vestimenta
1057 644 1132 683 tua
1165 641 1255 682 sinc

221 715 434 767 candida,
456 716 500 757 id
519 719 582 757 est
593 748 605 767 ,
629 715 884 757 conscientia
904 713 1078 754 munda.
1094 716 1106 737 2
1126 727 1145 751 ε(
1162 711 1254 753 Νο11

222 785 560 838 inquinaverunt
582 787 834 828 vestimenta
853 797 951 835 sua,
974 783 1254 824 ambulabunt

220 868 390 897 mecum
422 857 467 898 in
503 857 625 898 albis.
657 872 676 894 »
709 856 800 906 Quo
836 859 982 896 contra
1019 855 1172 896 dicitur
1199 854 1246 895 ³:

224 941 243 965 «
280 926 588 969 Vestimentum
624 928 809 968 mixtum
850 926 1062 978 sanguine
1093 926 1172 967 erit
1206 926 1250 966 in

221 999 586 1050 combustionem,
608 1002 649 1040 et
668 999 790 1039 cibus
809 998 942 1051 ignis.
964 1014 983 1035 »
1010 997 1061 1038 Et
1081 997 1183 1050 quia
1204 997 1255 1038 ad

223 1071 477 1111 munditiam
495 1070 763 1111 conscientiae
787 1070 980 1122 sequitur
1000 1069 1168 1109 interna
1184 1068 1254 1109 lae-

222 1140 331 1192 titia,
356 1141 448 1182 ideo
468 1142 568 1182 dicit
591 1156 599 1183 :
622 1142 678 1184 Ec
698 1141 833 1183 oleum
852 1140 902 1182 de
919 1141 1059 1193 capite
1082 1145 1151 1182 tuo
1170 1149 1256 1181 uon

222 1211 407 1263 deficiat.
444 1212 562 1253 Unde
596 1212 640 1252 in
673 1211 840 1253 Psalmo
860 1212 873 1233 ⁶
899 1226 907 1252 :
936 1226 954 1249 c«
974 1209 1026 1251 Ut
1048 1209 1257 1251 exhilaret

221 1283 371 1324 faciem
394 1284 439 1324 in
459 1284 565 1324 oleo.
599 1298 618 1321 1)
656 1283 707 1324 Ε1
728 1287 741 1308 ⁵
764 1297 773 1323 :
809 1298 828 1321 <1
856 1282 921 1323 Tu
952 1285 1121 1330 autem,
1156 1293 1253 1321 cum

217 1355 411 1406 Jejunas,
431 1367 548 1407 unge
577 1358 704 1407 caput
736 1358 873 1395 tuum.
901 1367 920 1391 ›>
957 1353 1171 1402 Quantum
1204 1352 1256 1393 ad

222 1425 446 1478 amplexus
473 1426 757 1467 delectationis
776 1425 980 1474 internae,
1003 1424 1103 1465 dicit
1123 1438 1132 1463 ι
1153 1423 1252 1464 Per-

220 1497 361 1548 fruere
380 1497 474 1539 υἱῐα
501 1507 595 1538 cum
626 1506 785 1547 uxore,
807 1506 936 1548 quam
967 1494 1134 1548 diliqis.
1157 1493 1257 1534 Haec

222 1579 332 1607 uxor
350 1571 412 1608 est
430 1567 604 1618 religio,
632 1568 679 1607 in
708 1579 792 1619 qua
811 1566 1050 1607 vacandum
1071 1568 1134 1606 est
1153 1577 1252 1606 con-

221 1638 484 1691 templationi
505 1638 518 1660 ⁸
542 1651 553 1679 :
582 1653 601 1677 (ι
627 1641 785 1678 Laetare
816 1650 914 1678 cum
948 1637 1127 1678 muliere
1153 1637 1252 1677 ado-

220 1708 432 1750 lescentiae
451 1713 554 1751 tuae.
575 1724 594 1747 1)
620 1709 721 1750 Haec
750 1722 860 1750 uxor
885 1709 1035 1750 dilecta
1067 1709 1256 1760 figurata

223 1783 286 1821 est
305 1793 380 1833 per
399 1780 576 1831 Rachel,
598 1792 675 1833 pro
701 1793 786 1833 qua
814 1780 989 1821 servivit
1012 1780 1139 1821 Jacob
1160 1792 1255 1832 sep-

223 1855 309 1892 tem
329 1851 466 1892 annis.
489 1851 645 1892 Deinde
663 1854 873 1904 quantum
903 1851 954 1891 ad
983 1851 1143 1892 activos
1157 1883 1169 1902 ,
1192 1851 1252 1892 di-

222 1923 278 1962 cit
300 1937 308 1963 :
335 1922 628 1975 Quodcumque
640 1926 780 1975 potest
801 1932 954 1964 manus
977 1926 1066 1972 ιαα,
1091 1922 1256 1964 instan-

223 1998 286 2036 ter
317 2005 503 2047 operare.
530 1994 740 2034 Instanter
773 1995 962 2046 operari,
993 1997 1056 2034 est
1090 1995 1255 2047 operari

225 2066 431 2115 celeriter,
454 2069 601 2107 contra
619 2065 928 2118 negligentiam
947 2067 961 2088 ⁷
986 2078 995 2106 :
1020 2065 1098 2106 «In
1115 2066 1253 2106 omni-

223 2138 304 2179 bus
323 2138 524 2191 operibus
544 2137 629 2178 tuis
649 2140 736 2178 esto
756 2137 901 2187 velox,
923 2139 964 2177 et
982 2137 1122 2177 omnis
1142 2137 1256 2177 infir-

223 2209 348 2250 mitas
366 2222 451 2251 non
471 2212 662 2251 occurret
675 2209 764 2249 tibi.
786 2223 806 2247 n
823 2208 1054 2249 Ferventer
1073 2207 1087 2228 ⁸
1109 2222 1118 2249 ε
1141 2207 1257 2257 «Qui

224 2281 364 2322 mollis
384 2285 461 2332 est,
475 2284 516 2322 et
535 2280 764 2321 dissolutus
788 2279 835 2319 in
858 2291 985 2332 opere
1011 2291 1104 2330 suo,
1127 2280 1255 2320 frater

223 2355 287 2393 est
305 2365 381 2393 sua
396 2363 524 2404 opera
544 2351 803 2403 dissipantis.
822 2364 840 2387 n
863 2350 1084 2401 Continue,
1101 2353 1149 2390 ut
1167 2363 1255 2391 non

223 2425 408 2476 tepescat
427 2426 441 2448 ⁹
470 2435 480 2463 :
518 2438 537 2461 «
569 2421 614 2463 Si
643 2433 730 2462 non
761 2421 806 2461 in
837 2421 989 2462 timore
1019 2421 1187 2462 Domini
1216 2424 1256 2462 te

223 2494 410 2536 tenueris
437 2494 668 2544 instanter,
691 2493 772 2533 cito
801 2493 1075 2533 subvertetur
1104 2492 1256 2533 domus

222 2569 309 2607 tua.
329 2582 348 2604 »
368 2564 742 2615 Perseverante1-,10
766 2578 774 2605 :
797 2579 817 2602 c(
843 2563 925 2613 Qui
944 2566 1075 2604 certat
1094 2563 1139 2604 in
1157 2575 1256 2616 ago-

222 2649 301 2687 ne,
322 2650 409 2679 non
430 2636 727 2687 coronabitur,
751 2635 835 2675 nisi
854 2635 925 2688 qui
954 2635 1146 2687 legitime
1162 2647 1252 2675 cer-

223 2706 376 2748 taverit
391 2739 402 2758 ,
423 2721 443 2745 1)
465 2706 508 2747 id
527 2708 614 2756 est,
638 2707 983 2759 perseverantem
1007 2707 1048 2746 et
1070 2704 1252 2757 subjun-

224 2779 342 2831 gitur
371 2780 479 2820 ratio
501 2811 511 2831 ,
542 2791 674 2832 quare
713 2779 878 2831 oportet
909 2777 1117 2818 instanter
1146 2777 1254 2818 bene

222 2849 388 2903 operari
408 2850 454 2890 in
483 2849 683 2903 praesenti
707 2861 717 2890 :
739 2849 839 2902 quia
858 2849 987 2890 breve
1006 2851 1068 2889 est
1087 2850 1255 2901 tempus

222 2921 360 2962 meriti
374 2935 384 2971 ;
408 2920 521 2962 unde
545 2935 554 2962 :
575 2920 703 2974 Apud
728 2920 890 2972 inferos
917 2929 1004 2962 ηοη
1028 2923 1089 2962 est
1119 2929 1225 2972 opus
1242 2950 1252 2967 ‚

223 2991 276 3033 ad
307 3004 352 3033 se
388 2992 673 3033 exercendum
713 2991 766 3033 ad
805 2991 1021 3044 pietatem.
1065 2991 1089 3012 ¹¹
1137 3005 1156 3029 <‹
1189 2989 1256 3031 Me

223 3066 385 3116 oportet
403 3064 598 3116 operari,
620 3063 752 3104 donec
771 3062 860 3103 dies
879 3064 954 3102 est.
972 3076 991 3099 »
1015 3060 1066 3101 Et
1086 3060 1178 3102 idco
1198 3060 1256 3101 ait

224 3134 450 3187 Apostolus
462 3134 515 3175 ¹²:
535 3149 554 3172 «
574 3133 806 3187 Operemur
819 3133 980 3173 bonum
992 3163 1005 3182 ,
1028 3131 1131 3172 dum
1151 3134 1255 3172 tem-

224 3218 305 3260 pus
319 3205 541 3256 habemus,
563 3205 616 3246 ad
635 3216 796 3256 01111165,
814 3203 1002 3244 maxime
1030 3205 1173 3243 autem
1202 3203 1256 3244 ad

270 3338 276 3356 ¹
300 3340 410 3378 Prov„
425 3345 475 3377 lx,
495 3338 528 3368 5.
548 3353 587 3360 -
607 3337 622 3358 ²
641 3337 756 3376 Apoc„
778 3342 842 3375 111,
862 3335 891 3366 4.
913 3351 953 3357 -
971 3333 986 3356 ³
1005 3333 1153 3375 Isa.,1x‚
1171 3336 1200 3366 5.
1215 3352 1256 3358 —

225 3385 239 3407 Β
259 3385 345 3416 Psal.
365 3393 441 3426 cm,
464 3387 513 3416 15.
531 3401 571 3407 -
591 3384 604 3406 ⁵
624 3383 762 3422 Matth„
784 3390 833 3422 vl,
858 3383 908 3413 17.
928 3398 969 3404 -
988 3381 1000 3400 ⁶
1018 3381 1128 3421 Pron,
1150 3389 1182 3422 v,
1206 3383 1254 3414 18.

225 3449 265 3455 —-
284 3432 294 3451 ⁷
315 3430 436 3471 Eccli.,
455 3439 557 3473 xxm,
577 3432 628 3464 27.
646 3447 686 3454 —
704 3429 718 3452 ⁸
738 3431 850 3469 Prov.,
871 3436 971 3469 xviii,
994 3429 1024 3460 9.
1046 3446 1086 3452 —
1106 3428 1118 3446 ⁹
1138 3428 1255 3468 Eccli„

382 3502 467 3532 ΤΟΜ
498 3501 555 3532 IX.

2279 134 2354 172 657

1329 214 1580 255 domesticos
1597 215 1712 255 fidei.
1737 229 1756 253 >³
1779 216 1873 258 Non
1899 221 1960 260 est
1979 219 2114 270 ratio,
2138 218 2189 259 ad
2211 219 2356 271 inqui-

1329 285 1508 325 rendum
1523 287 1563 326 et
1584 285 1906 328 discernendum
1928 289 2028 341 quid
2050 289 2211 330 bonum
2224 320 2236 340 ,
2253 289 2357 342 quid

1329 355 1490 395 malum
1507 356 1537 380 ¹³
1561 370 1569 396 :
1598 371 1617 393 «
1638 356 1874 409 Palpabunt
1893 360 2011 411 quasi
2035 360 2076 399 in
2094 359 2296 411 tenebris,
2318 363 2359 400 ct

1329 438 1414 466 non
1444 427 1487 466 in
1511 427 1695 477 lumine;
1728 431 1769 468 et
1798 441 1938 470 errare
1971 442 2042 471 eos
2072 431 2212 481 faciet,
2235 431 2359 484 quasi

1331 497 1483 538 ebrios.
1518 513 1537 535 »
1572 498 1623 539 Et
1656 502 1683 524 ¹⁵
1715 511 1724 539 :
1760 515 1779 538 (ι
1813 499 2016 541 Dominus
2051 501 2283 542 immiscuit
2314 502 2357 542 in

1330 567 1469 607 medio
1502 570 1594 621 ers
1629 569 1825 622 spiritum
1860 571 2101 623 vertiginis.
2129 586 2147 608 »
2175 572 2268 614 Non
2298 578 2360 616 est

1330 638 1549 689 sapiencia
1576 644 1617 681 ec
1644 641 1829 683 sciencia
1851 654 1860 683 :
1883 643 2069 684 seientia
2085 673 2096 692 ,
2119 642 2275 683 scilicet
2307 643 2361 684 ad

1331 709 1703 762 contemplandum
1719 711 1853 753 Deum
1871 713 1916 753 in
1932 713 2132 766 operibus
2151 714 2264 764 suis;
2283 726 2361 754 1160

1331 780 1565 831 sapientia,
1599 781 1652 821 ad
1684 783 2056 836 contemplandum
2081 784 2126 824 in
2154 796 2211 825 se.
2245 783 2362 825 Unde

1334 849 1463 891 lsaias
1482 852 1511 877 ¹⁵
1536 865 1576 891 z«
1597 851 1762 893 Divitiae
1781 853 1927 894 salutis
1947 846 2154 906 sapientia
2173 857 2213 895 et
2233 855 2362 896 scien-

1333 923 1416 973 tia;
1438 923 1566 964 timor
1584 923 1751 964 Domini
1784 924 1875 977 ipse
1897 927 1959 966 est
1977 925 2218 965 thesaurus.
2244 941 2264 963 «
2286 925 2362 966 Po-

1332 995 1409 1033 test
1430 994 1565 1046 quaeri
1585 994 1635 1035 de
1652 994 1733 1035 hoc
1748 1026 1758 1044 ‚
1781 995 1895 1048 quod
1917 995 2016 1036 dicit
2038 1009 2047 1036 ε
2071 996 2232 1039 Mortui
2249 996 2364 1038 nihil

1332 1070 1542 1108 noverunt
1583 1066 1782 1118 amplius.
1830 1065 2007 1107 Videtur
2049 1079 2139 1108 esse
2181 1067 2334 1108 falsum
2349 1099 2361 1119 ‚

1332 1136 1433 1189 quia
1455 1137 1599 1177 anima
1626 1140 1818 1190 separata
1836 1149 1861 1178 a
1886 1150 2060 1191 corpore
2084 1141 2146 1179 est
2169 1137 2361 1179 liberior:

1332 1207 1405 1248 sed
1441 1208 1675 1249 substantia
1709 1212 1870 1262 quanto
1901 1208 2073 1250 liberior
2105 1222 2130 1250 a
2159 1221 2361 1262 corpore,

1331 1282 1449 1320 tanto
1468 1281 1608 1332 magis
1628 1280 1779 1321 idonea
1800 1280 2033 1333 cognitioni
2050 1295 2059 1322 ε
2082 1293 2186 1333 ergo
2203 1282 2363 1322 mortui

1331 1353 1430 1390 sunt
1449 1351 1588 1403 magis
1608 1352 1693 1404 apti
1711 1352 1764 1392 ad
1785 1351 2130 1403 cognoscendum
2151 1366 2159 1392 :
2184 1355 2259 1393 aut
2277 1352 2360 1404 igi-

1330 1425 1401 1463 tur
1421 1423 1562 1463 anima
1582 1424 1710 1476 perit,
1736 1426 1811 1465 aut
1829 1424 2061 1476 cognoscit.
2084 1424 2188 1466 Item
2211 1426 2262 1466 de
2282 1425 2364 1466 1100

1331 1497 1393 1534 651
1413 1494 1641 1546 dubitatio,
1666 1495 1781 1548 quod
1800 1506 1885 1538 non
1900 1495 2054 1539 habent
2072 1497 2187 1539 ultra
2211 1508 2365 1539 merce-

1332 1564 1424 1607 dem
1448 1579 1456 1605 :
1478 1565 1559 1605 hoc
1591 1568 1654 1606 est
1685 1566 1937 1607 haereticuin
1972 1567 2192 1608 manifeste
2213 1600 2226 1619 ,
2265 1568 2365 1621 quia

1333 1634 1414 1675 1100
1442 1635 1548 1675 tollit
1581 1636 1771 1677 divinam
1797 1637 2022 1690 justitiam.
2053 1638 2159 1679 Item
2184 1638 2234 1679 de
2253 1639 2362 1691 hoc,

1333 1705 1444 1758 quod
1465 1706 1588 1758 dicit,
1612 1707 1721 1760 quod
1754 1718 1872 1750 amor
1892 1713 1930 1750 et
1959 1708 2108 1751 odium
2135 1709 2266 1750 simul
2293 1720 2363 1762 pe-

1333 1779 1516 1820 rierunt.
1564 1778 1718 1820 Contra
1756 1794 1765 1821 :
1805 1780 1913 1821 Mala
1958 1781 2157 1823 voluntas
2197 1793 2365 1835 semper

1335 1852 1478 1890 manet
1501 1864 1509 1890 :
1543 1850 1655 1891 mala
1683 1851 1881 1893 voluntas
1910 1854 1972 1893 est
2001 1864 2078 1905 per
2105 1864 2296 1893 amorem
2323 1856 2364 1894 et

1333 1921 1482 1962 odium
1503 1937 1512 1962 z
1540 1934 1643 1975 ergo
1658 1953 1671 1973 ,
1693 1925 1772 1963 etc.
1795 1923 1900 1964 Item
1925 1923 1977 1964 de
2009 1922 2082 1963 illa
2101 1922 2362 1964 exhortatio-

1330 2005 1384 2033 ne
1408 2008 1415 2034 :
1446 1993 1589 2045 Vade,
1614 1999 1654 2038 et
1681 1994 1842 2037 comede
1862 2006 2016 2047 panem
2049 1998 2196 2047 tuum,
2217 1998 2254 2036 el
2273 1994 2362 2037 bibe

1330 2065 1495 2106 viuum.
1519 2064 1561 2106 Si
1580 2065 1766 2107 velimus
1788 2066 1841 2106 ad
1860 2066 1940 2106 hoc
1962 2065 2232 2118 respondere,
2249 2067 2362 2118 quod

1330 2134 1436 2175 illud
1463 2135 1617 2177 dicitur
1635 2137 1681 2177 in
1697 2149 1880 2190 persona
1899 2136 2097 2190 Epicuri,
2119 2140 2219 2177 tunc
2250 2140 2363 2190 patet

1329 2207 1548 2259 responsio
1565 2220 1575 2258 3
1598 2207 1670 2248 sed
1687 2207 1723 2247 si
1742 2207 1943 2251 volumus
1968 2208 2177 2249 sustinere
2195 2208 2241 2248 in
2262 2221 2361 2261 per-

1329 2289 1435 2318 sona
1453 2290 1544 2330 sua,
1567 2278 1795 2320 dicendum
1811 2311 1821 2330 ,
1842 2279 1956 2331 quod
1985 2291 2084 2319 cum
2105 2278 2224 2330 dicit,
2249 2280 2363 2332 quod

1330 2349 1489 2389 mortui
1509 2361 1595 2389 non
1620 2352 1856 2400 noverunt,
1879 2348 2134 2401 intelligitur
2153 2352 2362 2403 quantum

1329 2420 1382 2461 ad
1398 2433 1469 2472 ea,
1493 2434 1589 2474 quae
1617 2422 1783 2463 suntin
1806 2421 1889 2462 hoc
1922 2421 2082 2463 mundo
2100 2453 2111 2473 ,
2139 2422 2238 2475 quia
2270 2422 2363 2464 haec

1329 2493 1546 2534 mundana
1566 2505 1654 2534 non
1672 2495 1907 2543 noverunt,
1925 2505 2001 2533 nec
2022 2493 2184 2534 suntin
2204 2505 2362 2535 memo-

1328 2563 1392 2603 ria
1423 2563 1761 2616 mundanorum,
1792 2577 1870 2605 nec
1901 2564 2060 2605 habent
2092 2563 2361 2606 affectionem

1328 2633 1380 2674 ad
1412 2633 1666 2685 mundana‘;
1697 2637 1739 2675 et
1770 2634 1853 2676 1100
1883 2637 1998 2688 patet
2031 2646 2106 2688 per
2145 2634 2357 2686 litteram,

1328 2705 1430 2758 quia
1447 2705 1547 2747 dicit
1564 2720 1572 2747 ε
1588 2706 1671 2748 Nee
1690 2706 1839 2749 habent
1849 2710 2018 2760 partem
2036 2708 2086 2749 in
2099 2706 2174 2750 hoc
2194 2707 2358 2750 soeculo.

1329 2774 1447 2825 Quod
1474 2776 1673 2829 objicitur
1702 2777 1753 2818 de
1784 2777 1856 2818 illa
1887 2777 2211 2830 exhortatione,
2241 2778 2358 2829 dico,

1328 2847 1441 2897 quod
1461 2847 1532 2888 illa
1551 2847 1790 2890 exhortatio
1810 2861 1895 2890 non
1924 2852 1986 2890 est
2006 2849 2198 2891 absolute
2222 2850 2331 2891 dicta
2347 2881 2358 2901 ,

1328 2918 1402 2959 sed
1419 2918 1631 2960 conclusio
1645 2931 1698 2960 ex
1711 2920 1913 2973 praedicta
1934 2920 2207 2962 conclusione
2226 2920 2356 2962 illata.

1328 2988 1447 3030 Unde
1472 2989 1598 3030 dicit:
1629 2989 1746 3032 Vade
1776 3001 1891 3044 erqo,
1918 2991 1998 3032 hoc
2030 2993 2093 3033 est
2123 2991 2290 3032 dicere:
2315 2990 2360 3032 Si

1328 3059 1458 3100 homo
1499 3072 1586 3101 non
1628 3063 1764 3114 potest
1803 3061 2067 3113 distinguere
2083 3093 2094 3113 ‚
2127 3063 2276 3102 utrum
2316 3061 2360 3101 in

1328 3131 1526 3184 praesenti
1558 3130 1641 3172 Deo
1674 3131 1859 3183 placeat,
1891 3134 1931 3172 et
1961 3132 2007 3172 in
2037 3132 2181 3173 futuro
2213 3131 2363 3173 debeat

1328 3201 1572 3254 praemiari3
1605 3201 1639 3241 si
1663 3201 1766 3252 hoc,
1796 3201 1997 3255 inquam,
2028 3202 2134 3243 scire
2165 3214 2251 3243 non
2282 3213 2362 3255 po-

1330 3341 1446 3373 xxvn,
1466 3334 1495 3364 4.
1517 3349 1558 3355 —
1586 3333 1613 3354 ¹⁰
1635 3332 1659 3363 ΙΙ
1687 3332 1782 3371 Tim„
1810 3340 1854 3370 11,
1875 3334 1904 3364 5.
1933 3349 1974 3355 —
1999 3333 2026 3355 ²¹
2053 3332 2165 3373 Joan„
2191 3340 2245 3374 lx,
2269 3335 2298 3366 4.
2322 3351 2364 3358 —

1332 3381 1357 3402 ¹²
1377 3379 1467 3419 Gal.‚
1489 3387 1535 3419 w,
1559 3381 1607 3411 10.
1632 3397 1672 3402 —
1697 3379 1720 3397 ¹³
1739 3379 1810 3420 Joh,
1831 3386 1894 3419 xit,
1921 3381 1972 3412 25.
1994 3397 2035 3403 —-
2058 3380 2079 3398 ¹⁸
2100 3380 2179 3421 lsa„
2202 3388 2259 3412 xix
2280 3405 2290 3421 ,
2312 3383 2361 3413 14.

1330 3446 1371 3451 —
1391 3427 1415 3449 ’ὃ
1436 3427 1515 3463 Im„
1540 3434 1663 3468 xxxul,
1684 3428 1714 3458 G.

2152 3489 2203 3526 42
