2633 3878
127 867 234 893 Justifi-

254 336 328 376 346

589 453 775 492 Articulus
798 451 937 487 (ciffus.

299 544 432 591 Liquet
463 541 593 587 itaque
622 534 827 585 quomodo
857 531 1029 579 gratuitae
1058 525 1278 565 dilectionis

253 610 359 642 actus
380 603 549 650 gignitur
569 604 604 637 et
622 598 794 635 vestitur.
816 595 851 632 Si
868 593 1053 630 volumus
1069 589 1164 626 scire
1183 597 1277 636 qua-

252 669 338 704 liter
360 669 394 702 et
414 664 602 708 nutritur,
623 659 915 697 consideremus
936 653 1045 701 quod
1071 651 1245 698 sequitur
1268 662 1276 686 :

254 730 534 774 Justt'ficationcs
555 729 646 760 tuus.
676 725 767 759 Ecce
794 730 865 767 per
885 717 1075 765 optimam
1102 712 1279 750 nutritio-

255 803 344 828 nem
365 790 416 827 ad
435 786 685 825 nutriendam
711 782 961 819 dilectionem
978 779 1138 826 propter
1157 774 1278 822 tripli-

256 865 339 890 cem
377 851 600 888 rationem:
640 846 734 894 quia
766 841 988 891 justificatio
1022 837 1280 882 mundificat,

254 914 444 957 vivificat,
475 909 692 947 salvificat:
720 916 890 954 quorum
918 904 1090 952 primum
1115 899 1282 947 pertinet

255 976 306 1013 ad
340 973 580 1020 imaginem3
617 969 834 1007 secundum
872 966 923 1003 ad
960 962 1278 1007 similitudinem3

256 1039 409 1077 tertium
438 1036 489 1074 ad
517 1033 813 1072 beatitudinem.
849 1033 897 1067 De
928 1029 1057 1077 primo
1078 1028 1118 1062 ¹:
1156 1039 1173 1060 «
1202 1025 1282 1062 Fiat

256 1112 323 1138 cor
357 1110 491 1136 meum
530 1095 827 1134 immaculatum
864 1093 905 1129 in
939 1087 1282 1138 justificationibus

256 1163 329 1199 tuis
349 1174 356 1197 ε
380 1176 397 1195 »
424 1171 510 1197 ecee
526 1157 747 1205 J'ustiiicatio
769 1154 1044 1197 mundificans,
1069 1150 1282 1196 imaginem

255 1223 490 1272 reparando.
535 1223 584 1257 De
611 1218 785 1256 secundo
807 1218 823 1261 ¹²
855 1229 863 1253 ε
903 1228 921 1250 «
953 1218 1037 1252 Non
1071 1211 1282 1250 obliviscar

253 1285 548 1332 justificationes
562 1285 662 1327 tuas,
677 1281 770 1328 quia
783 1279 823 1316 in
837 1278 930 1326 ipsis
940 1275 1143 1314 vivificasti
1157 1284 1219 1310 me
1235 1285 1243 1309 :
1261 1286 1278 1306 »

257 1359 344 1385 ecce
366 1345 588 1393 justificatio
610 1343 833 1387 vivificans,
856 1338 1152 1377 similitudinem
1173 1346 1281 1372 com-

256 1409 449 1458 parando.
477 1410 528 1444 De
554 1407 664 1443 tertio
686 1407 698 1428 ³
722 1418 730 1442 :
769 1418 786 1439 «
814 1403 973 1442 Salvum
992 1411 1054 1438 me
1082 1400 1162 1444 sac,
1183 1409 1282 1446 quo-

257 1473 363 1508 niam
397 1469 715 1517 justificationes,
739 1482 755 1499 n
799 1468 898 1502 etc.:
936 1474 1023 1500 ecce
1058 1460 1282 1509 justificatio

258 1533 479 1570 salvificans
495 1531 546 1568 ad
566 1529 851 1567 beatitudinem
872 1524 1145 1574 praeparando.
1167 1525 1283 1560 Caete-

258 1606 370 1637 rum,
391 1594 483 1642 quia
511 1603 653 1641 parum
680 1590 835 1639 proficit
867 1587 1076 1635 gratuitam
1105 1585 1284 1623 dilectio-

259 1669 348 1694 nem
370 1657 482 1702 oriri,
501 1655 629 1692 vestiri
643 1682 655 1699 ‚
673 1653 830 1699 nutriri,
851 1651 925 1688 nisi
949 1649 1129 1698 proficiat
1155 1651 1283 1685 custo-

261 1721 333 1757 diri
349 1733 359 1766 ;
386 1719 632 1768 pensandum
653 1720 728 1763 est,
757 1714 866 1763 quod
897 1713 990 1750 dicit
1026 1711 1217 1758 Propheta
1236 1710 1284 1747 de

260 1783 380 1830 ipsius
400 1780 588 1819 custodia.

584 1884 775 1921 Articulus
797 1884 960 1929 quartus.

309 1974 350 2008 In
370 1972 463 2007 omni
480 1973 643 2015 tempore.
666 1965 767 2011 Quid
787 1967 841 2001 est
855 1966 891 1999 in
910 1964 1006 1999 omni
1026 1965 1193 2008 tempore,
1212 1961 1287 1998 nisi

261 2033 443 2071 continue
457 2034 475 2068 ⁵?
493 2028 738 2068 Continuatio
760 2037 852 2073 ergo
870 2024 1057 2073 temporis
1076 2022 1288 2072 requiritur

261 2096 312 2133 ad
344 2093 562 2131 custodiam
591 2090 804 2128 dilectionis
828 2101 836 2125 :
867 2087 977 2136 quod
1007 2086 1212 2134 proprium
1233 2089 1289 2123 est

261 2155 556 2206 perseverantiae
575 2153 716 2191 finalis.
740 2153 782 2188 Et
801 2153 914 2196 nota,
945 2149 1055 2197 quod
1073 2149 1146 2185 ista
1165 2147 1288 2185 conti-

262 2219 395 2257 nuatio
415 2216 603 2264 temporis
623 2215 740 2251 debet
761 2223 842 2250 esse
864 2210 1101 2249 trimembris
1123 2223 1130 2246 :
1153 2212 1289 2257 utputa.

263 2280 454 2325 mentalis,
473 2277 702 2325 corporalis,
723 2274 891 2320 vocahs3
913 2276 955 2310 ut
977 2272 1085 2309 omni
1113 2275 1288 2319 tempore

263 2344 310 2380 sit
329 2341 495 2379 charitas
515 2340 555 2376 in
583 2341 712 2375 mente
725 2365 737 2383 ,
758 2336 910 2373 castitas
930 2336 969 2371 in
989 2344 1176 2382 corpore,
1203 2333 1290 2370 laus

263 2405 304 2441 in
324 2415 404 2440 ore.
440 2405 489 2439 De
518 2402 646 2449 primo
666 2401 710 2436 ¹⁶:
751 2413 768 2433 «
803 2403 900 2436 Ama
930 2398 1138 2434 Dominum
1169 2397 1289 2432 Deum

264 2470 388 2512 tuum,
412 2468 447 2502 et
465 2475 578 2501 serva
597 2464 793 2510 praecepta
807 2462 889 2508 eJ'us
910 2459 1018 2497 omni
1037 2461 1214 2506 tempore
1238 2469 1246 2493 :
1269 2471 1286 2492 »

265 2540 352 2566 ecce
379 2527 556 2565 custodia
581 2525 773 2563 mentalis.
809 2527 859 2561 De
879 2522 1053 2560 secundo
1073 2522 1085 2544 ⁵
1108 2533 1116 2557 ε
1143 2535 1159 2555 ιι
1179 2520 1289 2557 Omni

265 2595 440 2639 tempore
472 2589 546 2626 sint
575 2588 804 2625 vestimenta
832 2588 899 2622 tua
930 2584 1111 2622 candida.
1142 2597 1160 2618 »
1197 2584 1289 2627 Quae

266 2656 321 2690 est
339 2652 454 2689 vestis
474 2651 658 2696 candida,
679 2650 752 2687 nisi
776 2647 1020 2686 conversatio
1043 2649 1146 2683 casta
1160 2646 1178 2682 2?
1195 2647 1289 2682 Ecce

267 2715 443 2751 custodia
469 2713 699 2761 corporalis.
727 2714 778 2749 De
804 2710 916 2748 tertio
936 2709 949 2728 ⁶·
978 2721 986 2746 :
1014 2720 1031 2744 α
1061 2707 1173 2746 Omni
1193 2709 1290 2744 tem-

266 2787 360 2823 pore
381 2775 547 2813 benedic
566 2778 687 2812 Dcum
707 2786 714 2810 :
739 2787 756 2807 »
781 2783 868 2810 ecce
891 2770 1068 2808 custodia
1088 2769 1248 2806 vocalis.
1271 2781 1288 2802 n

697 2881 867 2922 Epilogus.

318 2963 412 3000 Dicit
440 2973 534 3008 ergo
553 2961 743 3008 Propheta
762 2960 804 2996 in
822 2959 894 2996 viri
912 2958 1004 3005 justi
1025 2966 1213 3005 persona,
1235 2955 1293 2992 in-

271 3036 394 3062 nuens
415 3025 610 3061 servorem
637 3025 813 3070 respectu
847 3020 1021 3067 gratuitae
1042 3017 1260 3056 dilectionis
1283 3029 1291 3054 :

273 3088 482 3134 Concupirz't
502 3088 624 3122 anima
643 3095 740 3128 mea,
762 3086 951 3131 quantum
982 3081 1034 3118 ad
1052 3081 1294 3117 voluntatem

270 3150 509 3197 parientem3
534 3148 762 3189 Desiderare,
785 3147 977 3193 quantum
994 3143 1043 3180 ad
1068 3143 1295 3179 charitatem

271 3211 532 3256 vestientem3
566 3211 845 3255 Justificatz'ones
881 3211 961 3243 luas
981 3234 990 3251 ,
1024 3208 1214 3252 quantum
1243 3203 1295 3240 ad

269 3273 456 3318 justitiam
472 3272 785 3315 nutrientem,·1n
802 3271 896 3306 omna·
914 3273 1084 3314 tempore,
1105 3268 1295 3313 quantum

273 3334 324 3370 ad
342 3333 670 3381 perseverantiam
690 3331 986 3370 custodientem.

319 3447 327 3466 ¹
350 3445 439 3477 Psal.
467 3446 550 3486 hoc,
580 3447 630 3477 80.
657 3463 695 3469 —
723 3445 733 3463 2
758 3445 855 3484 thid„
881 3445 932 3475 93.
959 3459 999 3466 —
1024 3441 1038 3463 ³
1063 3440 1161 3481 ibid„
1185 3441 1235 3471 94.
1257 3456 1297 3462 —

275 3492 285 3510 ⁴
304 3492 416 3530 Dent„
441 3500 495 3531 xz,
520 3496 548 3524 t.
571 3509 611 3515 —
633 3492 646 3515 ⁸
666 3492 780 3531 Eccli„
801 3500 846 3532 ix,
869 3492 898 3523 8.
918 3507 958 3514 —
978 3494 989 3507 ‘¹
1010 3487 1096 3527 Tob„
1119 3493 1165 3527 W,
1185 3487 1236 3517 20·
1258 3501 1298 3507 ’-

276 3539 289 3559 ¹
310 3538 388 3578 Tit„
410 3545 432 3577 ι,
455 3541 503 3569 40.
524 3555 564 3563 —
582 3540 596 3561 ⁸
617 3539 713 3579 thid„
736 3542 786 3572 13.
810 3556 849 3563 -
869 3539 882 3560 ⁹
903 3537 998 3578 Gen„
1016 3542 1091 3576 xx1,
1114 3536 1151 3566 25
1172 3535 1206 3565 et
1223 3540 1296 3571 seq.

278 3602 312 3607 —
335 3586 359 3609 ¹0
374 3585 462 3617 Psal.
483 3594 560 3626 CXL,
581 3589 611 3618 5.
629 3604 666 3610 —
688 3588 731 3628 (α’)
751 3586 841 3618 Edz't.
870 3586 946 3617 Ven.
968 3582 1173 3625 propositus

944 310 1216 358 EXPOSITIO
1245 307 1299 351 IN
1333 308 1685 351 PSALTERIUM.

1721 479 1939 508 VERSICULUS
1965 479 2002 504 V.

1399 587 1458 622 2¹.
1477 586 1700 630 Increpasti,
1721 585 1793 620 etc.
1814 584 1855 620 ln
1874 580 2108 630 praecedenti
2129 580 2379 628 quaternario

1352 648 1558 684 tractatum
1577 648 1633 682 est
1658 645 1707 681 de
1724 645 1918 691 ,iustorum
1943 644 2095 679 fervore
2117 643 2309 690 quantum
2329 641 2380 678 ad

1352 708 1578 745 interiorem
1609 707 1820 752 affecturn3
1854 705 1895 741 in
1926 704 2107 752 praesenti
2129 703 2380 752 quaternario

1353 774 1535 809 tractatur
1552 771 1600 807 de
1620 771 1755 817 tepore
1774 769 1971 815 justorum
1992 770 2184 814 quantum
2205 766 2257 803 ad
2276 770 2382 804 exte-

1352 835 1498 871 riorem
1529 831 1722 868 effectum.
1757 829 1827 867 Iste
1859 833 1969 877 tepor
1999 828 2196 865 interdum
2226 828 2382 866 evenire

1355 893 1597 941 dignoscitur
1623 903 1692 940 per
1721 891 1902 929 effectum
1923 893 2143 939 aspectum,
2164 893 2200 928 et
2226 890 2384 938 despec-

1353 960 1437 994 tum
1457 968 1465 993 :
1489 955 1661 992 defectus
1682 953 1945 1001 subsequitur.
1965 955 2006 990 ln
2025 953 2101 990 hoc
2118 952 2247 1001 primo
2267 963 2384 991 versu

1355 1018 1565 1056 adhibetur
1583 1016 1806 1054 remedium
1835 1018 1971 1052 contra
1990 1018 2166 1063 teporem
2199 1016 2384 1053 extrinse-

1355 1091 1465 1125 cum,
1486 1079 1550 1116 vel
1570 1079 1765 1116 desectum
1792 1077 2036 1124 recogitandi
2065 1076 2163 1124 quid
2190 1078 2384 1125 postposi-

1354 1145 1461 1187 tum,
1482 1140 1580 1189 quid
1611 1140 1887 1188 praepositum,
1916 1139 2014 1187 quid
2046 1139 2258 1184 omissum,
2287 1138 2385 1187 quid

1356 1205 1588 1243 admissum.
1625 1203 1864 1251 postpositus
1903 1205 1958 1239 est
1994 1202 2110 1239 timor
2141 1202 2350 1250 increpans
2370 1217 2381 1250 ς

1356 1266 1588 1316 praepositus
1608 1266 1655 1315 (a)
1689 1268 1817 1302 tumor
1846 1275 2010 1312 crepans
2025 1277 2035 1311 3
2067 1264 2234 1301 omissus
2253 1264 2385 1302 fervor

1356 1329 1596 1368 maledicens
1609 1340 1621 1374 3
1643 1327 1837 1365 admissus
1859 1330 1970 1374 tepor
1990 1326 2255 1364 malefaciens,

1684 1433 1876 1468 Articulus
1906 1433 2059 1478 primus.

1405 1517 1624 1562 Increpasti;
1653 1524 1740 1552 ecce
1765 1513 1895 1561 prima
1929 1524 2008 1551 vox
2041 1514 2270 1560 ostendens,
2288 1514 2386 1563 quid

1358 1580 1513 1628 tepidus
1540 1579 1670 1627 primo
1691 1577 1897 1625 recogitat,
1921 1578 2014 1625 quia
2039 1578 2244 1623 timorem,
2266 1588 2385 1625 quem

1358 1644 1653 1690 postposuerat,
1672 1652 1743 1689 per
1763 1652 1882 1689 quem
1903 1643 2003 1677 Deus
2031 1642 2234 1688 peccantes
2262 1640 2384 1677 incre·
2404 1651 2484 1677 Deus
2496 1649 2546 1676 tri-

1359 1707 1439 1752 pat.
1476 1704 1542 1742 Hic
1569 1714 1780 1752 possumus
1810 1705 1964 1749 notare,
1987 1702 2097 1751 quod
2129 1704 2228 1739 Deus
2255 1713 2325 1751 per
2345 1712 2385 1739 se
2416 1689 2537 1758 Ρξζζὲῗ

1360 1766 1424 1804 vel
1439 1777 1531 1804 suos
1549 1765 1706 1802 videtur
1725 1767 1932 1813 peccantes
1949 1764 2147 1812 tripliciter
2167 1764 2384 1812 increpare,
2405 1739 2548 1799 tgsincre-

1360 1828 1542 1866 videlicet
1567 1829 1771 1876 potenter,
1792 1827 2005 1875 prudenter
2021 1855 2032 1872 ,
2052 1826 2262 1864 clementer
2283 1837 2292 1864 :
2313 1837 2387 1875 po·
2405 1813 2465 1846 ¹³⁸²·

1360 1893 1483 1928 tenter
1515 1889 1691 1937 increpat
1718 1891 1924 1937 peccantes
1956 1899 2003 1926 ex
2032 1888 2252 1935 industria3
2289 1899 2388 1937 pru·-

1363 1952 1524 1997 denter,
1556 1953 1763 1999 peccantes
1793 1962 1841 1988 cx
1873 1950 2095 1997 ignorantia
2112 1961 2124 1997 ;
2155 1950 2387 1999 clementer,

1360 2016 1566 2062 peccantes
1583 2025 1631 2050 ex
1649 2013 1890 2060 impotentia.
1921 2015 1970 2049 De
1989 2012 2120 2061 primo
2138 2012 2319 2050 scribitur
2337 2015 2388 2052 ab

1361 2075 1548 2124 Apostolo
1565 2075 1578 2096 ⁷
1600 2088 1611 2111 :
1637 2089 1654 2109 «
1676 2077 1770 2112 Sunt
1789 2075 1900 2112 multi
1920 2074 2216 2122 inobedienteS,
2237 2077 2389 2115 vanilo-

1363 2138 1446 2185 qui,
1465 2137 1699 2174 seductores.
1722 2150 1740 2172 »
1764 2139 1807 2174 Et
1826 2136 1925 2173 infra
1943 2137 1956 2158 ⁸
1980 2147 1988 2171 z
2015 2148 2033 2170 «
2057 2136 2172 2183 (Quos
2187 2138 2241 2183 tu)
2264 2138 2387 2175 incre-

1361 2210 1413 2246 pa
1433 2199 1555 2245 dure,
1584 2212 1601 2234 »
1633 2209 1679 2235 ac
1707 2199 1740 2234 si
1771 2198 1875 2234 dicat
1896 2211 1906 2233 .·
1928 2200 2106 2245 potenter
2134 2202 2386 2248 peccantem,

1362 2260 1530 2298 libenter
1557 2262 1594 2296 et
1623 2261 1785 2296 scienter
1801 2287 1812 2305 ,
1835 2259 1956 2296 debes
1974 2260 2175 2307 increpare
2195 2263 2388 2308 potenter.

1364 2323 1415 2359 De
1432 2321 1605 2359 seeundo
1620 2323 1633 2344 ⁹
1654 2333 1662 2358 :
1691 2335 1708 2355 «
1722 2321 1919 2358 Abraham
1933 2321 2147 2369 increpavit
2164 2323 2389 2362 Abimelech

1363 2388 1524 2432 propter
1537 2387 1699 2432 puteum
1713 2395 1826 2432 aquae
1846 2394 1964 2431 quem
1978 2383 2016 2420 vi
2034 2384 2274 2423 abstulerant
2288 2387 2390 2424 servi

1364 2447 1482 2484 illius.
1513 2446 1807 2494 Responditque
1827 2445 2054 2482 Abimelech
2075 2458 2083 2482 ε
2106 2448 2254 2484 Nescivi
2269 2476 2281 2494 ,
2304 2449 2391 2496 quis

1363 2508 1495 2546 fecerit
1513 2509 1615 2546 hanc
1631 2519 1729 2553 rem,
1744 2508 1813 2544 sed
1830 2510 1866 2544 et
1885 2510 1925 2544 tu
1945 2518 2026 2544 non
2046 2508 2226 2546 indicasti
2245 2510 2354 2548 mihi.
2369 2525 2386 2547 n

1367 2573 1461 2608 Eece
1494 2570 1699 2618 quomodo
1727 2565 1894 2617 peccans
1918 2570 2145 2617 ignoranter
2170 2571 2393 2621 increpatur

1365 2632 1601 2681 prudenter;
1625 2632 1718 2680 quia
1746 2632 1888 2669 veritas
1919 2633 2096 2680 corrigit,
2118 2645 2236 2681 quem
2257 2636 2394 2672 severi-

1366 2699 1426 2732 tas
1443 2705 1525 2732 non
1545 2694 1785 2741 constringit.
1821 2695 1872 2730 De
1892 2694 2003 2731 tertio
2039 2695 2190 2731 canitur
2223 2696 2264 2732 in
2292 2698 2394 2734 Psal-

1366 2768 1432 2793 mo
1450 2758 1478 2780 ¹⁰
1501 2769 1541 2793 :a
1561 2757 1750 2803 Corripiet
1769 2768 1831 2794 mc
1850 2757 1975 2803 justus
1994 2758 2035 2793 in
2052 2758 2335 2805 misericordia,
2357 2764 2394 2797 et

1366 2817 1584 2864 increpabit
1599 2828 1662 2854 me
1679 2830 1689 2863 3
1710 2831 1727 2853 »
1753 2818 1864 2866 quasi
1896 2819 1999 2855 dicat
2018 2831 2026 2855 :
2047 2820 2145 2864 Quia
2165 2822 2325 2868 peccavi
2345 2832 2393 2860 ex

1367 2879 1600 2917 infirmitatis
1629 2879 1805 2926 miseria,
1827 2883 1995 2927 corripiet
2021 2892 2075 2917 me
2095 2882 2214 2927 justus
2234 2885 2273 2919 in
2292 2886 2394 2921 mise-

1367 2941 1527 2979 ⁷·ccordz'a
1538 2969 1549 2987 ,
1572 2945 1605 2977 et
1625 2943 1822 2988 increpabit
1843 2953 1896 2979 me
1910 2971 1922 2986 ,
1938 2953 1986 2979 ex
2006 2944 2292 2991 compassione,
2313 2956 2394 2983 non

1369 3014 1417 3041 ex
1436 3003 1706 3049 indignatione
1730 3015 1738 3039 :
1762 3003 1855 3050 quia
1872 3014 1966 3040 vera
1981 3004 2126 3050 Justitii
2151 3006 2271 3044 habet
2289 3018 2394 3045 com-

1368 3065 1617 3113 passionem3
1639 3065 1738 3102 salsa
1755 3068 1883 3102 autem
1903 3066 2226 3113 indignationem.

1677 3170 1868 3206 Artz'culus
1901 3172 2086 3208 secundus.

1419 3254 1605 3300 Superbo&
1644 3255 1737 3290 Ecce
1775 3253 1948 3290 secunda
1979 3265 2058 3290 vox
2093 3257 2197 3291 extra
2227 3256 2394 3300 reserat,

1372 3315 1482 3362 quod
1501 3314 1656 3361 tepidus
1685 3314 1786 3351 intra
1805 3325 1845 3352 se
1869 3314 2101 3353 considerat.
2124 3315 2239 3352 Plane
2258 3325 2394 3363 super-

1372 3379 1446 3416 bos
1477 3377 1720 3424 considerat,
1751 3377 1845 3424 quia
1876 3377 2077 3425 superbire
2109 3380 2303 3425 coeperat3
2325 3377 2395 3415 sed

1371 3441 1497 3477 suerat
1523 3439 1763 3486 increpatus,
1786 3441 1823 3475 et
1847 3449 2004 3486 crepare
2034 3438 2200 3475 desierat
2214 3450 2225 3484 3
2247 3441 2284 3476 et
2302 3438 2392 3475 idco

1374 3502 1423 3538 de
1453 3500 1630 3549 superbis
1657 3511 1739 3538 non
1764 3499 1932 3546 superbe
1953 3499 2167 3545 deliberat,
2190 3500 2394 3548 quomodo

1375 3575 1441 3602 cor
1462 3574 1598 3600 eorum
1618 3565 1714 3600 Deus
1731 3563 1870 3601 timore
1890 3562 2083 3611 increpat,
2105 3564 2309 3611 quomodo
2329 3574 2396 3602 cor
