2633 3878
768 226 835 270 DE
863 226 1051 270 SACRAE
1081 226 1392 272 SCRIPTURAE
1422 229 1800 276 PRAESTANTIA.·

211 319 376 363 toribus
389 330 557 373 semper
570 317 695 372 quasi
714 319 836 361 vetus
850 319 1188 371 recognoscitur,
1204 321 1247 361 et

212 394 357 434 tamen
371 391 503 433 doctis
520 401 688 443 semper
700 400 813 431 nova
831 389 1054 443 reperitur.
1075 388 1128 432 Ut
1147 401 1248 443 ergo

213 463 264 505 de
291 475 439 506 rerum
465 462 652 516 pondere
675 463 837 502 taceam
852 492 863 511 ,
885 461 1081 502 scientias
1104 464 1249 503 tamen

214 548 362 579 omnes
382 537 509 588 atque
525 533 754 585 doctrinas,
769 533 861 586 ipso
874 533 1004 574 etiam
1024 533 1250 575 locutionis

212 620 301 651 suae
321 619 440 649 more
462 606 748 657 transcendit,
775 605 877 658 quia
905 617 992 647 uno
1016 606 1250 659 eodemque

212 691 421 731 sermone,
442 678 545 720 dum
562 680 706 718 narrat
726 679 907 729 textum,
930 677 1069 730 prodit
1086 679 1246 731 myste-

211 751 340 803 rium,
362 753 402 792 et
421 750 481 791 sic
499 750 576 791 scit
594 749 809 803 praeterita
839 749 990 800 dicere,
1017 751 1064 790 ut
1088 761 1138 790 eo
1159 749 1250 802 ipso

210 822 378 866 noverit
401 823 544 863 futura
571 822 817 875 praedicare.
847 836 866 860 »
900 821 1128 875 Propterea
1149 821 1251 863 dicit

211 893 485 946 Augustinus
506 894 532 946 ¹,
558 893 704 947 «quod
725 905 846 934 sacra
867 892 1086 946 Scriptura
1106 892 1247 934 siclo-

211 965 380 1019 quitur,
405 967 454 1007 ut
473 964 694 1006 altitudine
715 976 795 1006 sua
824 965 1030 1019 superbos
1050 965 1246 1017 irrideat,

210 1038 496 1092 profunditate
503 1040 683 1079 attentos
693 1038 862 1089 terreat,
873 1038 1050 1080 veritate
1061 1048 1247 1092 magnos

210 1112 368 1163 pascat,
391 1109 637 1151 affabilitate
659 1109 862 1164 parvulos
882 1109 1060 1151 nutriat.
1084 1123 1104 1148 υ

266 1181 450 1232 Quartus
470 1181 670 1234 defectuS,
690 1193 820 1235 quern
840 1184 1028 1224 errantes
1048 1181 1093 1222 in
1114 1181 1253 1235 ScrIp-

211 1257 355 1297 turam
386 1254 522 1296 solent
554 1254 822 1308 impingere,
863 1257 926 1296 est
959 1254 1249 1309 superfluitas.

212 1326 366 1368 Dicunt
394 1327 525 1376 enim,
555 1326 670 1380 quod
705 1326 984 1380 genealogias
1014 1326 1253 1381 superfluas

212 1399 341 1450 texit,
363 1401 404 1440 et
421 1398 621 1439 historias
641 1398 866 1452 productas
886 1399 1025 1452 ponit,
1057 1402 1098 1440 et
1117 1399 1254 1440 multa

213 1470 421 1512 inutiliter
451 1470 618 1523 repetit.
653 1469 779 1511 Hunc
811 1482 1001 1512 errorem
1040 1471 1181 1523 tangit
1212 1474 1253 1512 et

213 1543 413 1596 reprobat
444 1542 666 1592 Rabanus,
700 1542 842 1583 dicens
862 1543 901 1594 ἦε
933 1558 952 1582 α
970 1541 1108 1585 Verba
1130 1555 1251 1599 quae-

213 1614 313 1656 dam
340 1615 391 1656 de
410 1614 575 1655 arcanis
600 1614 709 1666 legis
735 1617 854 1667 sunt,
883 1615 928 1655 in
954 1616 1112 1669 quibus
1132 1628 1252 1658 erra-

217 1689 376 1730 verunt
398 1687 536 1728 multi.
561 1685 662 1728 Haec
691 1690 835 1728 autem
861 1690 962 1728 sunt
981 1687 1193 1740 historiae,
1212 1691 1253 1730 et

213 1760 501 1811 narrationes,
523 1771 620 1813 quae
641 1761 893 1813 repetuntur
915 1759 961 1800 in
979 1759 1100 1813 lege,
1124 1762 1165 1801 et
1183 1772 1251 1802 re-

213 1833 466 1874 memoratio
506 1831 833 1885 generationum
864 1831 1054 1874 filiorum
1087 1832 1190 1876 Noe.
1230 1847 1251 1873 n

212 1903 264 1947 Et
283 1904 510 1958 subjungit
529 1904 573 1945 in
593 1905 679 1945 fine
700 1903 847 1957 capitis
868 1918 877 1945 ε
900 1919 919 1943 (‹
940 1903 1021 1945 Sed
1040 1904 1157 1958 scito,
1183 1917 1253 1947 cu-

208 1976 467 2030 juscumque
479 1975 542 2017 rei
556 1976 763 2017 rationem
777 1988 863 2017 non
875 1976 1062 2019 advertis
1075 1977 1119 2018 in
1136 1977 1247 2031 lege,

211 2060 281 2090 res
322 2048 395 2089 illa
430 2060 601 2089 causam
635 2048 764 2089 habet
799 2048 977 2100 fortem,
1015 2050 1250 2091 secundum

212 2120 327 2174 quod
363 2120 565 2162 dixerunt
601 2120 840 2174 sapientes:
873 2120 966 2163 Non
993 2123 1055 2163 est
1088 2121 1249 2174 aliquid

210 2192 368 2234 frustra
385 2192 431 2233 in
450 2192 596 2243 nobis,
625 2192 668 2233 id
699 2195 761 2234 est
791 2193 837 2234 in
864 2193 1070 2247 sapientia
1096 2194 1251 2236 tradita

210 2265 364 2316 nobis;
393 2265 509 2318 quod
529 2264 564 2305 si
592 2265 749 2306 frustra
778 2268 854 2317 est,
887 2277 942 2307 ex
962 2266 1085 2307 nobis
1103 2269 1164 2308 est
1173 2281 1183 2318 3
1206 2266 1249 2308 id

211 2339 289 2388 est,
311 2348 366 2378 ex
382 2336 544 2378 defectu
562 2336 749 2378 scientiae
762 2339 935 2380 nostrae.
953 2337 1063 2379 Nam
1077 2338 1249 2391 injustis

182 2414 186 2417 “
210 2417 329 2449 sacra
347 2407 566 2462 Scriptura
593 2408 765 2451 videtur
793 2409 953 2463 injusta
969 2442 979 2461 ,
1005 2409 1249 2463 insipienti-

209 2477 292 2520 bus
319 2479 471 2532 stulta,
503 2481 711 2522 obscoenis
745 2481 992 2533 immunda,
1020 2481 1143 2524 vanis
1174 2494 1248 2524 su-

211 2550 388 2603 perflua.
431 2551 499 2593 Sic
531 2564 554 2593 e
585 2552 753 2602 contra',
786 2553 1046 2605 sapientibus
1077 2553 1248 2595 videtur

212 2621 352 2662 omnis
369 2623 587 2676 sapientiae
614 2624 871 2666 contentiva.
891 2638 911 2662 ›>
938 2623 1115 2678 Propter
1134 2625 1249 2678 quod

213 2692 446 2746 Gregorius
467 2697 482 2720 ³
514 2698 732 2749 comparat
772 2708 867 2738 eam
905 2708 1093 2738 mannae.
1128 2696 1247 2747 Quod

212 2777 316 2808 vero
336 2766 474 2809 aliena
501 2767 554 2809 sit
579 2780 604 2809 a
623 2767 842 2822 Scriptura
862 2769 1133 2823 superfluitas
1158 2781 1249 2811 om·

210 2838 295 2889 nis,
328 2839 600 2881 manifestum
631 2843 693 2881 est
722 2841 968 2882 testimonio
997 2841 1244 2893 Salvatoris,

211 2920 310 2950 cum
333 2910 435 2952 dicit
452 2911 485 2952 ¹0:
509 2926 529 2950 α
549 2911 687 2953 Amen
709 2912 865 2966 quippe
885 2913 978 2955 dico
1001 2914 1138 2967 vobiS,
1162 2914 1248 2956 iota

210 2992 366 3034 unum,
382 2985 456 3024 aut
475 2995 588 3025 unus
607 2996 717 3037 apex
736 2996 821 3025 non
837 2985 1071 3038 praeteribit
1089 2998 1114 3027 a
1132 2986 1243 3039 lege,

210 3053 343 3096 donec
358 3056 503 3097 omnia
516 3057 634 3109 fiant,
654 3062 732 3098 etc.
751 3072 770 3095 >³
787 3055 879 3098 Non
899 3057 1038 3098 solum
1052 3070 1158 3111 ergo
1172 3059 1248 3099 mi·

208 3126 328 3168 nima
357 3127 508 3179 littera,
540 3129 626 3170 iota
650 3129 894 3182 superfluit3
916 3129 987 3170 sed
1010 3142 1087 3171 nec
1106 3130 1247 3173 littera

208 3199 366 3250 minor,
388 3213 519 3254 apex,
551 3202 625 3255 qui
654 3202 893 3243 litterarum
920 3203 1246 3256 ambiguitatem

208 3271 462 3326 distinguit:
499 3277 661 3327 quanto
692 3275 831 3328 magis
860 3275 980 3316 nulla
1013 3275 1244 3330 Scripturae

209 3355 342 3386 sacrae
355 3344 532 3398 syllaba,
548 3347 616 3389 vel
631 3347 774 3400 dictio,
790 3347 860 3390 vel
874 3348 1082 3389 sententia
1102 3360 1246 3402 super-

207 3413 342 3458 fluere
354 3419 507 3469 potest!
523 3417 700 3472 Propter
718 3419 833 3473 quod
848 3418 899 3461 de
913 3418 1030 3461 libris
1049 3419 1149 3472 illis,
1167 3421 1242 3475 qui

252 3524 260 3542 ¹
280 3526 383 3567 Aug„
402 3524 441 3557 de
463 3526 545 3559 Gen.
569 3526 616 3559 ad
633 3527 717 3570 litt„
738 3528 794 3561 lib.
816 3529 857 3567 V,
880 3538 910 3563 c.
933 3535 988 3562 111.
1008 3545 1049 3554 —
1067 3529 1079 3549 ²
1098 3530 1244 3572 naban„

208 3570 244 3603 in
263 3571 360 3614 Gen„
377 3581 409 3607 c.
428 3581 545 3617 cuxt,
565 3583 708 3610 cmxxx.
725 3593 766 3602 —
780 3576 794 3599 ³
809 3577 927 3620 Greg.,
941 3577 1083 3618 moral„
1102 3578 1162 3613 lib.
1183 3580 1243 3620 Vl,

2304 237 2354 275 {3

1323 320 1510 363 maxime
1540 321 1741 364 videntur
1772 334 1947 365 narrare
1985 323 2215 377 superflua,
2255 324 2357 366 dicit

1323 389 1612 446 Hieronymus
1635 395 1679 435 ⁵:
1708 408 1727 433 α
1747 393 1796 435 In
1814 396 1998 438 Levitico
2027 394 2202 448 singula
2231 395 2358 436 sacri-

1323 464 1434 516 ficia,
1455 465 1540 506 imo
1560 466 1747 519 singulae
1767 467 1956 520 syllabae,
1977 470 2019 508 et
2038 470 2176 509 vestes
2196 468 2354 520 Aaron,

1324 539 1366 578 et
1393 539 1506 579 totus
1533 539 1637 580 ordo
1663 540 1856 582 levitIcus
1886 539 2049 592 spirant
2083 541 2268 582 coelestia
2287 553 2354 582 sa-

1325 612 1556 652 cramenta.
1579 611 1759 655 Numeri
1777 624 1879 655 vero
1898 624 2040 653 nonne
2059 613 2187 653 totius
2211 614 2355 655 Arith-

1324 683 1488 724 meticae
1509 685 1713 737 mysteria
1733 684 1974 726 continent?
1996 683 2120 724 Liber
2140 683 2360 737 Paralipo-

1325 765 1475 798 menon
1505 756 1650 797 tantus
1679 758 1755 808 est,
1790 755 1904 809 quod
1937 755 2028 796 sine
2059 767 2108 796 eo
2141 755 2358 797 scientiam

1326 824 1649 880 Scripturarum
1669 828 1703 868 si
1722 827 1818 881 quis
1837 827 2023 869 voluerit
2042 826 2123 868 sibi
2142 839 2357 879 arrogare,

1326 898 1515 952 seipsum
1546 899 1734 941 irrideat.
1766 897 1847 940 Per
1873 898 2046 951 singula
2079 910 2249 952 quoque
2280 910 2357 940 no·

1325 970 1460 1022 mina,
1488 971 1799 1024 Juncturasque
1829 970 2085 1021 verborum,
2118 971 2160 1011 et
2187 972 2361 1023 praeter-

1326 1041 1468 1084 missae
1497 1042 1541 1083 in
1566 1042 1684 1083 libris
1710 1043 1870 1098 Requm
1894 1044 2124 1084 narrantur
2150 1042 2360 1095 historiae,

1326 1115 1368 1155 et
1424 1114 1757 1157 innumerabiles
1819 1115 2086 1169 explicantur
2140 1113 2364 1167 Evangelii

1327 1186 1597 1239 quaestiones.
1614 1201 1633 1225 »
1650 1186 1770 1229 Unde
1790 1186 2061 1228 Cassiodorus
2076 1186 2110 1227 ⁶:
2127 1200 2146 1225 ει
2166 1186 2213 1227 In
2227 1186 2366 1240 Scrip-

1326 1257 1435 1298 turis
1454 1259 1611 1300 sanctis
1630 1258 1828 1301 nimietas
1844 1271 1932 1301 non
1952 1259 2170 1312 arguitur,
2188 1258 2262 1300 sed
2281 1270 2366 1300 ma-

1327 1329 1396 1383 gis
1414 1329 1716 1385 importunitas
1734 1331 1883 1375 crebra
1901 1331 2119 1374 laudatur:
2143 1333 2184 1373 et
2196 1331 2363 1383 merito,

1328 1402 1430 1456 quia
1458 1406 1618 1458 quanto
1649 1404 1797 1446 notitia
1823 1417 1970 1447 rerum
1998 1404 2248 1446 salutarium
2269 1405 2365 1458 plus

1327 1473 1518 1528 discitur,
1558 1477 1676 1518 tanto
1707 1476 1891 1530 amplius
1928 1477 2196 1519 credentibus
2235 1479 2362 1531 atque

1327 1546 1601 1598 operantibus
1627 1549 1787 1590 aeterna
1813 1548 1903 1591 vita
1929 1551 2179 1602 praestatum
2207 1551 2360 1603 praete-

1327 1617 1410 1659 rita
1435 1618 1527 1660 sine
1550 1619 1733 1663 salsitate
1766 1620 2082 1674 describuntur3
2115 1620 2359 1675 praesentia,

1327 1689 1579 1745 priusquam
1602 1692 1657 1746 (a)
1686 1692 1928 1745 videantur,
1959 1693 2265 1744 ostenduntur;
2292 1693 2360 1735 fu-

1326 1764 1444 1815 tura,
1476 1764 1599 1818 quasi
1626 1764 1830 1818 perfecta,
1857 1768 2104 1808 narrantur.
2128 1764 2293 1819 Ubique
2316 1765 2363 1806 in

1326 1834 1388 1876 eis
1413 1835 1572 1878 veritas
1597 1839 1771 1890 regnat,
1797 1837 1960 1893 ubique
1979 1837 2124 1881 divina
2143 1837 2283 1881 virtus
2301 1837 2359 1879 ir-

1325 1907 1485 1959 radiat,
1515 1908 1679 1963 ubique
1708 1909 1960 1964 panduntur
1988 1910 2179 1954 humano
2212 1910 2361 1965 generi

1325 1979 1566 2032 profutura.
1587 1995 1606 2020 n

1379 2051 1658 2107 Comparatur
1678 2067 1784 2108 ergo
1804 2054 2122 2110 Scripturarum
2142 2067 2359 2097 sacrarum

1325 2123 1447 2177 origo
1473 2125 1603 2168 rebus
1625 2126 1993 2180 eminentissimis,
2014 2130 2188 2182 propter
2213 2127 2357 2169 altitu-

1324 2194 1468 2238 dinem
1495 2197 1732 2250 dignitatis.
1763 2198 1838 2241 Est
1863 2200 1978 2241 enim
2007 2200 2102 2253 ejus
2134 2199 2356 2252 inattingi-

1323 2267 1421 2311 bilis
1440 2269 1618 2313 altitudo
1633 2304 1646 2324 ,
1666 2274 1839 2326 propter
1862 2272 2156 2315 auctoritatem
2175 2272 2359 2315 inviola-

1323 2339 1468 2384 bilem.
1491 2342 1768 2398 Comparatur
1790 2344 2108 2399 scripturarum
2137 2356 2358 2387 sacrarum

1323 2414 1504 2457 materia
1533 2416 1662 2458 rebus
1688 2417 2040 2470 affluentissimis,
2066 2420 2239 2472 propter
2267 2417 2360 2472 ple-

1322 2484 1562 2529 nitudinem
1595 2488 1810 2532 bonitatis.
1847 2489 1921 2532 Est
1956 2489 2072 2532 enim
2106 2490 2200 2542 eJus
2238 2489 2361 2531 inex-

1323 2556 1564 2602 haustibilis
1582 2561 1817 2615 plenitudo,
1838 2564 2011 2617 propter
2029 2562 2359 2616 profunditatem

1322 2628 1749 2683 imperscrutabilem.
1793 2634 2071 2688 Comparatur
2116 2633 2358 2688 Scriptura-

1323 2713 1423 2744 rum
1449 2715 1667 2747 sacrarum
1692 2706 1855 2758 forma,
1888 2707 1980 2749 sive
2006 2706 2159 2748 modus
2184 2706 2356 2760 agendi,

1323 2775 1451 2817 rebus
1469 2777 1846 2831 perspicuissimis,
1869 2781 2041 2833 propter
2063 2779 2359 2821 certitudinem

1322 2847 1531 2891 veritatis.
1548 2848 1622 2891 Est
1642 2850 1758 2892 enim
1777 2852 1870 2904 ejus
1889 2851 2120 2893 infallibilis
2135 2851 2358 2903 certitudo,

1324 2923 1497 2974 propter
1519 2934 1768 2975 processum
1795 2923 2159 2966 inconsutabilem.
2176 2924 2359 2977 Compa-

1321 2994 1443 3033 ratur
1474 2992 1791 3047 Scripturarum
1819 3006 2037 3038 sacrarum
2068 2997 2227 3047 forma,
2260 3007 2358 3050 quae

1322 3065 1384 3104 est
1410 3064 1563 3107 modus
1593 3065 1819 3119 loquendi,
1852 3068 1980 3110 rebus
2009 3067 2354 3122 speciosissimis,

1320 3138 1493 3189 propter
1512 3136 1874 3190 pulchritudinem
1891 3140 2139 3182 honestatis.
2153 3139 2226 3182 Est
2240 3139 2356 3181 enim

1321 3208 1414 3260 eJus
1441 3208 1830 3252 incontaminabilis
1859 3210 2155 3265 pulchritudo,
2183 3213 2356 3265 propter

1320 3279 1573 3323 charitatem
1642 3283 2005 3327 inohfuscabilem.
2073 3283 2352 3337 Comparatur

1320 3350 1639 3407 Scripturarum
1656 3367 1878 3399 sacrarum
1893 3357 1991 3398 finis
2010 3356 2141 3399 rebus
2157 3356 2357 3399 efficacis-

1319 3476 1352 3500 ο.
1385 3476 1490 3502 1x.—
1516 3469 1529 3489 ⁴
1551 3470 1687 3512 Mami„
1720 3479 1752 3511 v,
1782 3473 1830 3505 18.
1852 3489 1893 3496 —
1920 3474 1930 3493 ⁵
1951 3471 2103 3514 Hieron.,
2131 3470 2176 3504 ad
2203 3471 2352 3514 Paulin„

1319 3516 1417 3558 epist.
1439 3526 1567 3552 c111.—
1587 3521 1598 3539 ⁶
1617 3521 1783 3562 Cassiod„
1802 3522 1842 3553 cle
1862 3521 1938 3555 Div.
1958 3523 2058 3564 Lect„
2077 3531 2107 3556 c.
2129 3530 2198 3557 xvi.

1360 3584 1407 3627 (α)
1426 3585 1506 3622 Coet.
1527 3587 1607 3622 edit.
1628 3588 1822 3631 plusquam.

2392 2066 2520 2102 scriptu-

2379 2117 2418 2137 τε.
2431 2116 2520 2136 sacrae

2391 2158 2506 2187 compa-

2379 2193 2463 2221 ratio.
