2633 3878
259 218 336 256 62⁶2
935 213 1206 254 EXPoSITIO
1238 212 1288 253 IN
1321 212 1719 255 ECGLESiASTEN.

257 302 610 351 inobedientiam;
647 302 831 341 secundo
848 333 858 351 ,
892 307 1037 343 conti-a
1072 303 1285 355 loquelam

257 374 444 423 stultam,
461 373 517 412 ihi
540 376 550 396 ¹
572 386 581 411 ε
603 372 663 414 Ne
681 377 828 414 temere
841 373 948 425 quid
960 374 1165 426 loquaris,
1188 376 1282 423 etc;

256 444 391 492 tertio,
403 447 546 484 contra
556 443 853 495 cogitationem
866 456 1101 493 erroneam,
1112 444 1169 483 ibi
1183 448 1197 469 ¹¹
1216 456 1224 482 :
1239 445 1286 485 δι’

255 514 418 557 rideris
434 515 674 557 culzmmz'as
690 526 924 568 cycnorum,
944 520 1021 556 ctc.
1039 516 1085 556 Iu
1100 516 1285 557 remedio

256 588 403 625 contra
423 585 749 626 inobedientiam
781 586 994 625 inducitur
1022 586 1282 637 exhortatio,

255 658 296 696 et
311 656 589 708 subjungitur
608 656 913 697 exhortationis
934 655 1055 696 ratio.
1079 655 1284 697 Exhorta-

254 729 326 767 tur
345 731 488 768 autem
508 728 559 767 ad
578 727 824 778 diligentem
847 726 1003 779 pedum
1024 726 1281 778 custodiam,

254 807 308 836 ne
325 797 661 849 transgrediatur
681 797 880 837 mandata
899 797 1065 848 divina,
1102 797 1194 838 ideo
1219 797 1285 837 di-

255 866 309 906 cit
332 878 341 905 :
367 866 542 909 Custodi
558 867 704 919 pedem
725 873 867 917 τιιιιιη,
900 878 951 910 ne
970 869 1077 919 forte
1105 868 1284 910 declinet

254 947 281 977 α
302 938 375 978 via
388 944 511 980 recta.
539 942 553 963 ³
577 954 595 977 α
610 937 784 979 Gressus
804 942 939 979 rectos
961 939 1082 979 facite
1105 939 1282 992 pedibus

255 1008 416 1058 vestris,
431 1013 579 1050 utnon
599 1009 836 1050 claudicans
850 1010 943 1062 quis
957 1012 1083 1050 erret.
1107 1024 1127 1047 n
1146 1010 1283 1063 Inqre—

254 1078 378 1120 cliens
396 1080 444 1120 z‘n
469 1080 640 1123 domum
666 1082 767 1130 Dei,
790 1080 831 1121 id
851 1083 935 1132 est,
958 1081 1002 1121 in
1029 1081 1279 1133 Ecclesiam,

254 1150 321 1190 vel
353 1151 599 1191 servitutem
630 1151 726 1201 Dei,
760 1151 804 1191 in
842 1164 971 1204 quam
1000 1165 1098 1192 cum
1131 1153 1282 1195 timore

252 1221 374 1262 debet
395 1222 524 1262 homo
555 1222 750 1274 ingredi3
774 1223 889 1264 unde
917 1223 1070 1265 dicitur
1090 1228 1103 1249 ⁴
1127 1240 1134 1265 :
1162 1240 1180 1263 α
1211 1225 1280 1265 In—

254 1292 388 1332 troibo
408 1292 450 1332 in
471 1292 646 1333 domum
666 1297 781 1334 tuam
795 1325 808 1344 ,
832 1297 872 1334 et
892 1294 1076 1335 adorabo
1095 1296 1148 1336 ad
1173 1299 1282 1336 tem-

253 1362 373 1414 plum
394 1366 588 1404 sanctum
607 1366 733 1405 tuum
747 1365 791 1404 in
808 1366 959 1407 timore
981 1368 1070 1408 tuo.
1088 1381 1106 1404 ›)
1135 1366 1194 1407 Ita
1213 1368 1283 1409 de-

253 1433 321 1473 bet
341 1433 489 1486 pedem
509 1446 636 1475 suum
655 1447 825 1477 servare
845 1436 896 1476 ab
918 1437 1217 1490 inobedientia,
1241 1442 1283 1479 et

254 1508 498 1557 promptum
517 1506 674 1547 habere
706 1506 757 1547 ad
778 1506 1061 1548 obedientiam
1079 1522 1088 1559 ;
1111 1512 1282 1563 propter

253 1575 365 1627 quod
381 1575 479 1616 dicit
500 1591 507 1616 :
527 1577 581 1619 Et
605 1579 931 1630 appropinquo,
961 1583 1007 1621 ut
1031 1581 1216 1632 erudias,
1240 1582 1282 1623 id

254 1651 339 1696 est,
362 1646 546 1687 obedias.
576 1648 901 1701 Appropz‘nqua‚
925 1650 1024 1702 quia
1044 1651 1056 1672 ⁵
1083 1666 1102 1689 «
1124 1652 1198 1704 qui
1213 1664 1282 1705 ap-

254 1716 541 1769 propinquant
561 1718 736 1770 pedibus
757 1721 864 1771 ejus,
888 1721 1093 1773 accipient
1119 1722 1170 1762 de
1190 1722 1282 1763 doc-

253 1785 365 1825 trina
384 1786 513 1828 illius.
529 1802 548 1824 »
571 1788 739 1830 Audias
753 1821 764 1840 ,
786 1790 1046 1831 obediendo6
1064 1807 1073 1829 ε
1095 1792 1280 1833 «Audite

253 1856 434 1896 verbum
443 1858 627 1909 Domini,
638 1860 827 1901 universi
837 1861 909 1913 qui
923 1861 1196 1914 ingredimini
1208 1875 1281 1915 pcr

253 1929 393 1978 portas
406 1927 482 1968 has
495 1942 503 1968 z
515 1928 605 1969 haec
627 1929 725 1970 dicit
739 1930 962 1972 Dominus:
979 1934 1183 1974 custodite
1193 1935 1281 1974 ani-

252 2009 342 2038 mas
363 2002 534 2040 vestras.
551 2014 569 2037 »
597 2000 648 2041 Et
669 2002 951 2055 subjungitur
974 2004 1280 2046 exhortationis

250 2069 356 2109 ratio
389 2084 397 2110 z
426 2071 559 2113 illzclto
595 2073 706 2114 enim
743 2073 889 2116 melior
917 2079 979 2117 esc
1017 2075 1277 2127 obedientia,

251 2151 377 2192 quam
397 2141 620 2184 stultorum
641 2145 847 2194 victimae,
864 2146 941 2197 qui
960 2147 1153 2189 nescium
1172 2148 1281 2200 quid

251 2211 421 2260 faciunt
450 2213 555 2254 mali
571 2229 588 2260 ;
624 2214 698 2266 qui
724 2227 810 2255 non
843 2220 1156 2268 recognoscunt
1181 2230 1279 2258 suas

249 2284 623 2335 transgressiones,
645 2297 721 2326 nec
745 2289 894 2327 curant
914 2288 1098 2328 obedire.
1123 2288 1279 2340 Grego-

251 2352 339 2392 rius
356 2357 367 2377 7
392 2365 401 2393 :
430 2353 608 2395 «Melior
640 2359 700 2396 est
719 2356 978 2408 obedientia⁷
1002 2371 1131 2410 quam
1156 2359 1279 2400 victi—

251 2435 333 2464 mae
350 2423 377 2475 Β,
393 2440 412 2462 ι)
433 2426 530 2477 quia
546 2426 590 2466 in
604 2427 842 2468 obedientia
860 2431 1069 2469 mactatur
1083 2430 1279 2470 voluntas

251 2495 446 2547 propria,
478 2496 524 2536 in
561 2496 734 2537 victima
778 2510 875 2538 caro
905 2498 1056 2539 aliena.
1090 2499 1279 2542 Abusiva

249 2568 309 2605 est
327 2568 583 2619 comparatio
596 2600 606 2618 ,
632 2569 731 2621 quia
748 2569 984 2610 obedientia
1003 2575 1066 2610 est
1085 2571 1218 2623 bona,
1238 2574 1279 2612 et

250 2636 342 2677 ideo
362 2637 495 2689 placet
507 2653 516 2688 ;
541 2639 653 2679 unde
671 2639 825 2680 dicitur
840 2640 854 2661 ⁹
875 2654 883 2681 :
911 2656 930 2679 α
948 2639 1114 2681 Bonum
1136 2645 1198 2682 est
1218 2642 1279 2683 vi-

249 2720 319 2757 ro,
354 2722 451 2750 cum
477 2711 711 2763 portaverit
736 2713 896 2764 ,iugum
923 2713 976 2753 ab
1001 2713 1278 2754 adolescentia

249 2791 338 2819 sua.
362 2795 380 2817 ι)
413 2780 494 2821 Sed
514 2781 699 2822 victimae
727 2782 954 2823 stultorum
979 2783 1199 2836 displicent
1215 2783 1242 2805 ¹⁰
1265 2798 1273 2824 :

254 2849 471 2891 «Victimae
485 2852 717 2905 impiorum
729 2853 1233 2896 abominabilesDomino.
1249 2869 1267 2892 ›>

249 2919 366 2962 Unde
385 2921 486 2962 Saul
502 2924 785 2975 reprehensus
798 2925 892 2975 fuit,
915 2925 1018 2978 quia
1035 2938 1178 2966 amore
1198 2926 1276 2967 ob-

247 2990 414 3033 lationis
424 2996 716 3046 transgressus
727 2996 1222 3049 estdivinumsimperium
1232 2995 1273 3038 ¹¹:

254 3077 273 3099 α
291 3061 508 3116 Numquid
538 3064 631 3105 vult
662 3065 864 3106 Dominus
901 3066 1167 3118 holocausta,
1202 3070 1276 3108 aut

248 3134 456 3186 victimas,
478 3138 519 3177 et
537 3148 623 3177 non
641 3137 781 3189 potius
800 3139 847 3178 ut
864 3137 1084 3178 obediatur
1104 3138 1170 3178 ei?
1188 3138 1276 3179 Me-

294 3266 302 3288 ¹
327 3265 428 3308 Infra,
459 3275 487 3306 v,
514 3270 541 3299 1.
561 3285 600 3290 —
623 3269 634 3287 ²
660 3268 756 3309 thid„
777 3271 807 3300 ἶ.
831 3287 865 3292 —
894 3269 907 3291 3
931 3269 1042 3310 ΙΙεὸν.,
1069 3277 1138 3309 XII,
1167 3272 1215 3301 13.
1236 3288 1276 3293 —

250 3313 263 3335 ¹·
285 3313 376 3344 Psal.
402 3322 432 3354 ν,
455 3315 483 3345 8.
506 3332 546 3337 —
565 3317 577 3337 ⁵
597 3316 706 3354 Dent„
728 3324 860 3357 xxxin,
888 3320 918 3348 3.
939 3334 980 3340 —
1000 3317 1011 3335 ⁶
1026 3317 1160 3357 Jerem„
1190 3325 1275 3358 xvii,

251 3362 302 3399 20,
323 3362 374 3392 21.
397 3377 438 3384 —
463 3362 476 3383 ⁷
496 3362 610 3403 Greg„
636 3363 758 3395 Moral.
782 3364 841 3394 lib.
866 3363 999 3402 XXXV,
1021 3373 1050 3394 c.
1075 3373 1114 3404 x,
1143 3363 1177 3394 in
1203 3363 1275 3404 lob,

251 3416 280 3438 c.
302 3414 388 3437 xxn.
414 3424 452 3430 -
480 3409 490 3426 ¹³
522 3409 533 3439 Ι
555 3410 642 3450 Rey„
671 3418 728 3450 xv,
758 3412 851 3442 22—
878 3411 889 3429 ⁹
912 3410 1044 3450 Thr-en„
1072 3417 1131 3449 ιιι,
1157 3411 1211 3441 27.
1235 3427 1276 3433 —

251 3453 276 3474 ¹⁰
297 3453 410 3491 Prov„
435 3461 492 3493 xv,
519 3456 550 3487 8.
570 3473 611 3479 —
633 3458 657 3479 ¹¹
679 3457 760 3490 Loc.
785 3465 868 3489 mox
893 3457 949 3490 cit.
969 3475 1011 3481 —
1036 3459 1062 3479 ¹²
1085 3456 1205 3498 Ecclt„
1224 3465 1275 3498 1X,

251 3499 302 3530 25.
322 3517 362 3523 —
384 3500 410 3522 ¹³
429 3500 547 3542 Eccli„
571 3511 702 3545 xxviii,
724 3506 777 3536 29.
799 3522 839 3528 -
869 3505 890 3522 ¹⁴
913 3505 1024 3545 Prov„
1045 3512 1140 3545 xxm,
1166 3506 1216 3536 29.
1237 3521 1277 3528 —

1361 303 1438 342 lior
1458 306 1520 343 est
1539 304 1652 344 enim
1675 305 1938 356 obedientia,
1961 317 2091 358 quam
2109 305 2319 356 victimae,
2349 309 2390 348 et

1361 374 1597 415 auscultare
1611 375 1766 426 magiS,
1783 387 1913 428 quam
1935 375 2087 416 offerre
2101 375 2267 428 adipem
2285 378 2389 418 arie—

1363 446 1469 484 tum.
1490 460 1508 482 n

1713 543 1941 587 CAPUT
1982 543 2038 587 V.

1413 664 1450 699 1.
1470 660 1530 701 Ne
1550 665 1694 702 temere
1704 659 1811 712 quid
1825 659 2028 711 loquaris,
2041 662 2118 700 etc.
2141 660 2216 701 Hic
2235 661 2305 701 dat
2323 672 2392 702 re-

1359 730 1546 770 medium
1570 732 1715 770 contra
1733 730 1987 770 locutionem
2008 730 2200 779 stultam,
2223 731 2312 773 sive
2331 732 2391 772 in-

1357 800 1608 840 ordinatam.
1626 800 2021 841 Inordinataautem
2042 803 2104 841 est
2128 801 2299 852 locutio,
2316 804 2390 842 aut

1357 870 1459 921 quia
1479 870 1785 911 inconsiderata
1801 902 1811 919 ‚
1842 873 1916 910 aut
1937 870 2038 922 quia
2064 870 2190 921 falsa3
2220 873 2262 911 et
2280 871 2391 912 hanc

1357 940 1552 992 prohibet
1568 941 1626 981 ibi
1644 942 1697 993 (ν.
1719 943 1756 991 3)
1775 956 1782 980 :
1807 942 1863 983 Sz'
1881 940 1989 993 quid
2012 942 2185 992 vovisti,
2207 945 2295 992 etc;
2317 945 2391 983 aut

1357 1012 1456 1064 quia
1475 1025 1666 1064 erronea,
1688 1016 1728 1054 et
1746 1014 1857 1054 hanc
1873 1014 1929 1054 ibi
1955 1015 2010 1067 (v.
2028 1014 2062 1066 5)
2085 1014 2302 1067 prohibet:
2325 1014 2387 1056 Ne

1357 1083 1526 1126 dederis
1541 1094 1585 1125 os
1606 1088 1741 1135 cuum,
1755 1088 1832 1125 etc.
1853 1084 1969 1126 Circa
1979 1085 2231 1126 locutionem
2241 1085 2387 1126 incon-

1356 1155 1582 1196 sideratam
1603 1155 1799 1207 prohibet
1818 1156 2209 1209 praecipitationem,
2228 1158 2270 1197 et
2287 1156 2388 1198 sub-

1350 1225 1500 1277 jungit
1526 1226 1755 1275 rationem,
1779 1229 1820 1266 et
1848 1226 2018 1267 adhibet
2043 1227 2082 1267 ei
2104 1227 2389 1268 confirmatio-

1354 1307 1467 1335 nem.
1497 1295 1698 1336 Prohibet
1725 1307 1829 1347 ergo
1851 1297 2247 1348 praecipitationem,
2274 1297 2388 1338 unde

1355 1365 1456 1405 dicit
1498 1381 1506 1406 ι
1547 1366 1609 1408 Ne
1643 1370 1792 1408 temere
1830 1366 1939 1419 quid
1974 1367 2163 1419 loquaris
2178 1399 2188 1418 ‚
2228 1367 2266 1407 id
2303 1371 2386 1418 est,

1358 1436 1681 1478 inconsiderate.
1705 1438 1733 1459 ¹2
1759 1437 2064 1479 «Temerarius
2091 1438 2136 1479 in
2161 1439 2292 1480 verbo
2311 1451 2389 1480 suo

1355 1507 1521 1548 odibilis
1548 1508 1641 1549 erit.
1681 1523 1700 1546 >³
1735 1509 1786 1549 Er
1812 1521 1962 1549 rursus
1988 1509 2016 1532 ¹³
2050 1522 2060 1550 ε
2086 1508 2272 1551 «Verbis
2304 1509 2389 1550 tuis

1355 1578 1478 1619 facito
1499 1582 1714 1630 stateram,
1736 1582 1778 1620 et
1803 1580 1959 1620 fraenos
1979 1580 2043 1620 ori
2063 1583 2150 1621 tuo.
2173 1594 2192 1617 ι)
2219 1580 2270 1621 Et
2288 1579 2389 1633 quia

1354 1661 1440 1689 non
1459 1653 1594 1702 potest
1614 1651 1740 1690 homo
1761 1650 1887 1691 velox
1902 1650 2148 1700 deliberare,
2170 1650 2263 1690 ideo
2284 1651 2385 1691 sub-

1354 1719 1414 1759 dit
1436 1720 1599 1772 :Neque
1624 1730 1693 1762 cor
1720 1725 1842 1762 tuum
1867 1721 1928 1763 sit
1944 1719 2066 1762 velow
2087 1719 2145 1761 ad
2166 1720 2387 1773 proferen-

1354 1790 1457 1832 dum
1476 1801 1720 1832 sermonem.
1743 1790 1833 1831 Imo
1853 1791 1926 1831 diu
1944 1790 2176 1831 deliberare
2196 1793 2384 1843 oportet;

1353 1872 1452 1900 nam
1479 1861 1630 1901 dicitur
1648 1863 1677 1886 ¹⁸
1703 1875 1711 1901 z
1740 1860 1927 1901 «Vidisti
1952 1860 2172 1900 hominem
2199 1860 2386 1902 velocem

1353 1930 1403 1970 ad
1425 1930 1686 1983 loquendum
1699 1932 1718 1970 ἱ)
1734 1931 1908 1971 stultitia
1925 1931 2131 1984 speranda
2147 1933 2210 1971 est
2230 1931 2385 1983 magis,

1353 2014 1483 2054 quam
1513 2002 1627 2042 illius
1657 2002 1878 2054 correptio.
1911 2017 1931 2040 »
1962 2001 2079 2043 Unde
2098 2002 2293 2042 distantia
2312 2002 2384 2043 de·-

1353 2073 1423 2114 bet
1451 2086 1544 2114 esse
1558 2074 1669 2114 inter
1689 2085 1736 2114 os
1762 2076 1802 2114 et
1827 2086 1912 2114 cor.
1938 2074 2027 2123 Quo
2048 2075 2192 2114 contra
2213 2074 2240 2095 ¹⁵
2261 2087 2270 2114 ε
2299 2088 2318 2111 «
2338 2073 2387 2114 In

1352 2156 1424 2185 ore
1442 2145 1657 2185 fatuorum
1678 2156 1749 2185 cor
1766 2143 1953 2184 illorum.
1974 2158 1993 2181 ))
2019 2143 2137 2184 Unde
2156 2144 2310 2185 dicitur
2327 2143 2354 2166 ¹⁸
2373 2158 2381 2183 :

1358 2230 1377 2253 «
1397 2214 1457 2256 Sit
1484 2215 1622 2255 omnis
1645 2215 1775 2254 homo
1800 2214 1926 2256 velox
1953 2214 2005 2254 ad
2035 2214 2313 2266 audiendum,
2346 2217 2387 2255 et

1352 2286 1497 2326 tardus
1517 2285 1569 2326 ad
1591 2284 1866 2337 loquendum.
1895 2299 1914 2321 »
1951 2284 2001 2325 Et
2021 2284 2178 2325 Seneca
2204 2298 2213 2325 :
2246 2300 2265 2323 «
2286 2284 2386 2326 Tar-

1353 2357 1574 2410 diloquum
1600 2359 1640 2397 te
1671 2368 1759 2396 esse
1780 2355 1892 2397 volo.
1914 2370 1934 2393 »
1959 2355 2011 2396 Et
2036 2355 2234 2396 subditur
2259 2356 2381 2408 ratio,

1351 2428 1546 2468 divinum
1561 2427 1774 2480 Judicium
1804 2426 1917 2479 quod
1942 2426 2086 2467 omnia
2105 2426 2220 2468 videt
2248 2440 2257 2468 z
2290 2427 2384 2469 ideo

1351 2498 1505 2538 dicitur
1528 2513 1537 2538 :
1560 2498 1673 2540 Deus
1698 2499 1812 2539 enim
1834 2498 1883 2539 in
1904 2498 2024 2549 coelo,
2049 2497 2218 2551 supple,
2240 2499 2384 2540 omnia

1352 2569 1498 2610 videns
1523 2569 1550 2591 ¹⁷
1581 2582 1589 2608 ε
1634 2583 1652 2606 «
1679 2567 1881 2608 Dominus
1917 2568 1967 2608 de
2004 2567 2110 2609 coelo
2147 2568 2193 2609 in
2223 2571 2383 2610 terram

1350 2640 1528 2692 aspexit.
1551 2653 1570 2677 ›>
1603 2640 1659 2682 Ετ
1680 2643 1727 2682 tu
1747 2650 1872 2692 super
1892 2643 2070 2690 terram,
2095 2639 2140 2680 in
2159 2640 2383 2681 manifesto

1351 2710 1430 2751 sibi
1456 2711 1637 2763 positus,
1674 2711 1733 2750 ita
1764 2722 1850 2751 non
1876 2710 1979 2751 lates
2010 2722 2111 2751 eum
2137 2710 2165 2733 ¹⁸
2188 2725 2197 2751 z
2227 2726 2245 2750 (ι
2265 2709 2384 2752 Oculi

1350 2781 1514 2822 Domini
1558 2782 1693 2823 multo
1727 2781 1822 2834 plus
1858 2782 2084 2822 lucidiores
2123 2784 2225 2823 sunt
2257 2793 2385 2835 super

1350 2852 1500 2903 solem,
1523 2852 1909 2904 circumspicientes
1942 2851 1988 2892 in
2011 2863 2158 2892 omnes
2185 2851 2279 2893 vias
2305 2851 2382 2893 ho-

1350 2923 1530 2964 minum.
1553 2937 1572 2961 »
1602 2922 1764 2965 Idcirco
1791 2924 1880 2964 sint
1903 2923 2036 2974 pauci
2057 2932 2264 2965 sermones
2295 2923 2382 2974 lui,

1349 2994 1450 3046 quia
1472 2994 1627 3035 scilicet
1642 2993 1829 3046 loqueris
1848 3005 1991 3034 coram
2011 2992 2116 3045 Deo,
2140 2992 2216 3046 qui
2240 2993 2384 3046 exiget

1349 3064 1557 3105 rationem
1585 3064 1636 3105 de
1670 3063 1869 3104 omnibus
1897 3063 1955 3103 ¹¹³:
1986 3065 2082 3104 «De
2106 3063 2224 3104 omni
2251 3063 2383 3106 verbo

1351 3137 1497 3189 otioso,
1521 3137 1634 3190 quod
1654 3136 1782 3177 locuti
1800 3136 1958 3177 fuerint
1976 3135 2186 3187 homines,
2207 3135 2383 3177 reddent

1350 3208 1559 3249 rationem
1579 3207 1630 3248 de
1649 3219 1699 3248 eo
1724 3207 1918 3248 homines
1945 3207 1989 3247 in
2013 3207 2080 3248 die
2102 3206 2266 3260 judieii.
2290 3220 2311 3246 1>
2331 3205 2383 3247 Et

1350 3279 1424 3321 vix
1454 3282 1589 3333 potest
1619 3291 1730 3330 esse,
1758 3279 1873 3331 quod
1903 3278 1976 3331 qui
2006 3277 2141 3319 multa
2164 3276 2378 3330 loquitur,

1350 3350 1434 3391 Deo
1468 3362 1556 3392 non
1594 3349 1838 3403 displiceat;
1875 3348 1988 3390 unde
2024 3348 2104 3389 hoc
2142 3346 2381 3388 manifestat

1352 3457 1373 3474 ¹⁵
1394 3456 1514 3496 Eccli„
1535 3465 1612 3496 XXI,
1631 3458 1683 3489 29.
1703 3474 1744 3482 -
1766 3457 1790 3476 ¹⁶
1807 3456 1892 3495 Jac.‚
1912 3462 1937 3494 1,
1959 3455 2009 3486 19,
2029 3470 2070 3477 —
2092 3451 2118 3474 ¹⁷
2139 3450 2230 3484 Psal.
2256 3459 2301 3492 ei,
2324 3453 2376 3484 20.

1354 3521 1388 3525 —
1411 3504 1436 3525 ¹8
1453 3503 1572 3542 Eccli„
1594 3511 1696 3543 xxiii,
1717 3505 1770 3536 28.
1785 3519 1826 3526 ——
1847 3502 1869 3522 ¹³
1888 3500 2025 3540 Mattlz„
2045 3507 2106 3539 xn,
2127 3500 2178 3530 36.

2622 501 2633 534 ,ν
