2633 3878
82 793 215 821 Laudare

71 842 103 862 se
108 854 116 869 ‚
125 842 216 869 quan-

72 875 109 902 do
118 876 213 904 liceat.

91 1801 201 1831 Christi

80 1852 217 1881 regnum.

1095 127 1339 170 PSALMUS
1370 129 1516 172 CXLV.

237 222 445 264 visionem
461 221 533 262 Dei
547 221 593 261 in
606 220 810 261 creaturis
823 232 834 271 ;
851 218 1106 271 coagitatam
1115 249 1127 268 ,
1139 230 1274 270 quan-

235 296 330 334 tum
356 293 408 333 ad
438 292 645 334 visionem
672 291 718 330 in
746 289 940 339 homine,
971 287 1274 340 supereffluen-

235 367 337 414 tem,
361 365 572 416 quantum
587 362 637 402 ad
658 373 752 402 eam
768 392 780 410 ,
804 371 900 412 quae
921 361 984 399 est
1002 358 1045 398 in
1065 358 1270 411 personis.

236 434 430 475 Conferta
441 445 642 474 mensura
652 431 817 480 dicitur,
831 429 1002 483 quando
1011 431 1072 469 est
1082 428 1221 481 plena,
1234 432 1274 469 et

235 518 348 556 rasa,
376 518 464 546 non
485 505 663 554 calcata3
689 502 924 555 coagitata,
958 501 1048 541 sive
1069 500 1270 551 discussa,

234 575 405 629 quando
439 575 564 628 plena
595 575 832 624 discutitur,
868 577 915 614 ut
936 573 1076 625 magis
1096 572 1270 625 implea-

233 650 324 697 tur3
347 646 668 699 supereffluens,
699 645 870 698 quando
891 643 1114 684 cumulum
1135 642 1244 683 facit.

287 717 327 758 [ι.
341 718 587 759 Potentiam
606 721 727 757 tuam
742 714 1102 768 pronuntiabunt.
1128 713 1204 754 Hic
1217 713 1274 754 di-

233 789 345 830 citur
364 788 620 841 quandoque
632 786 863 827 hominem
878 797 922 826 se
933 797 1054 837 posse
1072 785 1245 825 laudare
1262 799 1269 824 :

234 872 318 900 non
352 860 467 900 enim
503 870 670 911 semper
699 860 758 898 est
790 857 1038 908 arrogantia
1063 868 1107 897 se
1132 856 1273 909 ipsum

233 932 422 973 laudare.
456 930 505 971 In
531 930 667 970 tribus
700 928 869 969 casibus
899 930 1037 980 potest
1068 940 1112 968 se
1144 928 1274 969 homo

235 1003 410 1044 laudare
426 1034 435 1052 ,
458 1005 497 1042 et
518 1001 836 1051 commendare,
860 999 1039 1050 scilicet,
1076 1000 1150 1040 ubi
1171 1001 1275 1041 fides

234 1074 509 1128 periclitatur,
532 1074 580 1113 ut
605 1071 765 1112 Paulus
779 1070 898 1122 fecit,
918 1070 1091 1123 quando
1112 1071 1218 1111 dixit
1232 1071 1242 1091 ¹
1262 1085 1269 1112 :

241 1161 260 1184 c(
279 1144 459 1186 Ministri
488 1143 643 1184 Christi
680 1145 803 1194 sunt,
840 1145 882 1182 et
906 1154 987 1194 ego
1005 1157 1014 1192 ;
1049 1147 1098 1183 ut
1131 1143 1275 1184 minus

240 1216 410 1269 sapiens
430 1215 544 1264 dico,
564 1214 660 1267 plus
681 1226 786 1266 ego;
803 1228 821 1251 n
847 1215 896 1254 ut
915 1212 1017 1253 mali
1034 1213 1276 1266 repriman-

237 1291 323 1338 tur,
340 1290 387 1328 ut
398 1287 494 1327 fecit
508 1286 734 1339 Apostolus
747 1285 797 1325 ad
813 1285 1133 1338 reprimendum
1150 1298 1274 1339 pseu-

240 1359 294 1400 tlo
308 1358 534 1412 prophetas
552 1372 561 1407 ;
587 1357 757 1410 quando
777 1355 948 1408 propria
962 1356 1271 1404 famalaeditur.

239 1429 528 1483 Hypozeuxis,
560 1428 658 1469 dicit
689 1427 844 1478 Beda²,
875 1430 936 1468 est
955 1440 1151 1479 zeugmae
1173 1440 1274 1469 con-

238 1501 393 1552 traria,
430 1500 601 1554 quando
629 1499 786 1540 scilicet
807 1499 939 1540 verba
967 1499 1140 1551 singula
1157 1532 1167 1551 ,
1206 1500 1275 1541 vel

240 1572 473 1622 sententiaa,
494 1571 679 1623 singulis
696 1570 938 1623 quibusque
959 1570 1160 1610 clausulis
1180 1572 1275 1611 sub-

233 1645 504 1696 jssnguntur,
533 1644 582 1682 ut
612 1642 682 1682 hic
711 1656 720 1681 2
770 1642 977 1683 Virtutem
1015 1641 1276 1682 terribilium

240 1719 413 1755 tuorum
448 1713 616 1763 dicerit3
653 1712 838 1765 qloriam
870 1713 995 1765 requi
1025 1713 1090 1752 tui
1121 1712 1272 1754 dicent.

240 1786 441 1839 Regnum
465 1785 616 1826 Christi
649 1784 971 1825 commendatur
1001 1784 1069 1824 hic
1095 1797 1119 1824 a
1145 1785 1274 1837 quin-

240 1871 322 1912 que
343 1872 351 1899 :
368 1870 392 1898 a
412 1859 640 1910 potestate,
653 1856 727 1897 ubi
748 1856 869 1896 dicit:
890 1856 1133 1897 Potentiam
1155 1862 1274 1897 tuam

241 1930 497 1984 loquentur,·
523 1941 548 1968 a
567 1927 784 1980 potestatis
814 1926 1154 1967 manifestatione
1172 1959 1181 1976 ,
1210 1927 1279 1968 hic

2305 143 2382 181 573

1345 221 1386 259 et
1408 221 1699 271 contemptus3
1728 219 1838 260 circa
1856 221 2062 267 irascibile
2077 259 2087 278 ,
2112 227 2176 268 ira
2203 231 2244 269 et
2273 228 2381 270 laeti-

1347 289 1417 330 tia.
1453 288 1534 330 Sed
1566 288 1676 330 Deus
1697 288 1776 331 hoc
1795 291 1988 344 implebit
2006 295 2052 336 in
2083 297 2226 340 futuro
2248 314 2258 340 :
2281 312 2384 341 nam

1347 360 1551 400 rationale
1583 362 1778 401 nostrum
1805 362 1994 415 implebit
2015 366 2108 408 luce
2135 369 2377 422 sapientiae3

1348 430 1677 482 concupiscibile
1692 430 1804 472 sonte
1813 433 1989 484 Justitiae
2006 450 2015 485 ;
2038 436 2248 480 irascibile
2269 452 2384 480 sum-

1348 512 1420 540 ma
1439 500 1586 541 laetitia
1615 504 1655 542 et
1676 502 1982 554 tranquillitate
1999 537 2010 554 ,
2047 508 2147 559 quia
2178 512 2280 550 tunc
2305 511 2385 551 erit

1348 567 1533 619 perfecta
1569 569 1772 621 sapientia
1793 603 1802 622 ,
1840 572 2024 624 perfecta
2055 575 2235 626 justitia.
2267 577 2385 619 Tunc

1348 639 1461 679 enim
1477 639 1626 680 laetitia
1640 653 1725 681 non
1742 642 1819 682 erit
1831 647 2037 696 suspecta,
2059 650 2231 700 propter
2244 648 2382 689 scien-

1347 709 1478 761 tiam3
1501 723 1580 751 nec
1602 711 1773 764 impura
1787 744 1796 762 ‚
1816 718 1986 767 propter
2002 717 2226 768 justitiam.
2253 719 2300 760 In
2321 720 2388 761 his

1348 780 1490 822 tribus
1510 782 1700 823 consistit
1720 782 1860 835 gloria
1878 785 2033 827 animae
2055 788 2099 827 in
2118 789 2277 831 futuro.

1526 942 1795 987 PSALMUS
1826 943 2008 990 DAVID
2041 946 2211 993 CXLV.

1402 1072 1441 1109 2.
1480 1068 1647 1119 Lauda,
1681 1070 1830 1110 anima
1857 1082 1969 1121 mea,
1999 1073 2248 1115 Dominum.
2290 1074 2389 1117 Tria

1348 1142 1471 1190 sunt,
1493 1152 1590 1192 quae
1625 1139 1883 1192 impediunt,
1916 1154 1970 1182 ne
2000 1143 2053 1183 sit
2081 1144 2175 1185 laus
2207 1146 2389 1198 perfecta

1349 1210 1392 1250 in
1427 1211 1646 1263 praesenti3
1684 1211 1840 1252 scilicet
1885 1213 2078 1265 cognitio
2116 1215 2386 1269 imperfecta,

1348 1292 1450 1321 nam
1469 1281 1482 1302 '⁶
1510 1297 1530 1321 α
1552 1282 1749 1323 videmus
1769 1295 1843 1336 per
1866 1284 2087 1336 speculum
2110 1285 2155 1326 in
2175 1287 2387 1339 aenigma-

1349 1356 1412 1404 te,
1440 1356 1544 1394 tunc
1574 1358 1716 1396 autem
1747 1355 1850 1396 facie
1880 1356 1930 1396 acl
1957 1357 2134 1409 faciem3
2157 1374 2176 1397 ›)
2203 1360 2390 1412 corporis

1350 1425 1565 1477 corruptio
1584 1458 1592 1476 ,
1618 1426 1720 1478 quia
1740 1426 1752 1448 ⁵
1777 1442 1796 1465 a
1813 1439 1968 1480 corpus
1980 1459 1993 1479 ,
2017 1429 2130 1481 quod
2151 1431 2387 1484 corrumpi-

1350 1497 1435 1546 tur,
1463 1501 1677 1549 aggravat
1707 1498 1920 1549 animam,
1943 1514 1961 1537 >³
1994 1500 2240 1553 imperfecta
2259 1502 2389 1543 dilec-

1350 1567 1427 1618 tio,
1462 1569 1594 1607 nam⁶
1621 1584 1640 1606 (ι
1663 1581 1761 1609 cum
1801 1571 1967 1611 venerit
2005 1571 2117 1623 quod
2151 1573 2389 1624 perfectum

1352 1641 1438 1689 est,
1462 1640 1739 1680 evacuabitur
1758 1642 1873 1694 quod
1898 1654 1951 1682 ex
1970 1645 2089 1694 parte.
2112 1646 2222 1683 est.»
2252 1643 2359 1684 Nam
2377 1649 2390 1670 ⁷

1358 1725 1377 1747 «
1408 1710 1490 1750 erit
1522 1710 1637 1762 ignis
1678 1712 1722 1752 in
1751 1711 1853 1753 Sion
1877 1746 1888 1764 ,
1921 1716 1961 1754 et
2003 1713 2195 1755 caminus
2221 1716 2312 1768 ejus
2345 1715 2392 1755 in

1352 1779 1602 1822 Jerusalem.
1616 1796 1635 1819 ›)

1407 1853 1446 1892 4.
1470 1852 1625 1893 Exibit
1635 1853 1813 1906 spiritus
1828 1854 1933 1907 ejus.
1951 1856 2001 1898 Et
2015 1860 2116 1898 tunc
2129 1869 2282 1910 corpus
2299 1859 2391 1910 eius

1352 1928 1586 1981 revertetur
1612 1924 1662 1976 (a)
1688 1924 1732 1964 in
1754 1930 1912 1967 terram
1938 1940 2085 1978 suam,
2108 1929 2209 1981 quia
2227 1929 2390 1969 incine-

245 2001 300 2054 (ν.
329 2002 394 2051 42)
430 2014 438 2040 :
475 2000 529 2040 Ut
558 2004 708 2039 notam
736 1998 906 2051 faciant
927 1997 1029 2049 filiis
1054 1997 1280 2039 hominum

236 2073 478 2127 potentiam
509 2076 651 2121 tucm23
687 2083 711 2110 a
735 2070 910 2120 decore,
942 2069 1044 2109 hic:
1083 2069 1279 2111 Gloriam

243 2144 581 2197 mafflzificentioe
601 2142 726 2195 requi
745 2141 829 2193 tui,
849 2153 874 2181 a
897 2140 1189 2193 perpetuitate,
1210 2141 1280 2181 hic

1353 1994 1534 2044 rabitur;
1562 1995 1632 2035 sed
1654 1996 1699 2035 in
1718 1996 1863 2037 futuro
1882 1998 2119 2051 integrum,
2141 1998 2241 2052 quia
2260 1999 2388 2040 habe·
2408 2023 2547 2058 Corpori,

1354 2066 1414 2106 bit
1441 2066 1793 2118 glorificationem
1822 2082 1970 2121 suam,
2002 2082 2100 2123 quae
2132 2070 2178 2110 in
2205 2074 2389 2123 quatuor
2411 2065 2550 2134 ὓξῑζὲζξίῗ-

1354 2138 1566 2189 consistit,
1602 2139 1648 2179 in
1671 2139 2029 2192 impassibilitate,
2063 2142 2107 2182 in
2135 2141 2388 2183 immortali-
2410 2156 2474 2177 nes.

84 2517 166 2544 Deus
194 2516 227 2543 fi-

111 2558 195 2587 delis.

247 2217 301 2266 (v.
341 2216 406 2265 13)
441 2228 450 2254 t
485 2215 681 2266 Reqmim
719 2217 842 2252 tuum
876 2223 1059 2264 requam
1086 2212 1280 2253 omnium

246 2286 504 2327 saeculorum
517 2300 527 2335 3
548 2297 573 2324 a
591 2283 777 2336 generali
807 2283 1086 2335 subjectione,
1110 2286 1158 2323 ut
1176 2283 1246 2323 hic
1269 2299 1277 2324 z

247 2356 498 2399 Dominatio
519 2361 593 2395 lucz
626 2355 669 2395 in
699 2354 819 2395 omni
838 2357 1135 2407 yeneratz'one,
1158 2359 1199 2394 et
1215 2367 1282 2408 qe-

244 2428 524 2469 iterationem.

301 2498 462 2542 Fidelis
495 2497 719 2539 Dominus,
754 2496 865 2536 Deus
895 2495 1048 2536 dicitur
1074 2495 1209 2537 fidelis
1239 2497 1283 2537 in

251 2570 436 2621 duobus,
459 2569 615 2609 scilicet
635 2567 679 2607 in
699 2566 935 2620 promissis,
958 2569 998 2607 et
1017 2567 1252 2607 commissis
1270 2582 1278 2608 :

252 2642 303 2683 de
320 2641 459 2694 primo
475 2639 567 2690 hic;
586 2639 635 2680 de
654 2637 836 2678 secundo
850 2637 1101 2690 Apostolus³
1122 2653 1130 2678 :
1152 2653 1171 2677 α
1188 2637 1284 2680 Scio

249 2713 318 2754 cui
338 2712 518 2762 credidi,
542 2713 585 2752 et
603 2711 745 2750 certus
765 2721 860 2749 sum
877 2740 887 2759 ,
909 2723 929 2746 »
955 2711 1032 2749 etc.

301 2786 367 2825 16.
412 2781 570 2835 Imples
607 2793 732 2821 omne
777 2779 945 2820 animat
979 2779 1278 2822 benedictione.

249 2855 338 2897 Hoc
356 2855 436 2897 erit
457 2854 500 2894 in
519 2854 664 2894 futuro
681 2867 689 2894 ι
709 2864 811 2892 nam
828 2851 908 2892 tria
928 2852 1088 2892 suntin
1108 2853 1278 2894 anima:

244 2926 471 2975 rationale,
513 2923 836 2977 concupiscibile
853 2955 863 2974 ,
914 2923 1128 2963 irascibile
1148 2939 1158 2974 ;
1211 2925 1282 2966 sed

245 2997 582 3050 unumquodque
611 2996 843 3049 impeditur
881 2995 923 3035 in
961 2996 1163 3047 praesenti
1187 3029 1197 3048 ,
1234 2999 1283 3037 ut

245 3081 331 3111 non
364 3068 494 3122 possit
527 3067 697 3120 impleri
729 3081 738 3107 :
773 3078 876 3106 nam
908 3066 1019 3107 circa
1053 3067 1279 3119 rationale,

246 3143 343 3182 sunt
362 3139 485 3193 quasi
509 3139 702 3188 habitus,
735 3140 777 3178 et
808 3137 1017 3191 privatio,
1048 3138 1220 3180 scientia
1241 3142 1283 3180 et

1354 2211 1454 2260 tate,
1477 2210 1523 2249 in
1543 2210 1745 2262 agilitate,
1768 2211 1812 2251 in
1832 2212 2069 2264 splendore.
2092 2213 2392 2254 Immortalitas

1355 2284 1457 2321 tunc
1476 2283 1556 2322 erit
1575 2282 1618 2322 in
1647 2294 1848 2335 corpore,
1880 2296 1935 2324 ne
1962 2284 2184 2337 redigatur
2212 2285 2256 2325 iu
2278 2286 2394 2326 cine-

1355 2364 1470 2402 re1n3
1493 2353 1809 2406 impassibilitas
1828 2358 1975 2396 contra
1995 2356 2266 2407 angustiam,
2293 2368 2394 2397 nam

1356 2425 1472 2463 tanta
1492 2425 1593 2464 tunc
1613 2424 1694 2463 erit
1721 2436 1950 2477 corporum
1969 2426 2142 2478 levitas,
2164 2430 2213 2468 ut
2231 2439 2394 2480 praece-

1359 2493 1429 2534 dat
1448 2498 1550 2534 tunc
1579 2494 1794 2536 levitatem
1824 2497 2151 2549 cogitationum.
2183 2498 2395 2540 Habemus

1359 2577 1463 2618 ergo
1482 2568 1587 2606 tunc
1606 2566 1844 2618 agilitatem
1864 2569 1916 2609 ab
1932 2581 2027 2610 aere
2048 2582 2058 2610 ;
2078 2582 2179 2610 nam
2199 2570 2392 2622 legitur⁸‚

1359 2637 1474 2690 quod
1505 2637 1638 2678 sancti
1671 2641 1772 2679 sunt
1800 2654 1819 2677 «
1838 2640 1959 2692 quasi
1985 2640 2200 2693 scintillae,
2234 2654 2331 2695 quae
2350 2642 2395 2683 in

1360 2708 1611 2749 arundineto
1623 2709 1863 2751 discurrent
1879 2725 1923 2761 3»
1940 2712 1993 2752 ab
2012 2712 2023 2751 i
2029 2724 2113 2764 gne
2136 2713 2392 2766 splendoris:

1359 2792 1460 2820 nam
1480 2780 1493 2802 ⁹
1527 2781 1668 2834 «justi
1703 2781 1930 2834 fulgebunt
1958 2783 2066 2824 sicut
2097 2783 2159 2824 sol
2187 2784 2232 2824 in
2257 2797 2395 2837 regno

1359 2851 1490 2904 patris
1511 2863 1659 2892 eorum
1679 2852 1746 2905 (b).
1763 2866 1782 2890 »
1803 2852 1851 2893 In
1865 2853 1933 2894 his
1951 2857 2136 2907 quatuor
2154 2856 2233 2896 erit
2256 2856 2394 2908 gloria

1359 2923 1403 2964 in
1431 2924 1599 2975 futuro,
1627 2925 1783 2966 scilicet
1802 2926 1942 2978 gloria
1961 2927 2172 2981 corporis,
2194 2927 2297 2968 etin
2324 2929 2392 2969 liis

1359 2994 1497 3035 tribus
1517 2995 1729 3048 praedictis
1751 2997 1891 3049 gloria
1909 2998 2079 3050 animae,
2095 2998 2250 3039 scilicet
2268 2999 2311 3039 in
2331 3011 2392 3040 sa-

1358 3066 1538 3119 pientia,
1563 3069 1603 3108 et
1617 3067 1782 3120 justitia
1798 3100 1810 3118 ,
1831 3071 1872 3109 et
1889 3069 2048 3111 laetitia.

1413 3141 1452 3180 5.
1473 3140 1632 3182 Beatus
1660 3139 1782 3192 eujus
1802 3140 1913 3182 Deus
1943 3141 2072 3182 Jacob
2092 3141 2265 3195 adjutor
2283 3143 2388 3196 ejus.

245 3211 640 3265 ignorantia30irca
655 3208 1278 3262 concupiscibile,desiderium,
1358 3211 1439 3253 Per
1471 3212 1598 3254 Jacob
1628 3212 1810 3254 Ecclesia
1843 3213 2134 3267 triumphans,
2172 3227 2248 3268 per
2278 3215 2390 3258 Esau
2412 3228 2541 3257 ramesia

1360 3284 1547 3326 Ecclesia
1562 3284 1750 3325 militans
1764 3284 1996 3336 figuratur.
2016 3283 2123 3326 Nam
2142 3285 2257 3328 domi
2275 3288 2392 3330 habi·
2410 3272 2553 3347 Ρῖζζξζι

288 3346 296 3367 ¹
332 3345 358 3377 ΙΙ
393 3346 485 3386 Cor„
519 3352 577 3384 xl,
613 3344 672 3383 22,
705 3344 757 3375 23.
790 3359 830 3365 —
868 3342 879 3360 ²
909 3341 1006 3381 Bed.‚
1043 3340 1082 3373 de
1115 3342 1281 3376 Sekemat.
2411 3353 2551 3381 militans.

245 3394 280 3426 S.
301 3393 425 3433 script.
443 3409 484 3416 —-
511 3391 567 3423 ³11
591 3391 686 3429 Tim„
708 3399 734 3431 1,
758 3391 807 3422 12.
825 3407 865 3411 —
888 3388 902 3410 ¹·
922 3390 932 3420 1
958 3389 1049 3427 Cor.²
1070 3397 1149 3431 XIII,
1176 3393 1226 3422 12.
1241 3410 1282 3415 —
1360 3392 1370 3410 ⁸
1387 3392 1481 3434 Sap„
1502 3398 1554 3431 111,
1575 3393 1606 3423 7.
1624 3409 1665 3414 —
1681 3391 1694 3414 ⁹
1716 3391 1852 3432 Matth„
1871 3400 1948 3433 X111,
1978 3394 2028 3426 43.
2045 3411 2087 3422 ι-
2109 3395 2152 3437 (α)
2172 3397 2222 3430 ΑΙ.
2249 3400 2392 3431 reverti.

244 3441 257 3463 ⁶
274 3440 367 3481 Sap„
389 3446 437 3480 lx,
458 3439 604 3471 15.—⁶1
627 3438 716 3479 Cor„
738 3445 818 3479 xm,
838 3438 940 3469 10.—
958 3437 968 3456 ⁷
985 3437 1064 3474 Isa„
1086 3445 1185 3479 xxxi,
1207 3439 1282 3470 9.—
1360 3441 1426 3470 tur.
1447 3456 1488 3464 -
1507 3439 1552 3480 (b)
1575 3438 1629 3471 At.
1652 3439 1737 3480 ejus.
