2633 3878
243 232 293 271 88
942 231 1390 277 ILLUMINATIONES
1419 235 1682 279 ECCLESIAE

242 319 380 372 gium,
418 321 458 359 et
486 320 548 359 est
581 317 689 359 liber
719 319 899 373 scriptus
930 320 1162 363 forinsecus
1187 338 1196 363 ε
1231 324 1274 364 111

241 389 425 442 qualibet
439 389 553 429 enim
573 392 765 431 creatura
779 394 842 432 est
862 393 1121 445 refulgentia
1141 394 1275 436 divini

240 460 508 513 exemplaris,
523 461 595 501 sed
605 473 704 502 cuni
717 462 901 503 tenebris
916 464 1142 516 permixta.
1156 464 1274 506 Unde

242 531 349 572 sicut
382 532 580 584 quaedam
601 534 787 586 opacitas
806 534 996 574 admixta
1026 535 1178 576 lumini
1212 539 1273 579 est

242 602 326 653 via,
348 603 393 644 in
415 606 578 645 tantum
599 608 659 645 est
690 605 761 645 via
782 605 942 646 ducens
973 606 1018 646 in
1038 607 1270 661 exemplar.

240 671 359 715 Sicut
378 677 425 715 tu
452 675 587 726 vides,
620 676 734 729 quod
753 676 899 717 radius
926 677 1089 718 Intrans
1115 691 1192 732 per
1211 680 1271 721 fe-

240 749 427 786 nestram
456 747 738 788 diversimode
770 747 1002 800 coloratur,
1035 751 1272 792 secundum

240 816 398 857 colores
419 817 608 859 diversos
639 819 908 861 diversarum
942 821 1130 873 partium
1149 823 1269 874 vitri3

240 888 298 928 sic
318 888 460 928 radius
492 889 661 930 divinus
692 891 737 930 in
769 891 950 943 singulis
972 893 1178 934 creaturis
1209 894 1271 935 di-

240 960 491 1013 versimode,
513 965 553 1002 et
572 962 616 1002 in
636 962 813 1005 diversis
845 964 1176 1017 proprietatibus
1204 979 1271 1007 re-

238 1031 391 1083 fulget.
428 1031 546 1073 Unde
578 1033 785 1087 scriptum
807 1038 868 1075 est
889 1036 927 1076 ¹:
958 1051 977 1074 «
997 1035 1045 1077 ln
1077 1037 1156 1078 viis
1186 1039 1273 1080 suis

239 1104 418 1145 ostendit
431 1117 516 1146 se.»
527 1105 631 1146 Item
645 1109 706 1147 est
715 1107 946 1160 vestigium
957 1108 1172 1161 sapientiae
1183 1109 1270 1151 Dei.

241 1175 357 1218 Unde
377 1180 571 1219 creatura
593 1191 681 1220 non
710 1181 771 1219 est
791 1179 872 1220 nisi
903 1180 1116 1233 quoddam
1140 1182 1273 1222 simu-

239 1247 402 1289 lacrum
429 1249 646 1302 sapientiae
678 1250 778 1300 Dei,
812 1253 852 1291 et
882 1251 1095 1304 quoddam
1130 1253 1273 1306 sculp-

239 1319 324 1360 tile.
358 1319 408 1360 Et
436 1333 489 1361 ex
519 1321 586 1362 his
618 1322 817 1363 omnibus
853 1325 915 1362 est
952 1323 1126 1376 quidam
1166 1324 1273 1365 liber

240 1391 419 1444 scriptus
434 1392 547 1434 foris.
565 1392 741 1443 Quando
757 1405 861 1446 ergo
875 1393 1018 1435 anima
1034 1395 1149 1437 videt
1160 1396 1270 1448 baec,

240 1463 408 1504 videtur
426 1464 520 1515 sibi,
537 1465 650 1518 quod
667 1465 838 1507 deberet
853 1467 1034 1507 transire
1049 1468 1102 1508 ab
1119 1468 1275 1509 umbra

241 1534 293 1575 ad
309 1534 462 1586 lucem,
487 1549 511 1576 a
530 1537 600 1577 via
620 1536 672 1577 ad
691 1537 940 1588 terminum,
963 1551 988 1578 a
1019 1539 1202 1591 vestigio
1222 1540 1274 1581 ad

241 1606 477 1657 veritatem,
500 1620 525 1647 a
543 1607 651 1648 libro
682 1608 734 1647 ad
754 1608 970 1649 scientiam
992 1622 1152 1662 veram,
1177 1623 1274 1664 quae

241 1678 366 1719 estin
386 1679 484 1721 Deo.
518 1679 641 1720 Hunc
674 1680 832 1721 librum
863 1682 1008 1735 legere
1037 1686 1099 1724 est
1120 1684 1274 1724 altissi-

240 1765 413 1795 morum
433 1754 880 1807 contemplativorum,
902 1767 989 1795 non
1009 1756 1274 1797 naturalium

240 1825 605 1878 philosophorum3
627 1827 728 1879 quia
748 1826 887 1867 solum
917 1827 1056 1867 sciunt
1076 1830 1275 1868 naturam

240 1908 401 1948 rerum,
422 1909 508 1938 non
529 1901 576 1938 ut
594 1898 842 1951 vestigium.
866 1898 992 1940 Aliud
1011 1899 1061 1939 ad
1062 1899 1275 1951 jutorium

243 1970 305 2008 est
324 1968 553 2021 spiritualis
580 1971 798 2019 creaturae,
822 1981 920 2022 quae
953 1971 1014 2009 est
1041 1969 1204 2021 lumen,
1226 1974 1276 2013 ut

245 2039 480 2092 speculum,
504 2043 551 2081 ut
569 2041 731 2092 imago,
755 2043 803 2081 ut
819 2040 927 2081 liber
945 2040 1125 2093 scriptus
1144 2041 1273 2082 intus.

247 2112 393 2153 Omnis
405 2113 640 2153 substantia
655 2111 887 2165 spiritualis
902 2112 1048 2152 lumen
1064 2114 1137 2152 est.
1156 2111 1275 2154 Unde

243 2182 437 2225 Psalmus
456 2184 470 2205 2
487 2198 495 2225 :
519 2199 538 2220 «
555 2182 783 2235 Signatum
805 2185 867 2223 est
886 2195 1014 2235 super
1032 2195 1108 2224 nos
1128 2183 1275 2225 lumen

242 2254 388 2295 vultus
407 2255 486 2306 tui,
511 2254 697 2296 Domine.
720 2269 740 2292 »
765 2254 903 2295 Simul
922 2254 1049 2294 etiam
1075 2267 1172 2295 cum
1192 2255 1275 2297 hoc

242 2329 303 2367 est
321 2326 554 2378 speculum,
577 2326 689 2379 quod
709 2326 855 2379 recipit
875 2326 1033 2376 omnia,
1059 2329 1100 2367 et
1121 2339 1274 2380 reprae-

243 2398 393 2446 sentat,
415 2399 454 2436 et
474 2396 600 2436 habet
618 2398 818 2436 naturam
839 2395 1029 2445 luminis,
1049 2399 1097 2436 ut
1112 2397 1275 2450 judicet

241 2465 291 2507 de
313 2467 455 2509 rebus.
475 2468 604 2509 Totus
621 2467 748 2508 etiam
763 2467 948 2508 mundus
962 2467 1213 2509 describitur
1228 2469 1273 2510 in

242 2539 398 2591 anima,
420 2542 461 2581 et
479 2540 605 2580 etiam
626 2542 686 2580 est
705 2540 863 2591 imago;
886 2538 987 2591 quia
1002 2551 1109 2591 ergo
1132 2543 1194 2580 est
1212 2540 1273 2581 lu-

242 2622 353 2662 men,
379 2613 420 2652 et
439 2611 658 2664 speculum
677 2611 839 2651 habens
866 2621 1012 2650 rerum
1044 2610 1271 2664 imagines,

242 2682 334 2723 ideo
355 2684 416 2723 est
434 2682 581 2734 imago
608 2697 616 2724 :
640 2685 680 2723 et
699 2695 753 2723 ex
779 2682 860 2722 1100
879 2684 941 2721 est
959 2681 1067 2722 liber
1090 2683 1272 2735 scriptus

242 2754 371 2794 intus.
395 2753 511 2794 Unde
541 2755 593 2794 ad
612 2755 813 2795 intimum
840 2753 995 2794 animae
1023 2754 1168 2795 nullus
1195 2768 1270 2808 po-

243 2827 323 2865 test
344 2825 515 2876 intrare,
536 2825 631 2865 licet
653 2825 705 2865 sit
722 2824 922 2877 simplex3
945 2824 1025 2864 1100
1044 2828 1189 2866 autem
1210 2830 1273 2868 est

242 2895 400 2935 intrare
419 2895 470 2935 ad
482 2895 704 2948 potentias,
722 2894 839 2948 quia,
857 2894 1088 2935 secundum
1104 2895 1273 2949 Augus-

241 2966 396 3018 tinum,
420 2967 622 3007 intimum
640 2966 794 3007 animae
815 2969 877 3009 est
907 2968 1001 3018 01115
1022 2979 1268 3020 51111111111111;

241 3041 399 3090 quanto
425 3037 610 3090 potentia
640 3037 844 3088 intimior,
878 3040 997 3078 tanto
1030 3039 1269 3082 sublimior.

243 3108 343 3150 Haec
361 3109 445 3152 duo
467 3108 627 3148 habent
649 3109 764 3160 magi
785 3109 1017 3150 Pharaonis
1035 3113 1069 3161 33
1093 3112 1164 3152 sed
1184 3114 1272 3153 ter-

241 3179 350 3220 tium
379 3180 444 3233 adj
453 3179 642 3220 utorium
663 3183 724 3220 est
744 3181 964 3233 scripturae
984 3186 1268 3224 sacramenta-

243 3249 309 3290 lis.
332 3250 403 3291 Est
435 3252 580 3291 autem
611 3251 750 3291 omnis
771 3252 979 3304 scriptura
1010 3264 1081 3293 cor
1112 3253 1200 3304 Dei,
1223 3268 1270 3296 os

244 3318 327 3370 Dei,
349 3319 500 3372 lingua
515 3320 603 3372 Dei,
625 3321 814 3362 calamus
842 3321 929 3372 Dei,
964 3321 1071 3363 liber
1090 3325 1271 3378 scriptus

243 3388 343 3429 foris
362 3391 404 3429 et
431 3390 543 3432 intus
566 3406 574 3432 :
599 3391 711 3433 unde
728 3391 921 3434 Psalmus
942 3392 955 3413 '⁹
971 3407 987 3434 .·
1014 3393 1270 3437 «Eructavit

290 3496 298 3515 ²
317 3494 411 3536 Sap„
432 3503 476 3535 v1‚
499 3498 548 3528 17.
573 3516 596 3520 -
627 3500 640 3520 ²
654 3499 743 3532 Psal.
762 3508 810 3540 ιν,
830 3502 916 3532 7.-
935 3501 949 3523 3
965 3501 1084 3542 Supra,
1106 3511 1208 3536 serm.
1231 3511 1272 3543 11,

243 3551 322 3583 pag.
344 3544 443 3577 39.-
469 3543 483 3566 ⁴
500 3544 593 3578 Psal.
614 3554 706 3587 xmv,
728 3550 758 3588 1,
786 3550 816 3580 2.
841 3566 882 3573 —
909 3550 921 3569 ⁵
944 3550 1022 3590 Iso„
1046 3557 1152 3592 xxxi,
1178 3553 1209 3584 1.
1229 3566 1270 3577 —

1353 337 1424 366 cor
1444 338 1588 368 meum
1607 327 1788 369 verbum
1817 327 1993 377 bonum,
2014 327 2107 369 dico
2128 341 2234 381 ergo
2254 343 2382 385 opera

1354 409 1449 438 mea
1466 398 1576 450 regi.
1600 398 1770 451 Lingua
1788 411 1883 440 mea
1899 398 2085 440 calamus
2102 400 2250 442 scribae
2270 403 2384 444 velo-

1352 469 1454 509 citer
1474 470 1709 511 scribentis.
1732 484 1751 508 »
1774 470 1852 511 Cor
1866 470 1989 520 Deus,
2006 482 2052 512 os
2072 470 2209 523 Pater,
2231 473 2384 527 lingua

1350 539 1495 591 Filius,
1512 541 1699 582 calamus
1719 541 1902 594 Spiritus
1922 544 2105 582 sanctus.
2125 541 2249 585 Pater
2267 545 2383 587 enim

1350 612 1539 666 loquitur
1558 625 1633 666 per
1649 613 1840 654 Verbum
1860 625 1938 654 ceu
1960 613 2155 666 linguam
2172 629 2182 665 ;
2205 615 2278 656 sed
2308 617 2384 670 qui

1350 685 1546 738 complet,
1569 688 1610 725 et
1639 685 1859 725 memoriae
1881 686 2158 737 commendat,
2180 689 2243 727 est
2272 687 2381 728 cala-

1350 768 1446 796 mus
1465 757 1627 799 scrihae.
1654 755 1872 809 Scriptura
1893 768 1999 808 ergo
2021 759 2083 797 est
2093 769 2140 798 os
2160 757 2247 799 Dei.
2266 757 2384 800 Unde

1350 828 1493 869 Isaias
1510 828 1523 849 ⁵
1544 840 1557 868 .·
1589 843 1609 867 ((
1627 827 1699 869 Vae
1720 827 1794 881 qui
1812 827 2061 868 descenditis
2081 828 2132 882 (a)
2156 829 2382 883 inAEgyp-

1349 901 1459 949 tum,
1480 914 1498 938 ))
1519 900 1675 940 scilicet
1694 900 1747 941 ad
1769 899 1991 940 saeculares
2011 900 2220 952 scientias3
2244 903 2319 942 «et
2337 913 2384 943 os

1351 969 1520 1012 Domini
1539 984 1625 1012 non
1653 971 1963 1023 interrogastis,
1987 986 2006 1010 »
2033 972 2189 1013 scilicet
2219 985 2383 1014 sacram

1351 1041 1630 1096 Scripturam.
1667 1041 1760 1084 Non
1793 1043 1908 1083 enim
1943 1043 2066 1083 debet
2099 1043 2151 1083 ad
2189 1043 2385 1085 scientias

1351 1114 1454 1155 alias
1475 1115 1740 1166 descendere,
1763 1116 1811 1155 ut
1831 1115 1934 1155 sciat
1964 1114 2276 1167 certitudinem,
2299 1115 2384 1157 nisi

1349 1187 1503 1228 habeat
1540 1187 1833 1228 testimonium
1869 1187 1915 1227 in
1956 1189 2100 1228 monte
2138 1191 2151 1213 ⁶
2173 1219 2183 1238 ‚
2229 1187 2385 1229 scilicet

1350 1257 1516 1310 Christi,
1551 1259 1699 1310 Heliae,
1728 1259 1884 1312 Moysi,
1917 1259 1998 1299 hoc
2019 1261 2094 1309 est,
2130 1259 2232 1300 novi
2251 1261 2383 1300 testa-

1350 1330 1497 1379 menti,
1520 1330 1840 1383 prophetarum,
1868 1332 1908 1370 et
1928 1329 2052 1381 legis.
2075 1329 2181 1371 Item
2212 1332 2274 1371 est
2301 1330 2382 1370 lin-

1352 1413 1456 1453 gua;
1476 1401 1589 1442 unde
1608 1401 1622 1423 ⁷
1645 1414 1655 1442 ε
1679 1417 1699 1440 (1
1718 1401 1798 1442 Mel
1818 1403 1857 1441 et
1877 1401 1941 1441 lac
1961 1401 2039 1442 sub
2059 1401 2210 1453 lingua
2229 1402 2337 1454 ejus.
2359 1416 2378 1440 »

1350 1475 1363 1497 ⁸
1390 1489 1408 1512 c(
1420 1472 1556 1522 Quam
1576 1473 1714 1514 dulcia
1727 1473 1923 1514 faucibus
1941 1472 2047 1513 meis
2064 1472 2233 1525 eloquia
2251 1476 2344 1515 tua!
2359 1487 2379 1512 ›)

1350 1544 1450 1585 Haec
1482 1545 1634 1597 ilngua
1658 1545 1773 1585 cibos
1805 1546 1988 1597 saporat.
2017 1544 2136 1586 Unde
2166 1544 2385 1598 Scriptura

1350 1619 1619 1670 comparatur
1632 1616 1829 1670 panibus,
1851 1616 1924 1669 qui
1940 1616 2098 1656 habent
2112 1628 2321 1669 saporem,
2343 1620 2385 1658 et

1349 1689 1556 1729 reficiunt.
1592 1688 1696 1729 Item
1727 1691 1790 1729 est
1818 1687 2006 1728 calamus
2038 1687 2122 1737 Dei,
2144 1690 2186 1728 et
2215 1688 2297 1729 hoc
2323 1692 2385 1730 est

1351 1759 1532 1812 Spiritus
1550 1762 1732 1810 sanctus,
1756 1759 1871 1812 quia,
1894 1758 2004 1799 sicut
2023 1759 2224 1810 scribens,
2246 1762 2384 1813 potest

1350 1831 1674 1883 praesentialiter
1692 1831 1874 1872 scribere
1889 1831 2104 1884 praeterita
2115 1863 2124 1881 ,
2140 1833 2379 1885 praesentia,

1349 1902 1507 1944 futura.
1529 1902 1646 1944 Unde
1661 1906 1722 1944 est
1740 1903 1847 1944 liber
1873 1903 2051 1956 scriptus
2073 1902 2187 1953 foris,
2211 1904 2285 1957 qui
2304 1904 2384 1945 ha-

1350 1974 1418 2015 bet
1447 1975 1644 2028 pulchras
1669 1974 1879 2026 historias,
1903 1978 1944 2015 et
1973 1975 2094 2016 docet
2112 1986 2258 2017 rerum
2279 1988 2381 2029 pro-

1351 2046 1565 2099 prietates.
1585 2045 1774 2099 Scriptus
1789 2049 1851 2086 est
1866 2046 1995 2097 intus,
2013 2045 2116 2099 quia
2127 2046 2256 2088 habet
2271 2059 2384 2101 mys-

1349 2117 1471 2168 teria,
1494 2121 1533 2158 et
1553 2117 1855 2170 intelligentias
1873 2117 2076 2158 diversas

1694 2235 1886 2281 SERMO
1917 2236 2036 2281 XIII.

1353 2338 1427 2380 Quo
1447 2338 1640 2382 coeponitur
1660 2338 1767 2372 tertia
1788 2336 2024 2372 consideratio
2045 2336 2085 2372 de
2105 2336 2304 2382 multiplici
2320 2337 2381 2372 in-

1396 2397 1600 2441 telligentia
1627 2406 1741 2432 sacroe
1765 2395 1983 2443 Scriptum,
2006 2399 2041 2432 et
2069 2397 2112 2432 de
2137 2395 2211 2441 ejus
2239 2396 2384 2431 theoriis

1397 2460 1429 2493 et
1448 2458 1586 2502 siquris,
1602 2467 1643 2492 ac
1664 2457 1707 2492 de
1726 2457 1898 2493 divisione
1916 2456 2164 2502 intelliyeniioe
2174 2465 2242 2502 per
2260 2456 2384 2502 Scrip-

1396 2519 1515 2552 turam
1535 2516 1695 2552 eruditoe.

1403 2616 1416 2638 ⁹
1434 2614 1740 2667 Gonqreyentur
1761 2624 1882 2666 aquoe
1895 2624 1988 2666 quoe
2003 2613 2078 2655 sub
2101 2613 2197 2656 coelo
2211 2616 2326 2665 sunt,
2344 2618 2384 2657 et

1348 2688 1556 2738 appareat
1574 2684 1717 2726 arida.
1741 2685 1999 2736 Factumque
2015 2687 2074 2725 est
2090 2685 2170 2726 ita.
2194 2684 2250 2727 Ec
2263 2694 2381 2727 voca-

1346 2755 1412 2796 vit
1432 2756 1541 2795 Deus
1563 2752 1736 2794 aridam
1755 2756 1941 2794 terram:
1960 2753 2380 2807 conqreqationesque

1347 2834 1558 2876 aquarum
1585 2822 1817 2876 appellavit
1843 2823 1999 2864 maria.
2028 2822 2083 2866 Et
2108 2823 2223 2866 vidit
2249 2826 2378 2876 Deus,

1347 2894 1460 2948 quod
1492 2899 1595 2937 esset
1630 2895 1795 2946 bonum,
1829 2897 1867 2936 et
1891 2895 1957 2937 ait
1976 2906 1990 2934 :
2026 2894 2239 2938 Germinet
2265 2899 2380 2938 terra

1347 2967 1515 3010 herbam
1533 2969 1754 3018 virentem,
1778 2969 1817 3008 et
1833 2967 2059 3018 facientem
2077 2976 2232 3017 semen,
2262 2970 2304 3010 et
2322 2967 2377 3009 li-

1345 3051 1476 3093 qmcm
1509 3039 1768 3092 pomiferum
1815 3039 1978 3090 faciens
2014 3039 2203 3089 fructum
2237 3037 2378 3090 Juccta

1345 3122 1474 3166 qenus
1505 3122 1651 3163 suum,
1680 3111 1802 3165 caius
1827 3121 1968 3153 semen
1991 3111 2041 3152 in
2073 3111 2292 3164 semetipso
2317 3112 2378 3154 sit

1345 3194 1471 3236 super
1491 3190 1665 3234 terram,
1686 3185 1764 3224 etc.
1787 3181 1887 3222 Haec
1906 3182 2012 3223 visio
2032 3181 2154 3222 tertia
2177 3181 2222 3234 (b)
2249 3181 2373 3223 intel-

1344 3255 1535 3306 ligentiae
1555 3266 1629 3308 per
1646 3254 1908 3307 Scripturam
1928 3252 2118 3304 eruditae,
2141 3263 2239 3305 quae
2256 3252 2375 3293 intel-

1344 3325 1495 3378 ligitur
1514 3325 1558 3365 in
1577 3337 1702 3379 opere
1722 3324 1858 3365 tertiae
1885 3323 1985 3364 diei.
2009 3323 2059 3364 Et
2079 3323 2187 3363 sicut
2206 3322 2252 3362 in
2269 3334 2369 3376 ope-

1344 3439 1358 3461 6
1374 3438 1508 3477 ΜαίίΙι.,
1529 3447 1611 3478 xvii,
1634 3443 1664 3471 1.
1684 3455 1726 3463 -
1744 3439 1754 3458 ⁷
1775 3437 1887 3478 Cant„
1910 3444 1957 3476 lv,
1979 3439 2029 3469 11.
2049 3453 2090 3460 -
2108 3436 2119 3455 ⁸
2138 3435 2230 3468 Psal.
2252 3441 2373 3477 cxvm,

1346 3487 1472 3519 103.-
1490 3487 1502 3505 ⁰
1523 3487 1619 3526 Gen„
1639 3495 1665 3527 ῐ,
1685 3488 1772 3520 9-11.

1387 3551 1429 3592 (α)
1456 3552 1552 3593 Valq.
1571 3552 1838 3584 descendunt.—
1858 3549 1902 3592 (b)
1925 3550 2007 3583 Caet.
2026 3549 2104 3582 edit.
2125 3548 2246 3582 tertiae.

2616 893 2626 910 ,a

2599 911 2625 938 ⁴¹.

2606 945 2626 961 ,r
