2633 3878
277 235 354 275 488

269 325 344 359 tate
365 333 374 357 :
397 334 415 355 ι
439 330 485 356 ac
505 319 536 354 si
567 317 713 354 diceret
743 315 944 352 manifeste
969 326 976 349 :
998 312 1210 349 Perfectum
1230 309 1298 346 ha-

270 384 408 420 hemus
428 380 606 418 amicitiae
626 381 767 415 nostrae
783 375 990 424 judicium,
1011 373 1201 422 quoniam
1217 381 1298 408 non

269 445 451 482 timemus
467 441 582 479 amici
598 440 720 478 nostri
737 438 931 487 Judicium
953 449 961 474 :
985 436 1078 484 quia
1109 435 1207 471 sicut
1233 433 1298 471 ille

269 507 342 544 suit
360 507 534 542 servator
551 503 729 541 amicitiae
750 504 906 546 nostrae,
931 500 984 536 sic
1012 507 1146 534 sumus
1173 499 1209 533 et
1227 506 1300 534 nos

269 578 349 606 suae
379 579 387 604 :
414 566 620 615 proprium
648 565 754 602 enim
784 566 839 601 est
872 560 1049 598 amicitiae
1078 558 1298 603 confidere,

270 640 352 668 non
388 629 522 666 timere
556 640 565 664 ε
598 637 686 664 ecce
722 625 915 673 judicium
950 633 1031 660 non
1067 621 1300 658 timorosum

271 693 431 740 propter
449 689 627 727 amicitiae
645 687 939 735 perfectionem.
963 686 1013 721 De
1027 682 1202 720 secundo
1231 692 1302 729 per

271 752 504 801 prophetam
533 750 739 798 psallitur¹
771 760 779 784 τ
804 761 821 782 «
847 747 944 793 Quia
978 745 1166 783 Dominus
1198 746 1302 780 amat

267 814 475 862 judicium,
495 816 532 850 et
551 822 632 849 non
660 810 905 858 derelinquet
931 811 1086 845 sanctos
1116 816 1207 843 suos
1230 817 1238 840 :
1261 805 1301 840 in

271 878 459 914 aeternum
470 873 808 912 conservabuntur
831 884 839 908 ε
861 885 878 905 n
904 870 1016 919 quasi
1029 870 1133 906 dicat
1154 881 1162 905 ε
1186 870 1301 904 Amo-

271 948 406 976 rosum
436 939 493 975 est
511 938 588 974 Deo
605 935 798 983 judicium
818 934 1058 977 amicorum;
1092 930 1185 978 quia
1218 939 1300 965 non

273 1002 518 1047 contemptor
549 1001 624 1044 est,
653 997 722 1035 sed
752 996 981 1043 complexoi·
1009 1004 1147 1030 corum
1177 1004 1184 1028 :
1213 1001 1301 1028 ecce

269 1062 463 1109 judicium
481 1071 709 1098 amorosum
740 1061 900 1106 propter
926 1056 1103 1093 amicitiae
1123 1053 1301 1100 comple-

275 1125 448 1162 xionem.
474 1125 525 1159 De
555 1122 687 1168 tertio,
708 1121 778 1158 ubi
804 1122 937 1168 pastor
963 1119 1093 1156 bonus
1113 1117 1162 1154 de
1184 1115 1302 1152 bonis

276 1185 462 1234 gregibus
491 1183 667 1232 loquitur
686 1185 699 1205 ²
721 1195 729 1220 :
757 1196 775 1216 «
793 1184 949 1219 Pascam
967 1180 1056 1217 illas
1075 1180 1115 1216 in
1132 1177 1301 1226 judici0;

276 1259 349 1286 vos
368 1249 498 1285 autem
516 1255 656 1294 greges
669 1245 747 1282 mei
769 1257 777 1281 :
800 1258 818 1279 ι)
841 1244 954 1292 quasi
974 1243 1108 1280 dicens
1130 1254 1138 1277 ε
1161 1240 1303 1278 Amicis

277 1310 374 1348 meis
406 1308 566 1347 delicias
601 1307 840 1355 adjudicabo
873 1315 1082 1353 supernas,
1107 1303 1175 1352 qui
1208 1302 1305 1339 mihi

278 1372 438 1410 delicias
454 1370 827 1409 administraverunt
845 1369 1017 1405 internas
1047 1380 1055 1403 :
1086 1377 1174 1403 ecce
1201 1364 1306 1410 judi-

279 1434 382 1472 cium
402 1443 634 1482 saporosum
655 1434 816 1480 propter
835 1430 1014 1468 amicitiae
1035 1428 1301 1466 refectionem.

594 1538 782 1574 Artz'culus
808 1540 971 1584 quartus.

327 1622 470 1665 Quarto
491 1620 682 1657 connectit
713 1620 900 1656 dilectum
933 1621 970 1655 ct
998 1617 1189 1665 diligens,
1219 1627 1309 1653 cum

283 1682 481 1720 concludit
508 1694 516 1719 :
550 1683 788 1728 Diligentiam
823 1692 945 1717 nomen
985 1685 1104 1726 tuum,
1139 1690 1307 1716 connec-

282 1745 400 1782 tendo
419 1744 586 1791 diligens
602 1747 639 1781 et
659 1743 858 1788 dilectum,
879 1743 1020 1779 scilicet
1039 1742 1254 1778 increatum
1275 1744 1311 1778 ct

283 1811 454 1845 creatum
484 1807 735 1845 intellectum.
757 1806 870 1852 Quod
899 1809 1029 1843 autem
1063 1806 1137 1850 ait,
1159 1816 1239 1842 non
1259 1808 1308 1851 tc,

284 1870 352 1907 sed
374 1874 471 1907 tuum
489 1881 627 1916 nomen,
640 1869 692 1906 ad
711 1868 902 1916 diligendi
921 1868 1087 1916 pertinet
1100 1868 1307 1904 rationem.

283 1931 390 1969 L'nde
410 1931 629 1969 notandum
649 1932 751 1968 circa
764 1940 912 1967 nomen
926 1929 1183 1976 dominicum,
1201 1929 1311 1977 quod

283 1995 426 2042 legitur
455 1995 496 2031 in
521 1993 726 2041 Scripturis
747 1992 964 2038 excelsum,
990 1991 1202 2040 inclytum,
1229 1991 1312 2038 glo-

282 2058 445 2094 riosum.
467 2056 626 2094 Excelsa
645 2065 817 2103 namque
837 2053 1029 2101 diligendi
1048 2054 1147 2091 ratio
1162 2056 1217 2090 est
1238 2054 1312 2090 ori-

284 2118 426 2166 ginalis
456 2116 695 2155 naturalium
732 2117 932 2154 bonorum
967 2116 1220 2162 adinventi03
1243 2114 1312 2152 sed

285 2181 430 2229 inclyta
450 2179 640 2228 diligendi
667 2180 766 2217 ratio
796 2182 850 2216 est
881 2178 1070 2215 ordinalis
1099 2177 1311 2214 moralium

285 2243 484 2280 donorum
502 2241 711 2279 subventio
726 2254 736 2287 ;
757 2240 827 2277 sed
846 2240 1020 2287 gloriosa
1041 2239 1232 2286 diligendi
1251 2250 1313 2276 ra-

286 2305 339 2341 tio
372 2306 428 2341 est
455 2303 670 2341 terminalis
693 2302 1050 2351 supernaturalium
1071 2301 1312 2348 judiciorum

286 2365 509 2410 conventio,
521 2368 557 2402 et
567 2364 852 2413 stipendiorum
864 2363 1063 2401 obventio.
1078 2365 1128 2399 Dc
1139 2363 1267 2410 primo
1283 2364 1311 2398 ³:

289 2443 306 2463 ιι
323 2430 454 2474 Notas,
474 2427 615 2475 inquit,
634 2426 747 2464 facite
774 2427 816 2463 in
834 2425 993 2474 populis
1013 2424 1312 2462 adinventiones

285 2490 390 2538 ejus,
430 2491 680 2535 mementote,
715 2488 906 2537 quoniam
926 2487 1127 2525 excelsum
1157 2490 1213 2524 est
1243 2497 1313 2523 no·

285 2563 376 2590 men
395 2552 478 2600 ejus
500 2563 509 2589 z
531 2566 549 2587 n
573 2562 663 2589 ecce
683 2551 855 2588 nominis
874 2549 1015 2587 excelsi
1029 2549 1127 2586 ratio
1141 2576 1152 2595 ,
1169 2549 1313 2585 scilicet

287 2614 487 2662 originalis
511 2614 750 2652 naturalium
775 2612 1015 2650 adinventio.
1046 2613 1097 2648 De
1121 2611 1310 2657 secundo,

285 2676 354 2714 ubi
383 2676 505 2714 David
521 2676 575 2713 sic
593 2675 796 2713 benedixit
811 2674 975 2712 Domino
996 2674 1008 2695 ¹⁹
1031 2685 1039 2710 :
1063 2685 1082 2707 <x
1101 2675 1208 2709 Nunc
1236 2672 1311 2719 igi-

285 2743 360 2785 tur,
382 2741 480 2776 Deus
499 2741 653 2785 noster,
674 2738 908 2775 confitemur
929 2737 997 2773 tibi
1009 2763 1020 2782 ,
1047 2738 1084 2773 et
1102 2735 1312 2772 laudamus

283 2811 429 2838 nomen
448 2803 559 2837 tuum
579 2800 781 2848 inclytum.
805 2800 897 2845 Quis
917 2809 1005 2846 ego,
1028 2798 1166 2846 etquis
1185 2807 1312 2845 popu-

282 2863 344 2899 lus
363 2872 497 2907 meus,
516 2866 558 2899 ut
576 2862 772 2910 possimus
798 2861 881 2898 haec
912 2861 982 2898 tibi
1010 2860 1195 2897 universa
1213 2869 1309 2906 pro-

284 2923 463 2961 mittere?
483 2926 563 2961 Tua
593 2928 681 2960 sunt
707 2924 859 2969 omnia,
893 2933 980 2970 quae
1013 2922 1061 2958 de
1090 2931 1211 2958 manu
1244 2923 1312 2956 tua

282 2987 528 3035 accepimuS,
549 2985 730 3023 dedimus
763 2985 861 3021 tibi:
885 2997 902 3019 n
935 2995 1023 3020 ecce
1052 2983 1223 3020 nominis
1254 2983 1312 3019 in-

283 3048 373 3098 clyti
393 3048 507 3094 ratio,
528 3048 673 3085 scilicet
699 3046 888 3084 ordinatis
908 3046 1119 3082 moralium
1140 3045 1309 3081 subven-

281 3111 348 3148 tio.
380 3113 431 3148 De
450 3110 561 3148 tertio
583 3112 596 3133 ⁶
627 3123 634 3147 :
670 3122 687 3144 (ι
717 3109 794 3146 Nisi
824 3107 1072 3152 custodieris,
1103 3109 1139 3143 et
1171 3106 1307 3143 feceris

282 3173 416 3210 omnia
433 3172 557 3210 verba
574 3171 670 3219 legis
699 3171 829 3218 hujus,
850 3180 937 3218 quae
971 3168 1114 3217 scripta
1145 3170 1234 3205 sunt
1268 3168 1308 3204 in

280 3233 356 3272 hoc
374 3234 597 3279 volumine,
617 3236 653 3271 et
671 3233 846 3271 timueris
872 3241 1020 3270 nomen
1049 3231 1132 3277 eJ'us
1159 3230 1306 3277 glorio-

280 3306 388 3341 sum,
418 3300 455 3334 et
481 3297 676 3342 terribile,
711 3297 787 3333 hoc
824 3298 900 3342 est,
938 3293 1146 3332 Dominum
1182 3295 1303 3329 Deum

280 3359 404 3403 tuum,
424 3358 582 3406 augebit
606 3358 742 3406 plagas
757 3361 840 3395 tuas
856 3357 1065 3394 Dominus:
1089 3368 1106 3390 n
1130 3365 1217 3392 ecce
1238 3364 1307 3390 no-

326 3442 335 3462 ¹
356 3440 444 3472 Psol.
468 3449 591 3483 xxxvi,
611 3443 661 3475 28.
683 3460 723 3466 —
743 3442 756 3463 ²
773 3440 904 3482 Ezech„
924 3447 1042 3479 xxxiv,
1068 3440 1114 3471 16.
1139 3455 1172 3460 -
1194 3438 1207 3459 ³
1225 3438 1304 3470 1ςα..

282 3495 344 3528 ΧΗ,
365 3489 664 3529 4.—⁸11¹aralip
682 3514 690 3530 ,
713 3496 809 3528 xxix,
834 3490 881 3528 13,
904 3490 951 3519 14.
969 3504 1008 3510 —
1026 3489 1035 3506 '²
1056 3487 1163 3524 Dent„
1183 3493 1304 3524 xxvii,

964 220 1238 265 EXPOSITlo
1271 219 1320 261 IN
1356 217 1707 261 PSALTERIUM.

1376 308 1492 346 minis
1513 307 1672 355 gloriosi
1693 311 1729 344 ct
1749 307 1930 344 terribilis
1958 307 2146 355 implicita
2167 311 2203 345 et
2221 311 2399 358 explicita

1375 370 1488 415 ratio,
1509 369 1655 406 scilicet
1675 368 1931 406 terminabilis
1960 370 2316 416 supernaturalium
2337 373 2398 418 ju-

1377 432 1570 470 diciorum
1590 433 1813 478 conventio,
1833 435 1870 469 et
1889 431 2174 480 stipendiorum
2197 432 2396 472 obventio.

1804 541 1972 582 Epilogus.

1423 621 1650 657 ostensurus
1677 629 1770 666 ergo
1796 619 2125 668 psalmographus
2144 621 2311 668 qualiter
2343 632 2403 658 sa-

1376 681 1521 728 pientia
1558 680 1691 717 divina
1722 691 1792 728 per
1821 681 2071 718 dilectionem
2099 683 2299 730 accipitur,
2331 685 2402 722 Do·

1376 742 1526 777 minum
1547 741 1600 777 sic
1621 741 1835 789 alloquitur
1857 754 1864 778 ε
1887 743 2018 789 Aspice
2044 745 2082 779 in
2111 754 2178 789 me,
2200 744 2401 782 afferendo

1377 805 1578 850 aspectum
1611 803 1849 851 sapientialis
1887 804 2098 841 influentiae
2107 817 2117 852 3
2155 806 2201 841 Et
2239 807 2403 843 miserere

1376 867 1459 911 mei,
1481 865 1696 902 auferendo
1717 865 1911 903 defectum
1931 865 2200 903 intellectualis
2225 866 2404 914 indigen-

1377 927 1456 971 tiae5
1478 927 1676 964 Secundum
1688 928 1893 973 jicdi‘cz'um,
1916 927 2154 975 proferendo
2173 928 2403 967 sententiam

1378 990 1739 1038 communicantiae;
1767 992 2004 1035 Diligentiam
2033 1001 2157 1027 nomen
2186 995 2305 1038 tutem,
2332 992 2405 1028 sci-

1377 1051 1466 1089 licet
1485 1052 1679 1090 creatricis
1699 1055 1736 1089 et
1755 1056 1892 1090 creatae
1912 1052 2186 1100 intelligentiae,
2207 1063 2296 1101 quoe
2317 1059 2405 1091 sunt

1379 1116 1551 1151 extrema
1571 1114 1678 1151 istius
1698 1114 1890 1152 amicitiae.

1752 1260 1973 1290 vssnstcums
2005 1263 2038 1288 V.

1433 1366 1509 1400 133.
1542 1365 1688 1401 Gressus
1727 1374 1818 1401 meos
1853 1365 1991 1411 dirige,
2025 1366 2095 1401 etc.
2133 1364 2409 1408 Quaternarius

1383 1425 1616 1463 antecedens
1651 1425 1860 1463 deservivit
1894 1426 2092 1474 sapientiae
2129 1425 2407 1473 speculativae;

1382 1490 1451 1526 iste
1473 1500 1641 1537 sequens
1661 1489 1831 1527 deservit
1858 1490 2011 1535 activae,
2031 1499 2102 1537 per
2121 1499 2243 1537 quam
2270 1489 2411 1526 divini-

1383 1555 1444 1589 tus
1465 1552 1646 1599 dirigitur
1662 1552 1810 1598 justus,
1833 1552 1992 1598 erigitur
2007 1550 2149 1596 elisus,
2169 1551 2411 1589 illuminatur

1385 1624 1522 1661 caecus,
1544 1614 1708 1651 solvitur
1723 1613 1991 1661 compeditus:
2011 1623 2099 1650 ecce
2115 1616 2284 1661 quatuor
2303 1615 2412 1651 actus

1385 1676 1531 1722 divini,
1559 1676 1702 1723 quibus
1728 1675 1968 1723 respondent
1992 1686 2126 1712 versus
2155 1675 2216 1712 bis
2245 1675 2341 1713 bini.
2369 1678 2411 1713 ln

1384 1739 1513 1786 primo
1534 1739 1710 1774 cantatur
1738 1748 1761 1774 a
1789 1737 2120 1785 Psalmographo,
2139 1737 2247 1775 velut
2266 1748 2290 1775 a
2304 1738 2410 1785 Justo

1384 1801 1424 1837 in
1459 1802 1523 1838 via
1559 1800 1715 1847 justitiae
1756 1799 1941 1836 divinitus
1981 1799 2187 1846 dirigendo
2216 1811 2225 1836 t
2268 1800 2412 1836 Gressus

1386 1873 1498 1908 meos,
1519 1865 1589 1899 etc.
1606 1890 1618 1907 ,
1640 1861 1751 1909 quasi
1778 1861 1879 1897 dicat
1901 1872 1909 1897 ι
1933 1862 2054 1897 Motus
2079 1870 2176 1897 meae
2203 1860 2413 1898 voluntatis

1385 1925 1460 1962 tuis
1500 1923 1625 1970 dirige
1662 1923 1871 1969 mandam,
1905 1933 1955 1959 ne
1991 1922 2157 1960 subeam
2190 1922 2412 1961 dominium

1385 1987 1636 2034 iniquitatum
1655 1985 1846 2022 omnium.
1868 1987 2077 2022 Possumus
2093 1984 2224 2033 itaque
2243 1988 2413 2033 quatuor

1383 2049 1447 2086 hic
1492 2051 1656 2094 notare3
1698 2047 1844 2084 scilicet
1887 2046 2080 2084 actionem
2127 2047 2412 2095 voluntariam,

1386 2110 1642 2148 directionem
1673 2109 1960 2153 necessariam,
1981 2108 2277 2146 damnationem
2304 2109 2412 2148 nefa·

1384 2173 1506 2217 riam,
1539 2175 1575 2208 et
1594 2171 1965 2208 contaminationem
1992 2170 2247 2209 multifariam
2271 2183 2280 2208 ε
2311 2182 2411 2220 quo-

1384 2245 1473 2271 rum
1501 2234 1673 2281 primum
1705 2235 1853 2279 spectat
1883 2233 1934 2269 ad
1960 2243 2081 2280 opera
2107 2233 2327 2280 viatorum3
2347 2244 2409 2270 sc-

1385 2296 1561 2333 cundum
1593 2296 1643 2332 ad
1676 2305 1796 2332 onera
1833 2295 2136 2341 mandatorum3
2171 2295 2325 2333 tertium
2357 2295 2410 2333 ad

1385 2358 1629 2395 sufferentias
1662 2360 1897 2394 tentatorum
1917 2370 1928 2404 3
1957 2359 2140 2404 quartum
2159 2357 2212 2395 ad
2232 2356 2411 2395 differen-

1385 2421 1456 2458 tias
1476 2421 1740 2468 peccatorum.

1716 2525 1906 2560 Articulus
1930 2525 2084 2570 primus.

1435 2607 1607 2644 Primum
1631 2606 1892 2653 significatur,
1914 2616 2004 2642 cum
2025 2605 2204 2644 scribitur
2226 2618 2234 2643 :
2265 2606 2412 2644 Gressus

1387 2680 1491 2706 mecm.
1512 2671 1668 2706 Gressus
1699 2668 1761 2705 isti
1785 2671 1876 2705 sunt
1900 2670 2006 2706 actus
2031 2668 2202 2706 universi
2227 2680 2250 2708 a
2268 2669 2410 2708 volun-

1385 2734 1461 2769 tate
1493 2731 1631 2776 eliciti,
1670 2731 1733 2767 vel
1771 2730 1963 2778 imperati.
2006 2733 2049 2768 Et
2077 2733 2183 2778 nota,
2224 2732 2334 2780 quod
2370 2732 2411 2769 in

1385 2794 1582 2840 Scriptura
1615 2792 1757 2829 diversi
1792 2804 1948 2839 gressus
1982 2793 2189 2840 leguntur,
2211 2803 2282 2842 per
2310 2804 2410 2842 quos

1385 2855 1530 2891 diversi
1566 2857 1674 2891 actus
1709 2854 2004 2902 intelliguntur3
2038 2854 2222 2892 videlicet
2257 2865 2411 2902 gressus

1384 2918 1500 2962 recti,
1539 2927 1693 2963 gressus
1712 2917 1891 2965 pulchri,
1921 2921 1957 2954 et
1989 2928 2142 2964 gressus
2169 2917 2310 2955 effusi:
2340 2928 2411 2966 per

1384 2990 1485 3027 quos
1516 2979 1782 3026 intelliguntur
1813 2981 1920 3017 actus
1949 2979 2102 3017 discreti
2116 3007 2130 3026 ,
2151 2979 2408 3028 disciplinati,

1384 3042 1532 3078 dissuti.
1563 3044 1614 3078 De
1642 3041 1771 3089 primo
1801 3043 1814 3063 ⁶
1843 3054 1852 3078 :
1895 3054 1913 3076 «
1944 3044 2102 3079 Gressus
2137 3043 2264 3079 rectos
2296 3041 2409 3079 facite

1382 3104 1553 3152 pedibus
1571 3103 1724 3149 vestris,
1743 3106 1878 3140 utnon
1892 3103 1980 3151 quis
2000 3103 2226 3141 claudicans
2246 3107 2347 3142 erret
2362 3116 2371 3142 :
2385 3118 2402 3141 ι)

1383 3177 1471 3203 ecce
1508 3177 1663 3213 gressus
1698 3165 1807 3212 recti,
1837 3165 1878 3202 id
1909 3168 1978 3212 est,
2011 3167 2118 3203 actus
2152 3166 2319 3203 discreti.
2355 3167 2406 3203 De

1381 3228 1555 3265 secundo
1574 3229 1587 3250 ⁷
1608 3240 1617 3264 ε
1644 3240 1661 3262 «
1687 3229 1811 3272 Quam
1830 3227 1982 3275 pulchri
2015 3238 2169 3275 gressus
2191 3227 2247 3264 tui
2265 3227 2306 3263 in
2326 3226 2405 3263 cal-

1382 3291 1605 3336 ‹ze-amentis,
1619 3290 1702 3327 filia
1714 3290 1918 3337 principis!
1937 3303 1956 3325 »
1970 3300 2058 3327 ecce
2071 3299 2224 3335 gressus
2234 3287 2403 3335 pulchri,

1380 3353 1421 3389 id
1443 3355 1518 3399 est,
1545 3355 1653 3389 actus
1685 3351 1933 3399 disciplinati.
1971 3353 2021 3388 De
2044 3350 2156 3387 tertio
2188 3349 2338 3387 canitur
2357 3351 2371 3374 ⁸
2393 3363 2401 3387 :

1380 3437 1430 3468 58.
1455 3453 1495 3459 —
1520 3438 1532 3455 '²
1558 3435 1669 3476 Helm,
1691 3442 1756 3476 xit,
1782 3434 1829 3467 13.
1849 3451 1890 3458 —
1915 3435 1924 3452 ⁷
1945 3432 2055 3474 Cant„
2076 3440 2143 3474 vn,
2167 3435 2195 3465 1.
2221 3450 2256 3456 -
2283 3433 2294 3453 ⁸
2312 3433 2404 3468 Peal.

1382 3491 1488 3515 mxii.
1508 3485 1537 3514 2.
