2633 3878
731 397 902 438 Epilogus.

351 481 428 516 Hoc
453 483 525 524 est,
557 479 664 526 quod
695 479 836 516 dicitur
863 491 933 527 per
966 480 1216 526 prophetam,
1246 482 1329 514 tan-

303 551 423 586 quam
458 550 666 585 ixersonam
704 540 935 577 sensibiliter
961 540 1226 584 molestatam,
1258 540 1327 575 sed

303 600 596 646 intelligibiliter
621 601 877 637 confortatam
904 614 911 637 :
933 603 1092 636 Loetabor
1111 611 1185 646 eqo,
1206 610 1327 647 quan-

302 665 384 698 tum
407 662 458 697 ad
477 662 695 698 affectivam
721 662 1029 707 dulcorabilem3
1054 663 1168 708 Super
1188 663 1327 706 eloquia

302 729 378 768 tua,
397 726 586 770 quantum
606 724 657 759 ad
675 723 905 769 sapientiam
920 723 1190 759 dulcorantem
1203 735 1212 767 ;
1226 723 1327 758 Sicut

300 787 364 829 qui·
386 787 541 829 z'nrem't,
564 788 753 831 quantum
791 784 841 820 ad
870 784 1083 831 agnitivam
1122 783 1326 820 decorabi-

300 845 396 890 lem3
418 846 541 891 Spolia
561 847 697 890 multa,
718 849 909 892 quantum
931 846 982 881 ad
1003 845 1233 892 sapientiam
1255 844 1324 879 de—

299 911 509 944 corantem.

656 1000 871 1027 VERSlCULUS
898 1001 949 1026 ΙΠ.

329 1095 641 1139 163.Ιηι”φιίιατεηι
652 1093 733 1128 odio
742 1093 861 1136 habui,
873 1090 1101 1127 etc.VidistiS
1110 1091 1324 1137 potentiam

299 1155 538 1197 saevientem,
568 1164 638 1189 nec
660 1153 903 1197 innocentiae,
941 1162 1013 1188 nec
1043 1152 1240 1198 sapientiae
1260 1152 1324 1188 de-

297 1216 508 1259 ferentem,
532 1214 694 1250 videatis
714 1213 895 1250 eamdem
920 1224 992 1249 nee
1009 1213 1150 1248 divinae
1168 1213 1323 1249 decreta

292 1276 446 1322 justitiae
465 1278 719 1312 reverentem.
735 1277 830 1311 Nam
852 1274 1194 1321 psalmographus,
1210 1274 1322 1321 quasi

297 1338 345 1374 de
367 1338 481 1373 bonis
499 1337 685 1384 operibus
706 1336 926 1383 lapidatus,
948 1336 1009 1371 hic
1036 1336 1144 1372 bona
1163 1338 1320 1382 reserat,

294 1409 366 1445 pro
387 1399 531 1445 quibus
562 1398 666 1434 mala
700 1397 859 1442 tolerat,
883 1397 1017 1433 dicens
1039 1409 1046 1432 :
1069 1398 1319 1442 Iniquitatem,

295 1466 382 1508 ete.,
407 1466 594 1509 tanquam
612 1461 811 1508 eleganter
831 1461 1020 1508 eloquens
1045 1473 1054 1495 :
1075 1460 1321 1508 Iniquitatem

293 1535 373 1560 non
394 1527 545 1560 tantum
565 1523 687 1567 odivi,
707 1523 777 1559 sed
797 1522 913 1558 etiam
932 1522 1122 1568 fastidivi3
1144 1524 1180 1558 et
1194 1522 1321 1568 legem

293 1585 469 1622 divinam
489 1596 568 1621 non
597 1584 726 1621 solum
758 1583 913 1627 audivi,
942 1583 1010 1619 sed
1045 1583 1162 1620 etiam
1192 1585 1320 1620 custo-

293 1647 386 1683 divi.
423 1648 594 1691 Quatuor
625 1646 756 1693 itaque
787 1656 996 1693 possumus
1026 1655 1190 1692 pensare
1219 1646 1321 1682 circa

293 1709 414 1745 verba
429 1708 639 1755 Prophetae,
658 1707 804 1743 seilicet
837 1706 934 1753 quid
955 1705 1096 1752 odivit,
1118 1706 1216 1753 quid
1246 1706 1320 1743 sas-

293 1770 430 1814 tidivit,
451 1769 549 1816 quid
570 1769 731 1814 audivit,
749 1767 845 1815 quid
859 1767 1066 1804 custodivit
1088 1780 1095 1803 ε
1126 1767 1251 1803 odivit
1271 1768 1320 1803 si-

293 1831 454 1879 quidem
473 1829 686 1878 iniquitatis
705 1839 901 1874 errorem3
929 1828 1114 1865 fastidivit
1135 1828 1320 1875 iniquita-

293 1893 338 1928 tis
354 1892 549 1937 furorem;
572 1891 720 1927 audivit
757 1889 947 1937 aequitatis
977 1889 1190 1925 clamorem
1200 1902 1210 1935 3
1231 1900 1318 1925 eus-

293 1954 430 1991 ’odivit
450 1953 641 2001 aequitatis
661 1962 850 1989 amorem.

619 2055 808 2090 Articulus
832 2055 984 2099 primus.

337 2137 550 2186 iniquitatis
580 2145 754 2172 errorem
786 2133 949 2181 aperuit,
984 2143 1073 2169 cum
1109 2133 1270 2169 asseruit
1306 2145 1314 2169 ε

291 2202 521 2246 [niquitatem
559 2197 639 2233 odio
686 2197 806 2232 habui.
845 2194 942 2239 Quia
978 2194 1153 2241 profecto
1191 2194 1318 2230 viator

999 267 1266 308 Expost‘rto
1298 267 1347 307 ΙΝ
1378 265 1717 308 PSALTERIUM.

1719 398 1903 432 Articuzus
1923 397 2109 433 secundus.

1450 478 1662 525 iniquitatis
1692 478 1865 514 furorem
1883 478 2031 522 innuit,
2054 488 2143 514 cum
2169 478 2329 514 inseruit
2351 491 2359 515 :
2380 482 2427 516 Et

1402 539 1625 574 abominatus
1652 549 1741 574 sum.
1775 538 1894 574 Nimis
1922 538 2202 575 abominabilis
2234 542 2289 575 est
2319 539 2428 576 furor

1400 598 1693 642 irrationabilis,
1728 599 1918 645 quoniam
1949 599 2151 635 hominem
2180 600 2231 636 ab
2267 600 2427 637 homine

1401 662 1538 696 avertit
1557 673 1564 696 ε
1582 662 1635 696 ita
1648 671 1729 697 non
1744 661 1946 711 hominem
1967 662 2170 707 convertit,
2189 672 2278 698 cum
2297 661 2428 709 ipsum

1399 733 1422 757 a
1441 721 1741 758 mansuetudine
1755 722 1794 757 in
1809 722 2207 759 immansuetudinem
2226 722 2425 769 pervertit.

1400 786 1523 821 Homo
1557 795 1729 832 namque
1761 785 1978 822 secundum
2019 786 2299 833 Philosophum
2328 787 2342 808 ⁴
2371 789 2428 822 est

1399 845 1541 881 animal
1574 845 1801 882 naturaliter
1836 849 2107 892 mansuetum3
2144 846 2250 882 unde
2287 847 2426 894 procul

1399 906 1522 942 (lubio
1543 906 1630 942 talis
1649 907 1891 943 abominatio
1909 917 1957 943 ex
1973 907 2114 943 virtute
2133 907 2323 954 procedit,
2344 917 2426 943 non

1398 977 1445 1002 ex
1464 967 1573 1003 vitio.
1595 970 1636 1003 Et
1656 968 1888 1011 notandum,
1903 968 2014 1014 quod
2034 968 2162 1004 differt
2181 967 2424 1005 abominatio

1398 1027 1631 1064 afflictorum
1646 1057 1655 1072 ‚
1688 1029 1930 1065 abominatio
1960 1028 2223 1075 perfectorum
2237 1055 2249 1072 ,
2269 1028 2423 1065 abomi—

1396 1088 1502 1124 natio
1512 1088 1794 1135 reproborum:
1808 1090 1935 1136 prima
1946 1092 2002 1125 est
2012 1089 2240 1134 inhumana,
2253 1089 2425 1125 secunda

1397 1159 1552 1195 vesana,
1569 1150 1680 1186 tertia
1694 1161 1789 1187 vero
1809 1161 1915 1186 sana.
1942 1152 1991 1186 De
2011 1150 2140 1197 primo
2158 1151 2171 1172 ⁸
2193 1163 2202 1186 z
2228 1163 2246 1185 «
2263 1149 2423 1186 Abomi-

1395 1210 1475 1245 nati
1496 1213 1585 1246 sunt
1614 1221 1677 1247 me
1698 1211 1904 1258 quondam
1924 1211 2135 1248 consiliarii
2156 1211 2233 1247 mei
2254 1222 2264 1247 :
2286 1222 2304 1244 ι)
2333 1220 2422 1247 eece

1396 1271 1613 1307 inhumana
1643 1272 1886 1309 abominatio
1920 1272 2166 1309 afflictorum.
2201 1274 2252 1308 De
2284 1281 2421 1308 secun-

1397 1335 1449 1370 do
1469 1336 1482 1356 ⁶
1506 1346 1513 1370 :
1540 1347 1558 1368 a
1578 1334 1677 1372 Odio
1700 1334 1923 1370 habuerunt
1942 1334 1982 1369 in
2003 1337 2118 1380 porta
2134 1333 2421 1381 corripientem,

1396 1398 1433 1431 et
1451 1394 1679 1442 loquentem
1709 1396 1878 1442 perfecte
1908 1395 2124 1431 abominati
2154 1397 2241 1430 sunt
2262 1405 2271 1429 :
2293 1407 2311 1429 »
2333 1404 2422 1431 ecce

1394 1467 1541 1493 vesana
1563 1456 1805 1494 abominatio
1825 1456 2100 1504 perfectorum.
2130 1458 2181 1492 De
2200 1454 2312 1492 tertio
2332 1455 2423 1492 scri-

1394 1517 1498 1554 bitur
1516 1519 1529 1541 ⁷
1552 1531 1560 1555 :
1593 1531 1611 1552 «
1633 1521 1753 1555 Iratus
1776 1522 1832 1555 est
1861 1518 1993 1555 furore
2012 1518 2198 1554 Dominus
2223 1517 2263 1553 in
2293 1527 2421 1564 popu-

1393 1579 1478 1615 lum
1523 1591 1662 1625 suum,
1702 1583 1738 1616 et
1781 1580 2031 1616 abominatus
2075 1581 2130 1615 est
2164 1577 2422 1615 hereditatem

1395 1651 1506 1676 suam
1530 1653 1538 1676 :
1561 1654 1579 1674 n
1603 1652 1691 1677 eece
1711 1652 1805 1677 sana
1825 1640 2069 1678 abominatio
2088 1639 2364 1687 reproborum.

1736 1745 1922 1780 Articulus
1944 1746 2082 1780 tertius.

1442 1825 1642 1871 AEquitatis
1663 1825 1876 1861 clamorem
1896 1825 2090 1872 apposuit,
2113 1835 2202 1860 cum
2221 1824 2417 1870 adjunxit:

1393 1887 1439 1921 Et
1461 1888 1567 1931 legem
1588 1891 1687 1922 tuam
1704 1899 1715 1932 ;
1733 1886 1923 1934 quoniam
1944 1886 2013 1922 ubi
2034 1885 2209 1932 aequitas,
2230 1885 2286 1922 ibi
2306 1885 2420 1922 clari-

1393 1951 1471 1993 tas;
1506 1948 1576 1984 ubi
1609 1947 1772 1991 clamor,
1799 1948 1855 1985 ibi
1889 1948 2016 1994 calor3
2039 1957 2210 1994 quorum
2237 1949 2420 1984 neutrum

1393 2008 1470 2055 legi
1501 2009 1622 2055 deest,
1657 2008 1847 2056 quoniam
1874 2009 1939 2045 lex
1967 2009 2082 2056 ignea
2113 2011 2190 2053 est,
2220 2008 2319 2045 sieut
2341 2007 2420 2055 legi

1392 2072 1520 2117 potest
1536 2070 1562 2106 ⁸.
1584 2072 1798 2118 Eapropter
1822 2081 1893 2118 per
1923 2070 2050 2117 legem
2065 2098 2075 2112 ,
2098 2071 2260 2117 propter
2290 2069 2418 2106 chari—

1392 2131 1478 2167 tatis
1491 2131 1536 2177 (a)
1552 2131 1738 2177 calorem,
1752 2131 2027 2168 convenienter
2039 2130 2289 2177 intelligimus
2297 2130 2420 2178 aequi-

1393 2192 1478 2227 tatis
1502 2192 1729 2228 clamorem.
1762 2195 1806 2229 Et
1833 2195 1950 2238 nota,
1971 2192 2081 2239 quod
2101 2192 2166 2228 lex
2185 2191 2320 2228 divina
2337 2201 2420 2228 non

1393 2255 1449 2287 est
1466 2252 1688 2297 maculosa,
1707 2263 1789 2289 non
1819 2253 2022 2299 fabulosa,
2059 2263 2142 2289 non
2171 2252 2390 2299 periculosa
2404 2264 2417 2298 ‚-

1393 2313 1486 2360 quia
1511 2324 1593 2350 non
1613 2317 1669 2350 est
1693 2314 1757 2350 lex
1777 2314 2007 2361 voluptatis,
2028 2323 2100 2349 nec
2125 2313 2325 2357 vanitatis,
2344 2322 2417 2349 nee

1392 2375 1628 2421 cupiditatis.
1650 2377 1698 2411 De
1719 2376 1847 2422 primo
1864 2375 2043 2411 scribitur
2059 2373 2072 2395 ⁹
2093 2386 2102 2410 ε
2129 2386 2146 2408 «
2164 2375 2244 2410 -Lex
2264 2372 2418 2410 Domini

1390 2436 1657 2482 immaculata,
1673 2438 1901 2472 convertens
1915 2435 2066 2472 animas
2081 2447 2090 2471 ε
2103 2448 2120 2470 »
2145 2445 2233 2472 ecce
2253 2434 2318 2471 lex
2336 2444 2418 2471 non

155 2273 269 2300 firi-oris
288 2260 384 2306 fuit,
405 2260 551 2296 idcirco
581 2256 794 2304 iniquitatis
825 2265 997 2292 errorem
1027 2255 1122 2291 odio
1154 2254 1315 2300 habuit;

146 2314 268 2380 ffffffo
291 2321 480 2369 quoniam
507 2319 648 2357 erroris
677 2318 815 2355 odium
841 2317 1002 2352 viatoris
1023 2318 1079 2352 est
1096 2315 1315 2362 proprium.

125 2364 167 2420 ζῆ,
201 2402 268 2428 pro-
290 2382 355 2418 Hic
385 2384 496 2429 potes
534 2383 689 2424 notare,
722 2378 887 2426 qualiter
918 2377 1040 2414 debes
1072 2376 1317 2423 iniquitatem

139 2435 249 2471 prium.
290 2444 425 2481 odire:
458 2444 551 2491 quia
580 2441 796 2485 stultificat3
831 2439 925 2487 quia
957 2439 1185 2484 mortificat3
1223 2438 1317 2485 quia

289 2505 534 2542 scandalizat.
571 2501 813 2540 Stultificatio
851 2501 1017 2548 pertinet
1054 2499 1106 2536 ad
1143 2499 1316 2536 intellec-

287 2570 392 2614 tum3
422 2565 693 2610 mortificatio,
715 2563 767 2600 ad
787 2562 992 2607 affectum3
1025 2560 1313 2604 scandalizatio‚

288 2628 340 2665 ad
371 2629 563 2665 effectum.
598 2629 646 2663 De
672 2627 800 2674 primo
824 2627 834 2646 ¹
869 2636 878 2660 t
920 2637 938 2658 α
974 2623 1199 2670 Iniquitates
1235 2632 1315 2658 suae

287 2690 445 2736 capiunt
479 2689 645 2736 impium
658 2700 669 2734 3
689 2701 707 2721 »
730 2691 766 2724 et
785 2686 885 2723 infra
908 2698 916 2721 ε
942 2699 961 2719 (ι
991 2687 1033 2722 ln
1065 2683 1314 2720 multitudine

287 2751 453 2787 stultitiae
473 2761 549 2787 sure
572 2748 786 2796 decipietur
803 2761 812 2783 :
834 2761 853 2782 ))
878 2757 966 2783 ecce
986 2746 1172 2793 iniquitas
1191 2744 1313 2781 stulti-

287 2812 420 2849 ficans.
454 2815 503 2848 De
535 2811 709 2848 secundo
738 2812 751 2832 ²
782 2821 790 2846 :
821 2822 839 2843 «
870 2809 986 2853 Quasi
1018 2807 1222 2854 romphaea
1251 2806 1314 2843 bis

288 2877 398 2911 acuta
426 2873 552 2910 omnis
589 2871 801 2918 iniquitas;
841 2869 967 2917 plagae
1005 2869 1108 2904 illius
1140 2877 1221 2905 non
1259 2870 1315 2903 est

287 2935 430 2972 sanitas
454 2946 462 2969 :
496 2947 514 2967 n
537 2943 623 2969 ecce
653 2931 837 2978 iniquitas
867 2930 1119 2967 mortificans.
1153 2931 1203 2965 De
1237 2932 1312 2965 ter—

286 2998 339 3033 tio
366 2997 380 3019 ³
399 3007 408 3032 :
437 3011 453 3027 α
475 2996 597 3031 Homo
619 2994 666 3030 de
688 2992 822 3036 Israel,
841 2991 911 3038 qui
938 2991 1113 3038 posuerit
1139 2990 1312 3026 immun-

288 3058 400 3095 ditias
418 3067 508 3093 suas
527 3055 568 3092 in
587 3053 706 3090 eorde
726 3063 818 3097 suo,
850 3055 886 3088 et
912 3051 1144 3088 scandalum
1169 3051 1312 3098 iniqui-

287 3120 372 3156 tatis
392 3129 471 3155 suae
489 3115 661 3153 statuerit
680 3117 814 3150 contra
833 3112 972 3150 faciem
992 3123 1118 3158 suam,
1142 3114 1179 3149 et
1196 3122 1313 3148 vene·

286 3182 334 3217 rit
360 3180 411 3217 ad
428 3178 662 3228 prophetam
679 3176 922 3220 interrogans
935 3183 1006 3220 per
1026 3183 1116 3209 eum
1134 3183 1197 3209 me
1207 3186 1218 3219 3
1237 3183 1310 3219 ego

289 3242 474 3280 Dominus
493 3237 744 3286 respondebo
766 3236 800 3272 ei
814 3236 855 3272 in
872 3234 1118 3271 multitudine
1138 3235 1310 3270 immun-

288 3305 472 3342 ditiarum
508 3310 699 3338 suarum:
733 3311 752 3334 i>
791 3307 880 3335 ecce
911 3295 1097 3343 iniquitas
1120 3295 1312 3333 scandali-

288 3376 390 3403 zanS.

330 3452 336 3468 ¹
357 3449 471 3488 Prov„
497 3454 531 3485 v,
557 3446 609 3483 22,
630 3444 682 3474 23.
702 3459 743 3465 —
768 3442 779 3460 ²
799 3439 919 3480 Eccli.,
939 3447 1012 3480 xm,
1034 3442 1063 3471 4.
1084 3455 1123 3463 —
1142 3438 1156 3461 ³
1177 3439 1309 3479 Ezecla.‚

286 3510 357 3543 nv,
376 3502 409 3537 3,
432 3498 461 3527 4,
482 3510 523 3519 —·
548 3493 558 3510 ⁴
578 3491 691 3530 Arist„
715 3487 859 3526 Politia,
885 3487 943 3519 lib.
967 3488 998 3527 l,
1022 3495 1052 3518 c.
1075 3493 1111 3518 ιι.
1133 3502 1172 3510 -
1198 3486 1212 3507 ⁸
1229 3486 1306 3527 lob,

1390 2497 1608 2533 maculosa.
1644 2499 1693 2533 De
1722 2497 1895 2534 seeundo
1920 2498 1944 2519 ¹⁰
1964 2508 1973 2533 z
1996 2508 2015 2530 ι(
2034 2498 2293 2533 Narraverunt
2321 2496 2419 2532 mihi

1390 2558 1513 2605 iniqui
1538 2558 1814 2603 fabulationes,
1835 2558 1904 2595 sed
1923 2568 2005 2594 non
2024 2561 2066 2594 ut
2085 2558 2149 2594 lex
2169 2560 2235 2594 tua
2257 2568 2266 2593 :
2288 2570 2307 2593 »
2329 2566 2419 2593 ecce

1390 2619 1454 2655 lex
1473 2629 1554 2655 non
1573 2619 1766 2656 fabulosa.
1798 2622 1847 2655 De
1875 2619 1985 2656 tertio
2006 2619 2030 2640 ¹¹
2055 2630 2064 2655 :
2097 2631 2116 2653 «
2133 2618 2210 2656 Nisi
2230 2617 2339 2665 quod
2357 2617 2420 2654 lex

1389 2683 1457 2717 tua
1479 2681 1680 2717 meditatio
1709 2691 1794 2717 mea
1826 2684 1901 2725 est,
1923 2683 2014 2716 tunc
2040 2679 2138 2716 forte
2156 2679 2359 2727 periissem
2378 2678 2420 2714 in

1389 2742 1606 2779 humilitate
1622 2752 1712 2778 mea
1733 2754 1742 2778 :
1764 2756 1780 2775 υ
1805 2752 1893 2778 ecce
1913 2741 1976 2778 lex
1994 2751 2075 2778 non
2094 2740 2332 2788 periculosa.

1719 2846 1902 2881 Articulus
1923 2847 2087 2891 quartus.

1436 2931 1637 2978 AEquitatis
1658 2942 1835 2968 amorem
1854 2931 2075 2976 admiscuit,
2095 2939 2186 2967 cum
2199 2928 2386 2966 annexuit
2403 2940 2412 2964 :

1387 2994 1510 3029 Dileoez'
1545 3006 1553 3029 ε
1586 3003 1675 3029 ecee
1704 3003 1828 3029 amor.
1855 2993 1974 3039 Cujus
2003 2992 2144 3028 amor?
2169 2995 2289 3029 Amor
2316 2989 2416 3037 legis

1387 3054 1542 3100 regalis,
1568 3065 1679 3091 amor
1699 3054 1888 3102 aequitatis
1907 3053 2058 3100 legalis,
2079 3063 2192 3091 amor
2206 3052 2304 3099 legis
2321 3061 2414 3099 pro-

1387 3115 1529 3152 cedens
1556 3126 1604 3152 ex
1629 3126 1763 3152 amore
1783 3115 1896 3162 regis.
1925 3115 2026 3152 Audi
2051 3125 2185 3161 regem
2204 3113 2412 3158 dicentem,

1387 3180 1423 3213 et
1440 3176 1571 3223 legem
1591 3177 1828 3214 indicentem
1850 3178 1877 3203 ¹¹
1899 3189 1908 3213 ε
1932 3189 1952 3211 α
1970 3176 2007 3212 Si
2027 3175 2186 3222 diligitis
2204 3185 2283 3221 me,
2299 3183 2411 3211 man—

1387 3237 1478 3274 data
1503 3249 1592 3275 mea
1620 3241 1790 3285 servate3
1810 3250 1828 3273 n
1850 3238 1926 3274 hoo
1946 3241 2028 3274 est:
2051 3237 2089 3274 Si
2106 3236 2244 3274 amatis
2263 3244 2409 3282 regem,

1385 3301 1535 3336 servate
1571 3299 1714 3347 legem.
1751 3300 1818 3336 Hic
1854 3301 1980 3346 potest
2015 3298 2158 3344 notari,
2185 3296 2294 3345 quod
2329 3305 2410 3332 non

1384 3404 1466 3436 mx,
1501 3399 1549 3429 19.
1581 3413 1622 3420 —
1652 3398 1663 3413 ‘³
1695 3396 1807 3437 Amos,
1843 3404 1874 3436 v,
1906 3398 1955 3427 ’,0.
1979 3411 2018 3419 -
2050 3396 2059 3414 ⁷
2088 3393 2175 3426 psal.
2207 3400 2260 3434 cv,
2289 3394 2340 3424 40.
2370 3408 2410 3417 ·-

1385 3443 1518 3485 ⁰Deut.,
1537 3451 1661 3484 xxxm,
1682 3445 1757 3477 2.—
1776 3444 1788 3462 ⁹
1809 3443 1897 3474 Psal.
1916 3450 2019 3483 xvm,
2033 3442 2142 3473 8.—¹⁰
2154 3439 2244 3472 Ρεαί.
2263 3440 2342 3481 hoc,
2356 3442 2408 3473 85.

1383 3503 1424 3515 ·—
1444 3491 1468 3513 ¹¹
1489 3491 1590 3531 ibid„
1608 3491 1662 3523 92.
1678 3506 1713 3514 -
1736 3490 1761 3512 ²²
1779 3490 1886 3528 Joan„
1905 3496 1978 3529 xw,
1995 3490 2096 3520 15.—
2108 3487 2151 3529 (a)
2169 3488 2224 3521 Al.
2238 3487 2408 3520 claritatis.
