2633 3878
231 252 289 280 ΧΠ

231 327 464 381 simplices,
485 327 525 365 et
543 322 719 370 idiotas,
750 322 791 360 et
815 320 1066 372 piscatores,
1099 320 1140 358 et
1170 314 1419 367 huiusmodi
1456 313 1612 356 viros¹.
1632 330 1652 354 ›>
1689 317 1981 372 Praeterquam
2011 321 2125 373 quod
2157 321 2353 367 laudatus

234 404 280 446 P.
310 400 504 444 Sbaralea
527 399 643 438 notat
661 409 671 437 :
693 395 958 437 Aristotelem
976 394 1277 437 Bonaventura
1295 392 1340 431 in
1357 391 1437 431 hac
1458 390 1745 443 Exposz'cione
1765 407 1852 436 non
1870 395 2015 437 laudat
2039 407 2350 452 soepemcmem,

231 485 276 521 ut
297 477 458 533 praefati
477 485 669 516 censores
688 473 834 522 aiunt,
855 473 926 513 sed
945 475 1019 513 aut
1038 480 1287 523 nunquam,
1310 470 1384 508 aut
1402 479 1589 519 perraro.

286 563 323 600 3.
359 555 472 597 Nihil
501 554 656 607 pariter
688 552 997 593 Bonaventurae
1030 551 1176 590 nostro
1207 558 1458 600 repugnans
1494 546 1711 598 existimo,
1746 547 1791 587 in
1825 559 1917 588 rem
1950 559 2072 589 suam
2101 551 2356 602 pertraxisse

232 635 427 690 quaedam
447 633 556 674 dicta
575 643 628 671 ex
648 629 858 678 Ilermete,
878 640 952 668 seu
971 624 1201 674 Simonide,
1222 635 1277 664 ex
1295 623 1464 672 Catone,
1482 621 1675 674 VirgiliO,
1698 622 1907 673 Terentio,
1925 623 1947 665 J
1952 624 2124 666 uvenali
2137 657 2149 676 ,
2166 625 2354 679 Euclide,

232 712 387 754 Seneca
417 712 457 751 et
485 706 714 756 Macrobio,
744 716 842 745 cum
874 703 1010 744 eidem
1041 701 1353 744 Bonaventurae
1383 711 1470 740 non
1506 699 1666 741 fuerint
1699 700 1948 753 incomperti
1984 713 2033 742 ac
2072 702 2224 754 ignoti.
2261 703 2355 745 Non

232 789 470 843 repugnat,
495 785 608 839 quod
632 795 755 825 voces
781 793 945 836 graecas
970 783 1011 821 et
1031 778 1251 821 hebraicas
1277 778 1520 830 frequenter
1544 778 1742 828 usurpet,
1769 788 1868 816 cum
1895 788 1965 817 eas
1988 777 2187 819 adhibere
2211 781 2358 832 potue-

231 865 286 905 rit
310 862 457 903 saltem
488 862 535 900 ut
561 858 735 899 usitatas
761 857 874 909 apud
904 857 1232 911 Hieronymum,
1264 853 1558 904 Ambrosium,
1590 852 1748 894 Glossae
1777 856 2019 904 auctorem,
2047 854 2354 910 Philosophos,

231 940 450 987 Rhetores,
481 948 529 977 ac
553 936 604 975 iis
631 935 693 975 uti
725 935 992 976 consueverit
1019 934 1065 974 in
1093 932 1218 974 certis
1243 930 1558 972 commentariis
1587 940 1715 982 super
1745 929 1904 970 librum
1930 930 2175 984 Sapientiae,
2207 944 2256 973 ac
2276 932 2357 974 La-

232 1011 509 1054 mentationes
537 1008 731 1050 Jeremiae
755 1009 998 1063 prophetae,
1031 1010 1082 1050 de
1104 1009 1261 1062 quibus
1285 1009 1443 1061 postea.
1469 1005 1589 1047 Unde
1612 1017 1691 1046 nec
1719 1005 1854 1046 ullam
1886 1006 2010 1048 video
2040 1007 2354 1061 difficultatem,

231 1089 342 1142 quod
367 1099 443 1142 pro
468 1086 677 1128 Dome'nus
703 1086 813 1137 reqz‘t
844 1098 933 1136 me,
966 1085 1119 1139 legerit
1147 1084 1381 1125 secundum
1413 1082 1636 1124 lectionem
1665 1093 1853 1133 graecam
1880 1083 2086 1124 Dominus
2113 1085 2251 1137 pascit
2272 1098 2355 1127 me.

286 1168 325 1205 4.
354 1163 446 1205 Non
467 1165 705 1216 repugnat,
723 1163 837 1215 quod
855 1162 1008 1204 dixerit
1027 1177 1036 1203 t
1065 1177 1085 1201 α
1103 1161 1258 1203 Anima
1277 1163 1339 1201 est
1362 1160 1407 1200 in
1429 1159 1602 1200 cerebro
1622 1158 1859 1199 secundum
1881 1158 2100 1212 Physicos3
2122 1161 2358 1203 secundum

231 1241 471 1293 Theologos
497 1243 559 1281 est
584 1240 630 1280 in
658 1239 796 1290 corde,
814 1254 833 1277 υ
860 1242 934 1281 etc.
963 1239 1071 1280 Nam
1098 1239 1262 1291 legerat
1289 1238 1458 1291 (Prota,
1483 1249 1574 1286 xw,
1599 1238 1663 1286 33)
1684 1248 1693 1277 :
1716 1236 1768 1277 In
1790 1236 1913 1277 corde
1925 1237 2037 1289 justi
2054 1237 2169 1279 sedes
2188 1239 2355 1292 sapien-

235 1321 302 1361 tz'oe
324 1325 408 1370 est,
435 1318 689 1370 tradiditque
715 1317 760 1357 in
781 1317 899 1357 libris
924 1317 1050 1357 etiam
1076 1315 1423 1357 Sententiarum:
1451 1313 1640 1355 «Medici
1671 1314 1913 1355 discordant
1940 1313 2265 1357 aNaturalibuS.
2293 1316 2358 1358 Di-

234 1398 333 1437 cunt
357 1394 471 1435 enim
497 1393 687 1446 Physici,
713 1393 826 1445 quod
850 1393 1108 1445 principium
1136 1394 1277 1433 motus
1302 1393 1343 1432 et
1372 1402 1519 1432 sensus
1546 1392 1609 1430 est
1636 1390 1680 1430 in
1706 1390 1864 1443 capite3
1896 1390 1992 1431 licet
2015 1391 2259 1444 Naturales,
2283 1392 2358 1446 qui

233 1471 499 1513 considerant
522 1469 727 1523 principia
751 1481 898 1516 rerum
926 1469 1139 1520 intimius,
1172 1468 1311 1509 dicant
1339 1468 1452 1521 quod
1472 1468 1627 1508 horum
1647 1467 1906 1521 principium
1928 1470 1990 1509 est
2009 1480 2080 1509 cor
2096 1472 2126 1510 Β.
2144 1483 2163 1506 »
2187 1468 2280 1511 Non
2297 1481 2360 1512 re-

233 1552 419 1603 pugnat,
449 1547 561 1601 quod
584 1547 636 1587 ad
664 1547 767 1588 illud
789 1547 1024 1598 :Ascende,
1055 1547 1192 1598 calve,
1218 1546 1451 1588 subdiderit
1474 1560 1482 1585 ε
1517 1544 1637 1586 «Hoc
1660 1545 1886 1597 exponitur
1906 1544 1957 1585 de
1983 1545 2152 1598 Elisaeo,
2183 1547 2257 1599 qui
2279 1547 2359 1589 fuit

235 1626 392 1676 calvus,
415 1626 467 1666 ad
490 1625 695 1676 litteram3
713 1625 784 1666 sed
797 1625 1023 1678 exponitur
1042 1624 1093 1664 de
1111 1623 1290 1672 Christo,
1308 1622 1383 1676 qui
1401 1621 1585 1663 nonfuit
1602 1621 1748 1664 calvus
1765 1622 1817 1663 ad
1835 1621 2019 1662 litteram
2039 1635 2083 1663 ε»
2109 1622 2152 1663 id
2172 1622 2286 1663 enim
2307 1623 2360 1665 de

235 1703 397 1744 Christo
420 1701 676 1743 intellexisse
696 1705 856 1743 constat
876 1702 1004 1743 etiam
1025 1701 1336 1754 Hieronymum
1355 1699 1368 1721 ³
1384 1731 1394 1751 ,
1423 1697 1715 1751 Augustinum
1735 1701 1770 1748 ¹0,
1799 1697 2065 1739 Bernardum
2078 1702 2107 1748 ⁵,
2139 1700 2218 1740 etc.
2251 1699 2359 1741 Pro-

235 1780 339 1821 fecto
358 1779 470 1820 idem
489 1781 634 1819 auctor
661 1793 680 1817 c(
697 1778 743 1819 in
767 1778 955 1819 Psalterii
975 1777 1238 1831 expositione
1257 1777 1403 1817 tritam
1423 1776 1540 1816 illam
1563 1775 1760 1828 quidem,
1784 1777 1911 1827 atque
1930 1774 2131 1815 usitatam
2151 1774 2268 1817 viam
2290 1787 2360 1817 se-

235 1859 357 1897 cutus
378 1859 462 1907 est,
482 1856 527 1896 in
547 1868 632 1909 qua
653 1855 846 1904 insistere
874 1857 1058 1908 majores
1077 1852 1334 1896 voluerunt⁶
1352 1868 1371 1890 n
1404 1852 1534 1905 idque
1555 1851 1659 1892 adeo
1684 1863 1837 1892 verum
1851 1883 1862 1901 ,
1892 1854 1942 1891 ut
1968 1851 2155 1892 dubitari
2183 1852 2360 1894 minime

235 1934 384 1987 possit,
406 1933 529 1987 plura
548 1934 689 1986 ipsum
708 1933 1017 1986 deprompsisse
1037 1943 1060 1972 e
1079 1943 1190 1984 penu
1212 1928 1421 1982 Dionysii,
1449 1927 1684 1977 Athanasii,
1713 1927 1943 1978 Ambrosii,
1975 1927 2245 1982 Hieronymi,
2275 1928 2361 1970 Au-

237 2010 419 2062 gustini,
439 2010 646 2061 Cassiani,
671 2010 840 2062 Isidori,
862 2010 1009 2060 Bedae,
1032 2007 1231 2050 Richardi
1254 2019 1280 2047 a
1299 2006 1451 2047 Sancto
1469 2005 1649 2053 Victore,
1672 2007 1748 2046 etc.
1772 2005 1828 2046 De
1846 2017 1964 2046 more
1977 2005 2112 2046 utitur
2127 2005 2363 2058 praesertim

236 2086 467 2138 Augustini
484 2086 709 2138 sententia,
729 2099 816 2128 una
835 2099 934 2128 cum
954 2085 1074 2127 Pauli
1093 2083 1269 2138 apostoli
1288 2083 1429 2125 verbis
1446 2114 1460 2134 ,
1478 2082 1660 2135 loquens
1679 2083 1731 2123 de
1748 2082 1883 2124 libero
1899 2082 2074 2123 arbitrio
2088 2083 2129 2123 et
2145 2082 2194 2124 de
2211 2083 2363 2135 gratiae

238 2164 432 2204 efficacia.
455 2163 595 2216 Inquit
614 2164 753 2204 enim:
785 2179 804 2202 α
820 2164 958 2205 Motus
977 2175 1031 2205 ex
1048 2163 1182 2203 libero
1202 2162 1374 2202 arbitrio
1406 2161 1562 2214 partim
1594 2172 1647 2200 ex
1674 2159 1782 2211 Deo,
1816 2158 1971 2213 partim
1996 2171 2050 2200 ex
2077 2159 2215 2200 nobis,
2246 2158 2364 2200 Unde

239 2239 463 2292 Apostolus
482 2254 491 2280 ι
519 2239 797 2292 Coadjutores
816 2241 898 2282 Dei
916 2252 1062 2281 sumus
1077 2239 1105 2280 ⁷.
1128 2237 1236 2279 Nam
1258 2250 1357 2278 cum
1376 2238 1472 2278 fecIt
1490 2248 1568 2278 nos
1584 2237 1674 2278 sine
1693 2237 1834 2287 nobis,
1857 2248 1945 2277 non
1961 2236 2164 2289 Justificat
2179 2246 2256 2276 nos
2274 2235 2364 2277 sine

239 2315 359 2356 nobis
373 2319 401 2366 ⁵⁴,
422 2316 464 2356 id
483 2318 543 2357 est
565 2330 574 2356 ;
598 2316 694 2358 Non
711 2328 784 2369 esso
805 2328 956 2370 operor
977 2316 1097 2366 illud,
1117 2315 1193 2356 secl
1210 2315 1352 2369 (fracia
1371 2314 1453 2356 Dei
1470 2324 1635 2356 mecum
1650 2315 1679 2355 ⁹.
1693 2328 1712 2352 »
1737 2313 1943 2355 Eumdem
1965 2315 2144 2363 textum,
2170 2311 2363 2365 Coadju-

241 2398 348 2434 tores
372 2393 450 2434 Dei
475 2405 635 2445 sumus,
659 2395 824 2448 repetit,
842 2397 891 2435 ut
909 2394 1056 2447 probet
1074 2393 1188 2446 quod
1209 2393 1465 2445 quandoque
1481 2392 1611 2432 homo
1631 2390 1746 2432 ducit
1763 2402 1806 2431 se
1825 2402 1900 2443 per
1919 2389 2104 2430 liberum
2123 2388 2361 2439 arbitrium,

239 2469 378 2522 palam
397 2469 576 2518 facienS,
599 2471 648 2510 ad
668 2470 710 2510 id
730 2482 857 2522 egere
876 2471 1018 2523 ipsum
1038 2470 1221 2510 liberum
1241 2469 1466 2510 arbitrium
1485 2468 1623 2520 gratia
1642 2467 1715 2508 Dei
1737 2467 2008 2519 cooperante,
2033 2467 2081 2506 ut
2109 2464 2238 2505 homo
2266 2476 2364 2506 cum

239 2544 438 2598 Apostolo
458 2545 594 2586 dicere
615 2549 742 2599 queat
763 2563 771 2588 :
799 2547 950 2589 Gratia
974 2547 1055 2589 Dei
1076 2547 1121 2587 in
1139 2558 1206 2587 me
1226 2559 1363 2587 vacua
1383 2558 1469 2586 non
1490 2546 1578 2598 fuit
1594 2544 1636 2584 ¹⁰.
1659 2543 1775 2584 idem
1795 2545 1923 2584 etiam
1935 2542 2120 2583 liberum
2142 2541 2365 2584 arbitrium

240 2622 378 2674 gratia
407 2623 691 2675 praeveniente
720 2623 912 2676 indigere
941 2623 1121 2664 ostendit
1139 2634 1214 2675 per
1234 2625 1425 2664 textum:
1454 2622 1489 2664 T
1486 2621 1588 2662 rahe
1609 2633 1676 2662 me
1690 2625 1792 2675 post
1811 2625 1849 2661 tc
1864 2621 1909 2661 ¹¹.

295 2701 333 2738 5.
356 2697 511 2738 Eadem
532 2699 769 2751 Expositio,
792 2701 917 2740 modo
937 2699 1330 2750 Bonaventuriano,
1352 2699 1410 2739 ita
1427 2698 1642 2751 perpetuis
1660 2698 1818 2739 divinae
1837 2696 2067 2749 Scripturae
2088 2695 2276 2736 textibus
2296 2706 2365 2736 re-

241 2777 346 2817 ferta
374 2779 448 2825 est,
470 2779 517 2817 ut
536 2789 749 2818 summam
768 2778 895 2818 etiam
913 2777 1111 2818 exhibeat
1129 2787 1346 2817 sacrorum
1366 2776 1530 2815 rituum
1547 2774 1756 2827 peritiam.
1781 2773 1828 2814 In
1847 2785 1896 2814 ea
1915 2773 2025 2814 inter
2044 2774 2203 2813 ceteros
2221 2774 2364 2813 retun-

242 2850 355 2891 ditur
372 2862 489 2891 error
520 2850 787 2900 Graecorum,
816 2851 1089 2904 spirationem
1118 2853 1300 2895 activam
1326 2851 1404 2892 soli
1430 2850 1548 2891 Patri
1573 2850 1923 2891 attribuentium:
1952 2848 2028 2902 qui
2052 2848 2223 2902 quidem
2245 2858 2365 2888 error

243 2926 609 2967 Bonaventuriana
627 2928 865 2980 praesertim
893 2931 1016 2970 aetate
1046 2929 1235 2982 vIgebat.
1269 2929 1342 2970 His
1368 2931 1511 2969 autem
1539 2927 1737 2968 omnibus
1762 2926 1881 2967 facile
1910 2924 2121 2968 evanescit
2153 2922 2361 2977 quidquid

243 3007 387 3046 contra
404 3005 652 3058 hujusmodi
672 3005 985 3060 Expositionem
1005 3021 1031 3049 a
1049 3008 1291 3051 novissimis
1311 3005 1550 3048 Editoribus
1569 3005 1802 3056 objectatur
1814 3003 1856 3043 ¹².

288 3112 345 3142 ¹ln
361 3111 606 3153 Exposit.Psal.
624 3120 787 3153 cxuuffl.
805 3116 877 3155 572,
894 3114 1044 3147 col.2.—
1057 3115 1309 3154 ²Lib.lll,dist.
1328 3121 1405 3154 xm,
1418 3114 1524 3152 art.2,
1545 3113 1619 3152 q.3,
1639 3110 1682 3142 ad
1701 3118 1772 3150 arg.
1796 3111 1824 3149 1,
1838 3107 1910 3149 huj.
1931 3107 2011 3140 edit.
2026 3109 2110 3140 tom.
2131 3107 2188 3146 lv,
2202 3116 2279 3148 pag.
2291 3108 2365 3139 292.

247 3159 421 3190 Consentit
437 3167 537 3190 serm.
562 3166 584 3192 1,
602 3160 649 3190 De
669 3159 841 3191 illuminat
865 3160 949 3192 Eccl.
964 3179 1005 3184 —
1024 3161 1037 3182 ³
1056 3163 1092 3192 ln
1111 3161 1161 3193 tit.
1184 3161 1269 3193 Psal.
1289 3168 1381 3192 XLVI.
1403 3176 1442 3182 —
1458 3159 1468 3177 ⁴
1485 3159 1580 3191 Cont-
1599 3158 1730 3195 Faust„
1754 3155 1809 3187 lib.
1832 3156 1904 3195 ΧΗ,
1925 3164 1955 3186 c.
1976 3161 2080 3185 XXXV.
2095 3171 2136 3177 —
2154 3154 2168 3176 ⁵
2185 3153 2239 3185 Ad
2257 3152 2364 3185 Milz‘t.

247 3204 381 3245 Templi.
407 3214 436 3235 c.
464 3207 492 3236 1.
523 3204 600 3236 Vid.
629 3206 763 3237 Cornel.
791 3217 810 3238 a
832 3207 962 3248 Lapid„
984 3207 1166 3239 Commeat.
1186 3208 1221 3239 in
1240 3207 1297 3238 lib.
1327 3207 1383 3238 lV.
1405 3206 1497 3246 neq„
1520 3214 1550 3237 c.
1579 3207 1610 3236 2.
1632 3222 1668 3227 —-
1695 3203 1707 3221 ⁶
1726 3203 1815 3235 Petr.
1837 3200 1984 3233 Galesin.
2011 3200 2045 3232 in
2073 3200 2141 3232 Vit.
2168 3201 2202 3232 S.
2227 3200 2365 3240 Bonam,

247 3260 275 3282 c.
295 3259 349 3283 xv·
370 3268 411 3274 —
430 3252 439 3270 ⁷
462 3251 472 3282 Ι
495 3251 584 3292 Com,
607 3259 667 3292 111,
689 3254 718 3284 9.
739 3270 779 3276 -
795 3254 805 3272 ⁸
822 3255 977 3294 August„
998 3253 1036 3285 de
1055 3253 1145 3286 verb.
1170 3254 1298 3294 Apost„
1321 3262 1423 3285 serm.
1445 3260 1502 3292 xv,
1523 3251 1566 3283 al.
1589 3257 1711 3290 cmux,
1734 3258 1769 3280 n.
1793 3251 1843 3280 13.
1862 3264 1898 3270 -
1919 3248 1961 3278 ⁹1
1982 3247 2073 3285 Cor„
2092 3253 2150 3286 xv,
2169 3248 2220 3277 10.
2244 3245 2367 3278 Omnia

246 3297 407 3336 praedicta
430 3297 588 3339 leguntur
612 3300 655 3330 ad
685 3299 739 3330 illa
764 3300 880 3332 verba.
907 3301 992 3332 Psal.
1020 3308 1138 3339 cxviii,
1167 3301 1221 3332 Ea:
1249 3299 1370 3331 erubar·
1395 3299 1427 3330 in
1445 3296 1746 3339 justificationibus
1776 3295 1853 3326 iuis.
1880 3312 1920 3318 -
1949 3295 1973 3315 ¹·
2000 3294 2009 3324 l
2046 3293 2137 3332 Corn,
2166 3300 2225 3331 XV,
2256 3294 2305 3324 10.
2326 3308 2367 3315 -

249 3343 274 3364 ¹¹
297 3343 406 3383 Cant„
423 3352 446 3384 ι,
461 3346 489 3378 3.
508 3345 544 3377 ln
558 3345 645 3378 Psal.
666 3353 783 3387 cxvffl,
799 3348 850 3388 49,
864 3347 936 3387 huj.
950 3347 1034 3380 tomi
1048 3356 1125 3388 pag.
1139 3348 1213 3387 303,
1231 3347 1294 3379 col.
1313 3349 1387 3380 2.—
1406 3346 1430 3369 ¹¹¹
1444 3344 1605 3385 Diatrib.‚
1622 3353 1657 3385 p.
1671 3343 1729 3375 106
1744 3343 1777 3374 et
1796 3350 1883 3382 seq„
1903 3340 1974 3382 huj.
1990 3339 2070 3372 edit.
2082 3341 2166 3373 tom.
2179 3339 2252 3381 1,p.
2267 3345 2365 3372 Lxm.
