<?xml version="1.0" encoding="UTF-8"?>
<!DOCTYPE html PUBLIC "-//W3C//DTD XHTML 1.0 Transitional//EN"
    "http://www.w3.org/TR/xhtml1/DTD/xhtml1-transitional.dtd">
<html xmlns="http://www.w3.org/1999/xhtml" xml:lang="en" lang="en">
 <head>
  <title>
</title>
<meta http-equiv="Content-Type" content="text/html;charset=utf-8" />
  <meta name='ocr-system' content='tesseract 3.04.00' />
  <meta name='ocr-capabilities' content='ocr_page ocr_carea ocr_par ocr_line ocrx_word'/>
</head>
<body>
  <div class='ocr_page' id='page_1' title='image "./operaomniasixtiv09bonauoft_0471.png"; bbox 0 0 2633 3878; ppageno 0'>
   <div class='ocr_carea' id='block_1_1' title="bbox 1064 234 1512 279">
    <p class='ocr_par' dir='ltr' id='par_1_1' title="bbox 1064 234 1512 279">
     <span class='ocr_line' id='line_1_1' title="bbox 1064 234 1512 279; baseline 0.007 -4"><span class='ocrx_word' id='word_1_1' title='bbox 1064 234 1308 277; x_wconf 84' lang='lat' dir='ltr'>PSALMUS</span> <span class='ocrx_word' id='word_1_2' title='bbox 1339 235 1493 278; x_wconf 81' lang='lat' dir='ltr'>CXVIII</span> <span class='ocrx_word' id='word_1_3' title='bbox 1501 268 1512 279; x_wconf 90' lang='lat'>.</span> 
     </span>
    </p>
   </div>
   <div class='ocr_carea' id='block_1_2' title="bbox 209 325 1252 1301">
    <p class='ocr_par' dir='ltr' id='par_1_2' title="bbox 209 325 1252 1301">
     <span class='ocr_line' id='line_1_2' title="bbox 214 325 1252 377; baseline -0.007 -9"><span class='ocrx_word' id='word_1_4' title='bbox 214 330 488 377; x_wconf 86' lang='lat' dir='ltr'>flagrantiam,</span> <span class='ocrx_word' id='word_1_5' title='bbox 533 328 682 366; x_wconf 88' lang='lat' dir='ltr'>laboris</span> <span class='ocrx_word' id='word_1_6' title='bbox 729 325 1070 373; x_wconf 81' lang='lat' dir='ltr'>complacentiam.</span> <span class='ocrx_word' id='word_1_7' title='bbox 1109 327 1252 362; x_wconf 87' lang='lat' dir='ltr'>Versus</span> 
     </span>
     <span class='ocr_line' id='line_1_3' title="bbox 214 387 1251 441; baseline -0.007 -11"><span class='ocrx_word' id='word_1_8' title='bbox 214 392 364 441; x_wconf 85' lang='lat' dir='ltr'>primus</span> <span class='ocrx_word' id='word_1_9' title='bbox 393 391 445 429; x_wconf 91' lang='lat' dir='ltr'>ad</span> <span class='ocrx_word' id='word_1_10' title='bbox 472 391 554 438; x_wconf 89' lang='lat' dir='ltr'>spei</span> <span class='ocrx_word' id='word_1_11' title='bbox 581 389 770 426; x_wconf 89' lang='lat' dir='ltr'>fiduciam</span> <span class='ocrx_word' id='word_1_12' title='bbox 792 390 954 436; x_wconf 84' lang='lat' dir='ltr'>spectat,</span> <span class='ocrx_word' id='word_1_13' title='bbox 975 387 1013 423; x_wconf 86' lang='lat' dir='ltr'>in</span> <span class='ocrx_word' id='word_1_14' title='bbox 1036 398 1117 435; x_wconf 82' lang='lat' dir='ltr'>quo</span> <span class='ocrx_word' id='word_1_15' title='bbox 1148 387 1251 424; x_wconf 79' lang='lat' dir='ltr'>Psal-</span> 
     </span>
     <span class='ocr_line' id='line_1_4' title="bbox 214 449 1252 503; baseline -0.006 -11"><span class='ocrx_word' id='word_1_16' title='bbox 214 455 458 503; x_wconf 79' lang='lat' dir='ltr'>mographus</span> <span class='ocrx_word' id='word_1_17' title='bbox 485 453 608 501; x_wconf 87' lang='lat' dir='ltr'>quid,</span> <span class='ocrx_word' id='word_1_18' title='bbox 637 455 674 488; x_wconf 93' lang='lat' dir='ltr'>et</span> <span class='ocrx_word' id='word_1_19' title='bbox 698 452 860 498; x_wconf 87' lang='lat' dir='ltr'>propter</span> <span class='ocrx_word' id='word_1_20' title='bbox 882 449 979 497; x_wconf 89' lang='lat' dir='ltr'>quid</span> <span class='ocrx_word' id='word_1_21' title='bbox 1008 449 1252 486; x_wconf 87' lang='lat' dir='ltr'>confidenter</span> 
     </span>
     <span class='ocr_line' id='line_1_5' title="bbox 214 511 1252 566; baseline -0.006 -12"><span class='ocrx_word' id='word_1_22' title='bbox 214 517 455 566; x_wconf 83' lang='lat' dir='ltr'>sperandum</span> <span class='ocrx_word' id='word_1_23' title='bbox 488 515 560 559; x_wconf 89' lang='lat' dir='ltr'>sit,</span> <span class='ocrx_word' id='word_1_24' title='bbox 582 512 815 550; x_wconf 83' lang='lat' dir='ltr'>manifestat.</span> <span class='ocrx_word' id='word_1_25' title='bbox 850 511 1024 548; x_wconf 85' lang='lat' dir='ltr'>Universi</span> <span class='ocrx_word' id='word_1_26' title='bbox 1054 511 1252 559; x_wconf 85' lang='lat' dir='ltr'>siquidem</span> 
     </span>
     <span class='ocr_line' id='line_1_6' title="bbox 212 573 1251 626; baseline -0.006 -9"><span class='ocrx_word' id='word_1_27' title='bbox 212 580 304 626; x_wconf 90' lang='lat' dir='ltr'>justi</span> <span class='ocrx_word' id='word_1_28' title='bbox 325 579 532 626; x_wconf 78' lang='lat' dir='ltr'>expectant</span> <span class='ocrx_word' id='word_1_29' title='bbox 551 587 591 613; x_wconf 88' lang='lat' dir='ltr'>se</span> <span class='ocrx_word' id='word_1_30' title='bbox 613 575 789 612; x_wconf 86' lang='lat' dir='ltr'>divinam</span> <span class='ocrx_word' id='word_1_31' title='bbox 818 574 1026 611; x_wconf 71' lang='lat' dir='ltr'>essentiam</span> <span class='ocrx_word' id='word_1_32' title='bbox 1045 573 1251 622; x_wconf 90' lang='lat' dir='ltr'>perspicue</span> 
     </span>
     <span class='ocr_line' id='line_1_7' title="bbox 215 636 1250 688; baseline -0.007 -9"><span class='ocrx_word' id='word_1_33' title='bbox 215 640 561 688; x_wconf 84' lang='lat' dir='ltr'>contemplaturos,</span> <span class='ocrx_word' id='word_1_34' title='bbox 582 641 618 675; x_wconf 92' lang='lat' dir='ltr'>et</span> <span class='ocrx_word' id='word_1_35' title='bbox 633 637 938 674; x_wconf 80' lang='lat' dir='ltr'>beneficentiam</span> <span class='ocrx_word' id='word_1_36' title='bbox 957 639 1145 685; x_wconf 81' lang='lat' dir='ltr'>perpetue</span> <span class='ocrx_word' id='word_1_37' title='bbox 1164 636 1250 672; x_wconf 91' lang='lat' dir='ltr'>lau-</span> 
     </span>
     <span class='ocr_line' id='line_1_8' title="bbox 214 699 1249 750; baseline -0.006 -9"><span class='ocrx_word' id='word_1_38' title='bbox 214 704 375 741; x_wconf 84' lang='lat' dir='ltr'>daturos</span> <span class='ocrx_word' id='word_1_39' title='bbox 400 715 408 739; x_wconf 92' lang='lat'>:</span> <span class='ocrx_word' id='word_1_40' title='bbox 432 701 622 750; x_wconf 86' lang='lat' dir='ltr'>quoniam</span> <span class='ocrx_word' id='word_1_41' title='bbox 641 711 712 748; x_wconf 90' lang='lat' dir='ltr'>per</span> <span class='ocrx_word' id='word_1_42' title='bbox 733 701 816 748; x_wconf 84' lang='lat' dir='ltr'>ejus</span> <span class='ocrx_word' id='word_1_43' title='bbox 846 700 1012 747; x_wconf 78' lang='lat' dir='ltr'>gratiam</span> <span class='ocrx_word' id='word_1_44' title='bbox 1032 710 1071 736; x_wconf 86' lang='lat' dir='ltr'>se</span> <span class='ocrx_word' id='word_1_45' title='bbox 1093 699 1249 747; x_wconf 89' lang='lat' dir='ltr'>conjec—</span> 
     </span>
     <span class='ocr_line' id='line_1_9' title="bbox 212 762 1252 808; baseline -0.005 -5"><span class='ocrx_word' id='word_1_46' title='bbox 212 767 296 803; x_wconf 86' lang='lat' dir='ltr'>tant</span> <span class='ocrx_word' id='word_1_47' title='bbox 331 776 355 802; x_wconf 85' lang='lat' dir='ltr'>a</span> <span class='ocrx_word' id='word_1_48' title='bbox 392 764 527 801; x_wconf 84' lang='lat' dir='ltr'>divina</span> <span class='ocrx_word' id='word_1_49' title='bbox 563 762 881 800; x_wconf 77' lang='lat' dir='ltr'>dissimilitudine</span> <span class='ocrx_word' id='word_1_50' title='bbox 919 762 1179 808; x_wconf 79' lang='lat' dir='ltr'>reformatos,</span> <span class='ocrx_word' id='word_1_51' title='bbox 1216 765 1252 798; x_wconf 82' lang='lat' dir='ltr'>et</span> 
     </span>
     <span class='ocr_line' id='line_1_10' title="bbox 215 825 1249 872; baseline -0.002 -9"><span class='ocrx_word' id='word_1_52' title='bbox 215 827 357 864; x_wconf 83' lang='lat' dir='ltr'>divinae</span> <span class='ocrx_word' id='word_1_53' title='bbox 374 825 619 863; x_wconf 84' lang='lat' dir='ltr'>similitudini</span> <span class='ocrx_word' id='word_1_54' title='bbox 635 825 915 862; x_wconf 78' lang='lat' dir='ltr'>conformatos,</span> <span class='ocrx_word' id='word_1_55' title='bbox 935 826 1144 872; x_wconf 80' lang='lat' dir='ltr'>Propterea</span> <span class='ocrx_word' id='word_1_56' title='bbox 1163 835 1249 861; x_wconf 89' lang='lat' dir='ltr'>ver-</span> 
     </span>
     <span class='ocr_line' id='line_1_11' title="bbox 212 887 1249 935; baseline -0.001 -10"><span class='ocrx_word' id='word_1_57' title='bbox 212 901 278 926; x_wconf 80' lang='lat' dir='ltr'>sus</span> <span class='ocrx_word' id='word_1_58' title='bbox 297 889 405 926; x_wconf 86' lang='lat' dir='ltr'>istius</span> <span class='ocrx_word' id='word_1_59' title='bbox 435 888 675 926; x_wconf 82' lang='lat' dir='ltr'>continentia</span> <span class='ocrx_word' id='word_1_60' title='bbox 708 890 877 935; x_wconf 83' lang='lat' dir='ltr'>quatuor</span> <span class='ocrx_word' id='word_1_61' title='bbox 898 887 1069 923; x_wconf 88' lang='lat' dir='ltr'>continet</span> <span class='ocrx_word' id='word_1_62' title='bbox 1088 887 1142 924; x_wconf 87' lang='lat' dir='ltr'>cis</span> <span class='ocrx_word' id='word_1_63' title='bbox 1164 898 1249 924; x_wconf 90' lang='lat' dir='ltr'>cor-</span> 
     </span>
     <span class='ocr_line' id='line_1_12' title="bbox 210 950 1250 1000; baseline -0.002 -12"><span class='ocrx_word' id='word_1_64' title='bbox 210 952 493 1000; x_wconf 86' lang='lat' dir='ltr'>respondentia</span> <span class='ocrx_word' id='word_1_65' title='bbox 515 963 522 987; x_wconf 94' lang='lat'><strong>:</strong></span> <span class='ocrx_word' id='word_1_66' title='bbox 552 951 735 987; x_wconf 74' lang='lat' dir='ltr'>videlicet</span> <span class='ocrx_word' id='word_1_67' title='bbox 757 952 942 986; x_wconf 69' lang='lat' dir='ltr'>aeternam</span> <span class='ocrx_word' id='word_1_68' title='bbox 968 951 1112 995; x_wconf 83' lang='lat' dir='ltr'>vitam,</span> <span class='ocrx_word' id='word_1_69' title='bbox 1135 950 1250 997; x_wconf 83' lang='lat' dir='ltr'>grati-</span> 
     </span>
     <span class='ocr_line' id='line_1_13' title="bbox 211 1012 1250 1060; baseline -0.003 -10"><span class='ocrx_word' id='word_1_70' title='bbox 211 1013 388 1050; x_wconf 87' lang='lat' dir='ltr'>tudinem</span> <span class='ocrx_word' id='word_1_71' title='bbox 408 1013 615 1059; x_wconf 78' lang='lat' dir='ltr'>infinitam,</span> <span class='ocrx_word' id='word_1_72' title='bbox 639 1013 799 1060; x_wconf 80' lang='lat' dir='ltr'>culpam</span> <span class='ocrx_word' id='word_1_73' title='bbox 816 1012 1023 1049; x_wconf 72' lang='lat' dir='ltr'>mortalem</span> <span class='ocrx_word' id='word_1_74' title='bbox 1041 1012 1250 1057; x_wconf 85' lang='lat' dir='ltr'>abolitum,</span> 
     </span>
     <span class='ocr_line' id='line_1_14' title="bbox 211 1074 1250 1122; baseline -0.002 -9"><span class='ocrx_word' id='word_1_75' title='bbox 211 1079 248 1114; x_wconf 88' lang='lat' dir='ltr'>et</span> <span class='ocrx_word' id='word_1_76' title='bbox 266 1076 388 1112; x_wconf 83' lang='lat' dir='ltr'>vitam</span> <span class='ocrx_word' id='word_1_77' title='bbox 407 1075 602 1113; x_wconf 87' lang='lat' dir='ltr'>moralem</span> <span class='ocrx_word' id='word_1_78' title='bbox 622 1075 818 1112; x_wconf 84' lang='lat' dir='ltr'>redditam</span> <span class='ocrx_word' id='word_1_79' title='bbox 843 1086 850 1110; x_wconf 92' lang='lat'>:</span> <span class='ocrx_word' id='word_1_80' title='bbox 880 1086 1054 1122; x_wconf 81' lang='lat' dir='ltr'>quorum</span> <span class='ocrx_word' id='word_1_81' title='bbox 1074 1074 1250 1122; x_wconf 89' lang='lat' dir='ltr'>primum</span> 
     </span>
     <span class='ocr_line' id='line_1_15' title="bbox 209 1136 1249 1186; baseline -0.002 -11"><span class='ocrx_word' id='word_1_82' title='bbox 209 1138 420 1186; x_wconf 84' lang='lat' dir='ltr'>respondet</span> <span class='ocrx_word' id='word_1_83' title='bbox 458 1137 808 1185; x_wconf 73' lang='lat' dir='ltr'>conteinplati0m3</span> <span class='ocrx_word' id='word_1_84' title='bbox 841 1137 1060 1174; x_wconf 86' lang='lat' dir='ltr'>secundum</span> <span class='ocrx_word' id='word_1_85' title='bbox 1093 1136 1249 1173; x_wconf 88' lang='lat' dir='ltr'>collau-</span> 
     </span>
     <span class='ocr_line' id='line_1_16' title="bbox 210 1200 1247 1249; baseline 0.001 -13"><span class='ocrx_word' id='word_1_86' title='bbox 210 1200 385 1247; x_wconf 82' lang='lat' dir='ltr'>dationi3</span> <span class='ocrx_word' id='word_1_87' title='bbox 419 1201 574 1238; x_wconf 84' lang='lat' dir='ltr'>tertium</span> <span class='ocrx_word' id='word_1_88' title='bbox 606 1201 900 1248; x_wconf 82' lang='lat' dir='ltr'>reformatioiii3</span> <span class='ocrx_word' id='word_1_89' title='bbox 936 1203 1121 1249; x_wconf 84' lang='lat' dir='ltr'>quartum</span> <span class='ocrx_word' id='word_1_90' title='bbox 1155 1212 1247 1238; x_wconf 88' lang='lat' dir='ltr'>con-</span> 
     </span>
     <span class='ocr_line' id='line_1_17' title="bbox 211 1262 455 1301; baseline 0.004 -2"><span class='ocrx_word' id='word_1_91' title='bbox 211 1262 455 1301; x_wconf 80' lang='lat' dir='ltr'>formationi.</span> 
     </span>
    </p>
   </div>
   <div class='ocr_carea' id='block_1_3' title="bbox 540 1364 911 1411">
    <p class='ocr_par' dir='ltr' id='par_1_3' title="bbox 540 1364 911 1411">
     <span class='ocr_line' id='line_1_18' title="bbox 540 1364 911 1411; baseline 0.003 -13"><span class='ocrx_word' id='word_1_92' title='bbox 540 1364 726 1399; x_wconf 65' lang='lat' dir='ltr'>Arti‘ciiliis</span> <span class='ocrx_word' id='word_1_93' title='bbox 750 1366 911 1411; x_wconf 68' lang='lat' dir='ltr'>primus.</span> 
     </span>
    </p>
   </div>
   <div class='ocr_carea' id='block_1_4' title="bbox 202 1452 1251 3438">
    <p class='ocr_par' dir='ltr' id='par_1_4' title="bbox 202 1452 1251 2552">
     <span class='ocr_line' id='line_1_19' title="bbox 258 1452 1246 1501; baseline 0.001 -12"><span class='ocrx_word' id='word_1_94' title='bbox 258 1454 404 1489; x_wconf 86' lang='lat' dir='ltr'>Horum</span> <span class='ocrx_word' id='word_1_95' title='bbox 429 1452 603 1500; x_wconf 88' lang='lat' dir='ltr'>primum</span> <span class='ocrx_word' id='word_1_96' title='bbox 632 1452 834 1490; x_wconf 79' lang='lat' dir='ltr'>psalmista</span> <span class='ocrx_word' id='word_1_97' title='bbox 860 1453 1061 1501; x_wconf 73' lang='lat' dir='ltr'>praecinit,</span> <span class='ocrx_word' id='word_1_98' title='bbox 1083 1453 1216 1490; x_wconf 88' lang='lat' dir='ltr'>dicens</span> <span class='ocrx_word' id='word_1_99' title='bbox 1238 1466 1246 1490; x_wconf 92' lang='lat'><strong>:</strong></span> 
     </span>
     <span class='ocr_line' id='line_1_20' title="bbox 207 1515 1249 1561; baseline 0.002 -10"><span class='ocrx_word' id='word_1_100' title='bbox 207 1517 252 1551; x_wconf 84' lang='lat' dir='ltr'>In</span> <span class='ocrx_word' id='word_1_101' title='bbox 269 1518 452 1561; x_wconf 76' lang='lat' dir='ltr'>oeternum,</span> <span class='ocrx_word' id='word_1_102' title='bbox 467 1515 508 1551; x_wconf 91' lang='lat' dir='ltr'>id</span> <span class='ocrx_word' id='word_1_103' title='bbox 529 1517 599 1561; x_wconf 91' lang='lat' dir='ltr'>est,</span> <span class='ocrx_word' id='word_1_104' title='bbox 616 1515 656 1551; x_wconf 91' lang='lat' dir='ltr'>in</span> <span class='ocrx_word' id='word_1_105' title='bbox 671 1518 815 1552; x_wconf 81' lang='lat' dir='ltr'>aeterna</span> <span class='ocrx_word' id='word_1_106' title='bbox 827 1515 919 1552; x_wconf 87' lang='lat' dir='ltr'>vita.</span> <span class='ocrx_word' id='word_1_107' title='bbox 937 1517 1029 1560; x_wconf 78' lang='lat' dir='ltr'>Quae</span> <span class='ocrx_word' id='word_1_108' title='bbox 1044 1518 1101 1552; x_wconf 89' lang='lat' dir='ltr'>est</span> <span class='ocrx_word' id='word_1_109' title='bbox 1117 1518 1249 1553; x_wconf 84' lang='lat' dir='ltr'>autem</span> 
     </span>
     <span class='ocr_line' id='line_1_21' title="bbox 206 1577 1251 1625; baseline 0.003 -13"><span class='ocrx_word' id='word_1_110' title='bbox 206 1579 349 1614; x_wconf 76' lang='lat' dir='ltr'>aeterna</span> <span class='ocrx_word' id='word_1_111' title='bbox 381 1577 485 1622; x_wconf 87' lang='lat' dir='ltr'>vita,</span> <span class='ocrx_word' id='word_1_112' title='bbox 521 1577 595 1614; x_wconf 89' lang='lat' dir='ltr'>nisi</span> <span class='ocrx_word' id='word_1_113' title='bbox 627 1577 910 1625; x_wconf 86' lang='lat' dir='ltr'>contemplatio</span> <span class='ocrx_word' id='word_1_114' title='bbox 944 1577 1081 1614; x_wconf 88' lang='lat' dir='ltr'>divina</span> <span class='ocrx_word' id='word_1_115' title='bbox 1100 1580 1118 1614; x_wconf 72' lang='grc' dir='ltr'>ἰ)</span> <span class='ocrx_word' id='word_1_116' title='bbox 1150 1579 1251 1616; x_wconf 91' lang='lat' dir='ltr'>sicut</span> 
     </span>
     <span class='ocr_line' id='line_1_22' title="bbox 205 1638 1248 1687; baseline 0.002 -12"><span class='ocrx_word' id='word_1_117' title='bbox 205 1638 394 1687; x_wconf 86' lang='lat' dir='ltr'>scriptum</span> <span class='ocrx_word' id='word_1_118' title='bbox 414 1641 471 1675; x_wconf 89' lang='lat' dir='ltr'>est</span> <span class='ocrx_word' id='word_1_119' title='bbox 491 1641 522 1676; x_wconf 86' lang='lat'>¹:</span> <span class='ocrx_word' id='word_1_120' title='bbox 550 1653 566 1673; x_wconf 86' lang='lat'>«</span> <span class='ocrx_word' id='word_1_121' title='bbox 585 1641 669 1676; x_wconf 72' lang='lat' dir='ltr'>Haec</span> <span class='ocrx_word' id='word_1_122' title='bbox 690 1641 746 1676; x_wconf 90' lang='lat' dir='ltr'>est</span> <span class='ocrx_word' id='word_1_123' title='bbox 764 1640 840 1676; x_wconf 89' lang='lat' dir='ltr'>vita</span> <span class='ocrx_word' id='word_1_124' title='bbox 859 1641 1017 1686; x_wconf 69' lang='lat' dir='ltr'>aeterna,</span> <span class='ocrx_word' id='word_1_125' title='bbox 1040 1643 1082 1676; x_wconf 92' lang='lat' dir='ltr'>ut</span> <span class='ocrx_word' id='word_1_126' title='bbox 1102 1651 1248 1687; x_wconf 88' lang='lat' dir='ltr'>cogno-</span> 
     </span>
     <span class='ocr_line' id='line_1_23' title="bbox 205 1701 1248 1750; baseline 0 -12"><span class='ocrx_word' id='word_1_127' title='bbox 205 1704 313 1739; x_wconf 88' lang='lat' dir='ltr'>scant</span> <span class='ocrx_word' id='word_1_128' title='bbox 340 1704 376 1739; x_wconf 90' lang='lat' dir='ltr'>te</span> <span class='ocrx_word' id='word_1_129' title='bbox 398 1701 529 1739; x_wconf 92' lang='lat' dir='ltr'>solum</span> <span class='ocrx_word' id='word_1_130' title='bbox 562 1704 682 1738; x_wconf 90' lang='lat' dir='ltr'>Deum</span> <span class='ocrx_word' id='word_1_131' title='bbox 710 1713 872 1748; x_wconf 74' lang='lat' dir='ltr'>verum,</span> <span class='ocrx_word' id='word_1_132' title='bbox 903 1704 940 1738; x_wconf 92' lang='lat' dir='ltr'>et</span> <span class='ocrx_word' id='word_1_133' title='bbox 968 1713 1087 1750; x_wconf 80' lang='lat' dir='ltr'>quem</span> <span class='ocrx_word' id='word_1_134' title='bbox 1109 1702 1248 1739; x_wconf 85' lang='lat' dir='ltr'>misisti</span> 
     </span>
     <span class='ocr_line' id='line_1_24' title="bbox 204 1764 1248 1813; baseline 0.002 -13"><span class='ocrx_word' id='word_1_135' title='bbox 204 1766 336 1801; x_wconf 88' lang='lat' dir='ltr'>Jesum</span> <span class='ocrx_word' id='word_1_136' title='bbox 372 1764 579 1801; x_wconf 84' lang='lat' dir='ltr'>Christum.</span> <span class='ocrx_word' id='word_1_137' title='bbox 620 1780 637 1799; x_wconf 86' lang='lat'>»</span> <span class='ocrx_word' id='word_1_138' title='bbox 679 1764 746 1801; x_wconf 90' lang='lat' dir='ltr'>Hic</span> <span class='ocrx_word' id='word_1_139' title='bbox 785 1766 913 1812; x_wconf 85' lang='lat' dir='ltr'>potest</span> <span class='ocrx_word' id='word_1_140' title='bbox 949 1765 1096 1808; x_wconf 85' lang='lat' dir='ltr'>notari,</span> <span class='ocrx_word' id='word_1_141' title='bbox 1137 1766 1248 1813; x_wconf 89' lang='lat' dir='ltr'>quod</span> 
     </span>
     <span class='ocr_line' id='line_1_25' title="bbox 205 1827 1244 1876; baseline 0.003 -13"><span class='ocrx_word' id='word_1_142' title='bbox 205 1827 348 1875; x_wconf 84' lang='lat' dir='ltr'>legitur</span> <span class='ocrx_word' id='word_1_143' title='bbox 364 1828 404 1864; x_wconf 90' lang='lat' dir='ltr'>in</span> <span class='ocrx_word' id='word_1_144' title='bbox 419 1830 607 1864; x_wconf 68' lang='lat' dir='ltr'>{eternum</span> <span class='ocrx_word' id='word_1_145' title='bbox 622 1828 895 1865; x_wconf 85' lang='lat' dir='ltr'>misericordia</span> <span class='ocrx_word' id='word_1_146' title='bbox 915 1828 1068 1865; x_wconf 86' lang='lat' dir='ltr'>Domini</span> <span class='ocrx_word' id='word_1_147' title='bbox 1082 1829 1244 1876; x_wconf 84' lang='lat' dir='ltr'>servari,</span> 
     </span>
     <span class='ocr_line' id='line_1_26' title="bbox 205 1889 1246 1938; baseline 0.002 -12"><span class='ocrx_word' id='word_1_148' title='bbox 205 1889 414 1937; x_wconf 62' lang='lat' dir='ltr'>aedificari,</span> <span class='ocrx_word' id='word_1_149' title='bbox 437 1890 586 1926; x_wconf 88' lang='lat' dir='ltr'>cantari</span> <span class='ocrx_word' id='word_1_150' title='bbox 608 1902 616 1926; x_wconf 94' lang='lat'><strong>:</strong></span> <span class='ocrx_word' id='word_1_151' title='bbox 648 1891 740 1938; x_wconf 85' lang='lat' dir='ltr'>quia</span> <span class='ocrx_word' id='word_1_152' title='bbox 760 1901 899 1927; x_wconf 79' lang='lat' dir='ltr'>revera</span> <span class='ocrx_word' id='word_1_153' title='bbox 925 1890 966 1926; x_wconf 90' lang='lat' dir='ltr'>in</span> <span class='ocrx_word' id='word_1_154' title='bbox 995 1891 1246 1938; x_wconf 85' lang='lat' dir='ltr'>sperantibus</span> 
     </span>
     <span class='ocr_line' id='line_1_27' title="bbox 205 1952 1246 2000; baseline 0.003 -12"><span class='ocrx_word' id='word_1_155' title='bbox 205 1954 401 1999; x_wconf 82' lang='lat' dir='ltr'>servatur3</span> <span class='ocrx_word' id='word_1_156' title='bbox 420 1952 459 1988; x_wconf 89' lang='lat' dir='ltr'>in</span> <span class='ocrx_word' id='word_1_157' title='bbox 477 1952 876 2000; x_wconf 88' lang='lat' dir='ltr'>contemplationibus</span> <span class='ocrx_word' id='word_1_158' title='bbox 892 1954 939 2000; x_wconf 88' lang='grc' dir='ltr'>(α)</span> <span class='ocrx_word' id='word_1_159' title='bbox 956 1953 1189 2000; x_wconf 55' lang='lat' dir='ltr'>aedificatum</span> <span class='ocrx_word' id='word_1_160' title='bbox 1206 1954 1246 1991; x_wconf 90' lang='lat' dir='ltr'>in</span> 
     </span>
     <span class='ocr_line' id='line_1_28' title="bbox 206 2014 1242 2063; baseline 0.002 -12"><span class='ocrx_word' id='word_1_161' title='bbox 206 2014 527 2052; x_wconf 84' lang='lat' dir='ltr'>collaudantibus</span> <span class='ocrx_word' id='word_1_162' title='bbox 549 2017 738 2052; x_wconf 83' lang='lat' dir='ltr'>cantatur.</span> <span class='ocrx_word' id='word_1_163' title='bbox 768 2018 817 2052; x_wconf 85' lang='lat' dir='ltr'>De</span> <span class='ocrx_word' id='word_1_164' title='bbox 850 2015 980 2063; x_wconf 88' lang='lat' dir='ltr'>primo</span> <span class='ocrx_word' id='word_1_165' title='bbox 1000 2016 1182 2062; x_wconf 86' lang='lat' dir='ltr'>psallitur</span> <span class='ocrx_word' id='word_1_166' title='bbox 1202 2018 1214 2038; x_wconf 51' lang='grc' dir='ltr'><strong>ἓ</strong></span> <span class='ocrx_word' id='word_1_167' title='bbox 1235 2030 1242 2053; x_wconf 91' lang='lat'>:</span> 
     </span>
     <span class='ocr_line' id='line_1_29' title="bbox 211 2077 1246 2115; baseline 0.002 -2"><span class='ocrx_word' id='word_1_168' title='bbox 211 2092 228 2112; x_wconf 69' lang='lat' dir='ltr'>u</span> <span class='ocrx_word' id='word_1_169' title='bbox 278 2078 319 2114; x_wconf 85' lang='lat' dir='ltr'>ln</span> <span class='ocrx_word' id='word_1_170' title='bbox 370 2079 560 2114; x_wconf 63' lang='lat' dir='ltr'>aeternum</span> <span class='ocrx_word' id='word_1_171' title='bbox 614 2077 781 2114; x_wconf 88' lang='lat' dir='ltr'>servabo</span> <span class='ocrx_word' id='word_1_172' title='bbox 834 2077 890 2114; x_wconf 86' lang='lat' dir='ltr'>illi</span> <span class='ocrx_word' id='word_1_173' title='bbox 934 2078 1246 2115; x_wconf 84' lang='lat' dir='ltr'>misericordiam</span> 
     </span>
     <span class='ocr_line' id='line_1_30' title="bbox 204 2139 1245 2186; baseline 0.001 -10"><span class='ocrx_word' id='word_1_174' title='bbox 204 2149 355 2186; x_wconf 90' lang='lat' dir='ltr'>meam;</span> <span class='ocrx_word' id='word_1_175' title='bbox 385 2153 403 2173; x_wconf 84' lang='lat'>»</span> <span class='ocrx_word' id='word_1_176' title='bbox 437 2150 526 2176; x_wconf 91' lang='lat' dir='ltr'>ecce</span> <span class='ocrx_word' id='word_1_177' title='bbox 565 2139 836 2176; x_wconf 85' lang='lat' dir='ltr'>misericordia</span> <span class='ocrx_word' id='word_1_178' title='bbox 870 2139 910 2176; x_wconf 90' lang='lat' dir='ltr'>in</span> <span class='ocrx_word' id='word_1_179' title='bbox 941 2142 1128 2177; x_wconf 77' lang='lat' dir='ltr'>aeternum</span> <span class='ocrx_word' id='word_1_180' title='bbox 1165 2151 1245 2177; x_wconf 91' lang='lat' dir='ltr'>ser-</span> 
     </span>
     <span class='ocr_line' id='line_1_31' title="bbox 204 2202 1246 2240; baseline 0.002 -2"><span class='ocrx_word' id='word_1_181' title='bbox 204 2202 349 2240; x_wconf 79' lang='lat' dir='ltr'>vanda.</span> <span class='ocrx_word' id='word_1_182' title='bbox 385 2204 436 2239; x_wconf 93' lang='lat' dir='ltr'>De</span> <span class='ocrx_word' id='word_1_183' title='bbox 457 2202 631 2239; x_wconf 88' lang='lat' dir='ltr'>secundo</span> <span class='ocrx_word' id='word_1_184' title='bbox 663 2202 845 2239; x_wconf 78' lang='lat' dir='ltr'>scribitur</span> <span class='ocrx_word' id='word_1_185' title='bbox 872 2204 884 2226; x_wconf 79' lang='lat'><strong>³</strong></span> <span class='ocrx_word' id='word_1_186' title='bbox 908 2215 916 2239; x_wconf 78' lang='grc' dir='ltr'>ε</span> <span class='ocrx_word' id='word_1_187' title='bbox 943 2217 960 2238; x_wconf 91' lang='lat'>«</span> <span class='ocrx_word' id='word_1_188' title='bbox 986 2206 1027 2240; x_wconf 90' lang='lat' dir='ltr'>In</span> <span class='ocrx_word' id='word_1_189' title='bbox 1056 2206 1246 2240; x_wconf 64' lang='lat' dir='ltr'>aeternum</span> 
     </span>
     <span class='ocr_line' id='line_1_32' title="bbox 204 2264 1246 2312; baseline 0 -10"><span class='ocrx_word' id='word_1_190' title='bbox 204 2265 476 2302; x_wconf 85' lang='lat' dir='ltr'>misericordia</span> <span class='ocrx_word' id='word_1_191' title='bbox 495 2264 756 2302; x_wconf 79' lang='lat' dir='ltr'>aedificabitur</span> <span class='ocrx_word' id='word_1_192' title='bbox 772 2265 812 2301; x_wconf 90' lang='lat' dir='ltr'>in</span> <span class='ocrx_word' id='word_1_193' title='bbox 828 2265 936 2302; x_wconf 86' lang='lat' dir='ltr'>coelis</span> <span class='ocrx_word' id='word_1_194' title='bbox 946 2279 958 2312; x_wconf 81' lang='lat'><em>3</em></span> <span class='ocrx_word' id='word_1_195' title='bbox 979 2279 996 2301; x_wconf 85' lang='lat'>»</span> <span class='ocrx_word' id='word_1_196' title='bbox 1021 2277 1109 2302; x_wconf 89' lang='lat' dir='ltr'>ecce</span> <span class='ocrx_word' id='word_1_197' title='bbox 1130 2266 1246 2303; x_wconf 89' lang='lat' dir='ltr'>mise-</span> 
     </span>
     <span class='ocr_line' id='line_1_33' title="bbox 202 2327 1243 2375; baseline 0.001 -11"><span class='ocrx_word' id='word_1_198' title='bbox 202 2328 376 2365; x_wconf 87' lang='lat' dir='ltr'>ricordia</span> <span class='ocrx_word' id='word_1_199' title='bbox 396 2327 435 2363; x_wconf 91' lang='lat' dir='ltr'>in</span> <span class='ocrx_word' id='word_1_200' title='bbox 456 2329 645 2364; x_wconf 82' lang='lat' dir='ltr'>aeternum</span> <span class='ocrx_word' id='word_1_201' title='bbox 665 2327 914 2365; x_wconf 59' lang='lat' dir='ltr'>{edificanda</span> <span class='ocrx_word' id='word_1_202' title='bbox 937 2330 986 2365; x_wconf 89' lang='lat' dir='ltr'>Dc</span> <span class='ocrx_word' id='word_1_203' title='bbox 1009 2329 1120 2365; x_wconf 89' lang='lat' dir='ltr'>tertio</span> <span class='ocrx_word' id='word_1_204' title='bbox 1147 2328 1243 2375; x_wconf 83' lang='lat' dir='ltr'>legi-</span> 
     </span>
     <span class='ocr_line' id='line_1_34' title="bbox 203 2390 1243 2428; baseline 0.002 -2"><span class='ocrx_word' id='word_1_205' title='bbox 203 2393 265 2426; x_wconf 88' lang='lat' dir='ltr'>tur</span> <span class='ocrx_word' id='word_1_206' title='bbox 303 2391 315 2411; x_wconf 71' lang='lat'>¹⁴</span> <span class='ocrx_word' id='word_1_207' title='bbox 356 2402 363 2425; x_wconf 77' lang='grc' dir='ltr'>ε</span> <span class='ocrx_word' id='word_1_208' title='bbox 405 2403 422 2424; x_wconf 88' lang='lat'>«</span> <span class='ocrx_word' id='word_1_209' title='bbox 463 2390 745 2427; x_wconf 77' lang='lat' dir='ltr'>Misericordias</span> <span class='ocrx_word' id='word_1_210' title='bbox 784 2390 938 2427; x_wconf 84' lang='lat' dir='ltr'>Domini</span> <span class='ocrx_word' id='word_1_211' title='bbox 977 2391 1017 2427; x_wconf 84' lang='lat' dir='ltr'>in</span> <span class='ocrx_word' id='word_1_212' title='bbox 1053 2394 1243 2428; x_wconf 77' lang='lat' dir='ltr'>aeiernuin</span> 
     </span>
     <span class='ocr_line' id='line_1_35' title="bbox 205 2453 1243 2491; baseline 0.001 -2"><span class='ocrx_word' id='word_1_213' title='bbox 205 2453 372 2491; x_wconf 80' lang='lat' dir='ltr'>cantabo</span> <span class='ocrx_word' id='word_1_214' title='bbox 396 2466 404 2490; x_wconf 92' lang='lat'>:</span> <span class='ocrx_word' id='word_1_215' title='bbox 431 2467 448 2487; x_wconf 85' lang='lat'>»</span> <span class='ocrx_word' id='word_1_216' title='bbox 476 2464 566 2491; x_wconf 90' lang='lat' dir='ltr'>ecce</span> <span class='ocrx_word' id='word_1_217' title='bbox 587 2453 858 2490; x_wconf 86' lang='lat' dir='ltr'>misericordia</span> <span class='ocrx_word' id='word_1_218' title='bbox 877 2453 918 2490; x_wconf 89' lang='lat' dir='ltr'>in</span> <span class='ocrx_word' id='word_1_219' title='bbox 938 2455 1130 2491; x_wconf 78' lang='lat' dir='ltr'>aeternum</span> <span class='ocrx_word' id='word_1_220' title='bbox 1151 2464 1243 2490; x_wconf 90' lang='lat' dir='ltr'>can-</span> 
     </span>
     <span class='ocr_line' id='line_1_36' title="bbox 203 2515 336 2552; baseline 0 0"><span class='ocrx_word' id='word_1_221' title='bbox 203 2515 336 2552; x_wconf 80' lang='lat' dir='ltr'>tanda.</span> 
     </span>
    </p>

    <p class='ocr_par' dir='ltr' id='par_1_5' title="bbox 519 2563 921 2599">
     <span class='ocr_line' id='line_1_37' title="bbox 519 2563 921 2599; baseline -0.002 -1"><span class='ocrx_word' id='word_1_222' title='bbox 519 2563 709 2599; x_wconf 65' lang='lat' dir='ltr'>Arte&#39;culus</span> <span class='ocrx_word' id='word_1_223' title='bbox 735 2563 921 2599; x_wconf 73' lang='lat' dir='ltr'>secundus.</span> 
     </span>
    </p>

    <p class='ocr_par' dir='ltr' id='par_1_6' title="bbox 202 2640 1242 3438">
     <span class='ocr_line' id='line_1_38' title="bbox 251 2640 1238 2688; baseline 0 -10"><span class='ocrx_word' id='word_1_224' title='bbox 251 2640 474 2679; x_wconf 88' lang='lat' dir='ltr'>Secundum</span> <span class='ocrx_word' id='word_1_225' title='bbox 489 2642 621 2677; x_wconf 80' lang='lat' dir='ltr'>autem</span> <span class='ocrx_word' id='word_1_226' title='bbox 638 2640 832 2688; x_wconf 85' lang='lat' dir='ltr'>Propheta</span> <span class='ocrx_word' id='word_1_227' title='bbox 851 2640 1028 2686; x_wconf 82' lang='lat' dir='ltr'>succinit,</span> <span class='ocrx_word' id='word_1_228' title='bbox 1044 2640 1238 2678; x_wconf 82' lang='lat' dir='ltr'>subdens:</span> 
     </span>
     <span class='ocr_line' id='line_1_39' title="bbox 205 2702 1242 2749; baseline 0.001 -9"><span class='ocrx_word' id='word_1_229' title='bbox 205 2706 284 2742; x_wconf 76' lang='lat' dir='ltr'>Non</span> <span class='ocrx_word' id='word_1_230' title='bbox 304 2704 515 2749; x_wconf 72' lang='lat' dir='ltr'>obliviscar,</span> <span class='ocrx_word' id='word_1_231' title='bbox 540 2706 581 2739; x_wconf 83' lang='lat' dir='ltr'>ut</span> <span class='ocrx_word' id='word_1_232' title='bbox 611 2702 788 2749; x_wconf 87' lang='lat' dir='ltr'>ingratus</span> <span class='ocrx_word' id='word_1_233' title='bbox 802 2715 812 2749; x_wconf 82' lang='lat'>3</span> <span class='ocrx_word' id='word_1_234' title='bbox 836 2703 904 2739; x_wconf 83' lang='lat' dir='ltr'>sed</span> <span class='ocrx_word' id='word_1_235' title='bbox 934 2702 1179 2749; x_wconf 79' lang='lat' dir='ltr'>reminiscar,</span> <span class='ocrx_word' id='word_1_236' title='bbox 1202 2706 1242 2741; x_wconf 91' lang='lat' dir='ltr'>ut</span> 
     </span>
     <span class='ocr_line' id='line_1_40' title="bbox 204 2765 1241 2814; baseline 0 -10"><span class='ocrx_word' id='word_1_237' title='bbox 204 2769 350 2814; x_wconf 79' lang='lat' dir='ltr'>gratus.</span> <span class='ocrx_word' id='word_1_238' title='bbox 373 2768 413 2803; x_wconf 88' lang='lat' dir='ltr'>Et</span> <span class='ocrx_word' id='word_1_239' title='bbox 439 2768 532 2802; x_wconf 89' lang='lat' dir='ltr'>nota</span> <span class='ocrx_word' id='word_1_240' title='bbox 567 2765 679 2812; x_wconf 86' lang='lat' dir='ltr'>quod</span> <span class='ocrx_word' id='word_1_241' title='bbox 712 2767 802 2801; x_wconf 91' lang='lat' dir='ltr'>tunc</span> <span class='ocrx_word' id='word_1_242' title='bbox 834 2765 1088 2802; x_wconf 88' lang='lat' dir='ltr'>obliviscetur</span> <span class='ocrx_word' id='word_1_243' title='bbox 1108 2766 1241 2804; x_wconf 85' lang='lat' dir='ltr'>anima</span> 
     </span>
     <span class='ocr_line' id='line_1_41' title="bbox 205 2827 1239 2874; baseline -0.002 -7"><span class='ocrx_word' id='word_1_244' title='bbox 205 2830 252 2867; x_wconf 89' lang='lat' dir='ltr'>de</span> <span class='ocrx_word' id='word_1_245' title='bbox 290 2829 447 2866; x_wconf 89' lang='lat' dir='ltr'>miseria</span> <span class='ocrx_word' id='word_1_246' title='bbox 485 2829 709 2874; x_wconf 88' lang='lat' dir='ltr'>contracta,</span> <span class='ocrx_word' id='word_1_247' title='bbox 744 2827 792 2865; x_wconf 89' lang='lat' dir='ltr'>de</span> <span class='ocrx_word' id='word_1_248' title='bbox 826 2828 1097 2866; x_wconf 85' lang='lat' dir='ltr'>erubescentia</span> <span class='ocrx_word' id='word_1_249' title='bbox 1134 2832 1239 2866; x_wconf 87' lang='lat' dir='ltr'>tran-</span> 
     </span>
     <span class='ocr_line' id='line_1_42' title="bbox 202 2890 1241 2940; baseline 0 -11"><span class='ocrx_word' id='word_1_250' title='bbox 202 2894 328 2938; x_wconf 86' lang='lat' dir='ltr'>sacta,</span> <span class='ocrx_word' id='word_1_251' title='bbox 350 2891 419 2928; x_wconf 89' lang='lat' dir='ltr'>sed</span> <span class='ocrx_word' id='word_1_252' title='bbox 440 2901 522 2927; x_wconf 90' lang='lat' dir='ltr'>non</span> <span class='ocrx_word' id='word_1_253' title='bbox 551 2890 599 2927; x_wconf 92' lang='lat' dir='ltr'>de</span> <span class='ocrx_word' id='word_1_254' title='bbox 629 2890 753 2937; x_wconf 88' lang='lat' dir='ltr'>gratia</span> <span class='ocrx_word' id='word_1_255' title='bbox 782 2890 855 2927; x_wconf 91' lang='lat' dir='ltr'>sibi</span> <span class='ocrx_word' id='word_1_256' title='bbox 881 2890 1004 2938; x_wconf 73' lang='lat' dir='ltr'>sacta3</span> <span class='ocrx_word' id='word_1_257' title='bbox 1027 2891 1120 2939; x_wconf 83' lang='lat' dir='ltr'>quia</span> <span class='ocrx_word' id='word_1_258' title='bbox 1150 2903 1241 2940; x_wconf 86' lang='lat' dir='ltr'>pro-</span> 
     </span>
     <span class='ocr_line' id='line_1_43' title="bbox 203 2953 1240 3000; baseline 0.001 -9"><span class='ocrx_word' id='word_1_259' title='bbox 203 2955 303 2991; x_wconf 85' lang='lat' dir='ltr'>fecto</span> <span class='ocrx_word' id='word_1_260' title='bbox 326 2953 492 2991; x_wconf 81' lang='lat' dir='ltr'>miseriae</span> <span class='ocrx_word' id='word_1_261' title='bbox 513 2953 685 2990; x_wconf 86' lang='lat' dir='ltr'>succedit</span> <span class='ocrx_word' id='word_1_262' title='bbox 705 2953 931 3000; x_wconf 84' lang='lat' dir='ltr'>beatitudo,</span> <span class='ocrx_word' id='word_1_263' title='bbox 963 2954 1240 2992; x_wconf 51' lang='lat' dir='ltr'>erubescenti-te</span> 
     </span>
     <span class='ocr_line' id='line_1_44' title="bbox 202 3015 1240 3064; baseline 0.002 -11"><span class='ocrx_word' id='word_1_264' title='bbox 202 3016 457 3064; x_wconf 87' lang='lat' dir='ltr'>pulchritudo</span> <span class='ocrx_word' id='word_1_265' title='bbox 473 3043 483 3061; x_wconf 91' lang='lat'>,</span> <span class='ocrx_word' id='word_1_266' title='bbox 506 3016 637 3062; x_wconf 76' lang='lat' dir='ltr'>gratiae</span> <span class='ocrx_word' id='word_1_267' title='bbox 658 3015 856 3062; x_wconf 82' lang='lat' dir='ltr'>gratitudo</span> <span class='ocrx_word' id='word_1_268' title='bbox 879 3027 887 3052; x_wconf 93' lang='lat'>:</span> <span class='ocrx_word' id='word_1_269' title='bbox 916 3016 1121 3054; x_wconf 87' lang='lat' dir='ltr'>beatitudo</span> <span class='ocrx_word' id='word_1_270' title='bbox 1143 3017 1240 3055; x_wconf 88' lang='lat' dir='ltr'>abo-</span> 
     </span>
     <span class='ocr_line' id='line_1_45' title="bbox 206 3077 1238 3127; baseline 0.001 -12"><span class='ocrx_word' id='word_1_271' title='bbox 206 3078 301 3116; x_wconf 90' lang='lat' dir='ltr'>lebit</span> <span class='ocrx_word' id='word_1_272' title='bbox 335 3077 567 3122; x_wconf 84' lang='lat' dir='ltr'>miseriam3</span> <span class='ocrx_word' id='word_1_273' title='bbox 608 3077 864 3125; x_wconf 86' lang='lat' dir='ltr'>pulchritudo</span> <span class='ocrx_word' id='word_1_274' title='bbox 901 3079 1238 3127; x_wconf 86' lang='lat' dir='ltr'>crubescentiam;</span> 
     </span>
     <span class='ocr_line' id='line_1_46' title="bbox 204 3139 1240 3188; baseline 0 -9"><span class='ocrx_word' id='word_1_275' title='bbox 204 3141 274 3179; x_wconf 90' lang='lat' dir='ltr'>sed</span> <span class='ocrx_word' id='word_1_276' title='bbox 296 3151 378 3178; x_wconf 89' lang='lat' dir='ltr'>non</span> <span class='ocrx_word' id='word_1_277' title='bbox 404 3139 602 3188; x_wconf 81' lang='lat' dir='ltr'>gratitudo</span> <span class='ocrx_word' id='word_1_278' title='bbox 624 3140 804 3186; x_wconf 83' lang='lat' dir='ltr'>gratiam.</span> <span class='ocrx_word' id='word_1_279' title='bbox 829 3142 879 3176; x_wconf 81' lang='lat' dir='ltr'>De</span> <span class='ocrx_word' id='word_1_280' title='bbox 902 3140 1032 3188; x_wconf 89' lang='lat' dir='ltr'>primo</span> <span class='ocrx_word' id='word_1_281' title='bbox 1050 3142 1062 3162; x_wconf 60' lang='grc' dir='ltr'>ὅ</span> <span class='ocrx_word' id='word_1_282' title='bbox 1086 3154 1094 3178; x_wconf 90' lang='lat'><strong>:</strong></span> <span class='ocrx_word' id='word_1_283' title='bbox 1121 3155 1139 3176; x_wconf 90' lang='lat'>«</span> <span class='ocrx_word' id='word_1_284' title='bbox 1160 3142 1240 3179; x_wconf 89' lang='lat' dir='ltr'>Eris</span> 
     </span>
     <span class='ocr_line' id='line_1_47' title="bbox 203 3201 1238 3251; baseline 0.002 -11"><span class='ocrx_word' id='word_1_285' title='bbox 203 3203 368 3250; x_wconf 82' lang='lat' dir='ltr'>stabilis,</span> <span class='ocrx_word' id='word_1_286' title='bbox 389 3205 425 3240; x_wconf 91' lang='lat' dir='ltr'>et</span> <span class='ocrx_word' id='word_1_287' title='bbox 444 3213 526 3239; x_wconf 91' lang='lat' dir='ltr'>non</span> <span class='ocrx_word' id='word_1_288' title='bbox 554 3201 730 3246; x_wconf 87' lang='lat' dir='ltr'>timebis;</span> <span class='ocrx_word' id='word_1_289' title='bbox 755 3201 920 3239; x_wconf 84' lang='lat' dir='ltr'>miseriae</span> <span class='ocrx_word' id='word_1_290' title='bbox 954 3213 1115 3251; x_wconf 83' lang='lat' dir='ltr'>quoque</span> <span class='ocrx_word' id='word_1_291' title='bbox 1137 3204 1238 3242; x_wconf 85' lang='lat' dir='ltr'>obli-</span> 
     </span>
     <span class='ocr_line' id='line_1_48' title="bbox 203 3263 1239 3305; baseline 0.001 -1"><span class='ocrx_word' id='word_1_292' title='bbox 203 3266 391 3304; x_wconf 85' lang='lat' dir='ltr'>visceris:</span> <span class='ocrx_word' id='word_1_293' title='bbox 423 3279 440 3301; x_wconf 73' lang='lat' dir='ltr'>n</span> <span class='ocrx_word' id='word_1_294' title='bbox 474 3265 538 3302; x_wconf 90' lang='lat' dir='ltr'>hic</span> <span class='ocrx_word' id='word_1_295' title='bbox 568 3263 752 3302; x_wconf 88' lang='lat' dir='ltr'>asseritur</span> <span class='ocrx_word' id='word_1_296' title='bbox 785 3263 936 3302; x_wconf 71' lang='lat' dir='ltr'>oblivio</span> <span class='ocrx_word' id='word_1_297' title='bbox 968 3265 1146 3303; x_wconf 79' lang='lat' dir='ltr'>miseriae.</span> <span class='ocrx_word' id='word_1_298' title='bbox 1190 3269 1239 3305; x_wconf 65' lang='lat' dir='ltr'>tie</span> 
     </span>
     <span class='ocr_line' id='line_1_49' title="bbox 203 3326 1240 3367; baseline 0.001 -1"><span class='ocrx_word' id='word_1_299' title='bbox 203 3329 377 3367; x_wconf 90' lang='lat' dir='ltr'>secundo</span> <span class='ocrx_word' id='word_1_300' title='bbox 409 3329 422 3351; x_wconf 80' lang='lat'>⁸</span> <span class='ocrx_word' id='word_1_301' title='bbox 462 3340 470 3365; x_wconf 75' lang='grc' dir='ltr'><strong><em>ε</em></strong></span> <span class='ocrx_word' id='word_1_302' title='bbox 509 3342 526 3362; x_wconf 87' lang='lat'>«</span> <span class='ocrx_word' id='word_1_303' title='bbox 563 3326 812 3365; x_wconf 79' lang='lat' dir='ltr'>confusionis</span> <span class='ocrx_word' id='word_1_304' title='bbox 849 3327 1125 3366; x_wconf 85' lang='lat' dir='ltr'>adolescentiae</span> <span class='ocrx_word' id='word_1_305' title='bbox 1166 3331 1240 3367; x_wconf 76' lang='lat' dir='ltr'>tuce</span> 
     </span>
     <span class='ocr_line' id='line_1_50' title="bbox 204 3389 1240 3438; baseline 0.002 -10"><span class='ocrx_word' id='word_1_306' title='bbox 204 3391 462 3437; x_wconf 78' lang='lat' dir='ltr'>oblivisceris,</span> <span class='ocrx_word' id='word_1_307' title='bbox 495 3392 532 3428; x_wconf 89' lang='lat' dir='ltr'>et</span> <span class='ocrx_word' id='word_1_308' title='bbox 562 3389 770 3438; x_wconf 89' lang='lat' dir='ltr'>opprobrii</span> <span class='ocrx_word' id='word_1_309' title='bbox 807 3390 1008 3427; x_wconf 86' lang='lat' dir='ltr'>viduitatis</span> <span class='ocrx_word' id='word_1_310' title='bbox 1043 3394 1118 3428; x_wconf 85' lang='lat' dir='ltr'>tuae</span> <span class='ocrx_word' id='word_1_311' title='bbox 1158 3403 1240 3430; x_wconf 91' lang='lat' dir='ltr'>non</span> 
     </span>
    </p>
   </div>
   <div class='ocr_carea' id='block_1_5' title="bbox 206 3472 1241 3565">
    <p class='ocr_par' dir='ltr' id='par_1_7' title="bbox 206 3472 1241 3565">
     <span class='ocr_line' id='line_1_51' title="bbox 249 3472 1239 3518; baseline 0.003 -12"><span class='ocrx_word' id='word_1_312' title='bbox 249 3475 255 3492; x_wconf 87' lang='lat'><strong>¹</strong></span> <span class='ocrx_word' id='word_1_313' title='bbox 275 3475 382 3511; x_wconf 83' lang='lat' dir='ltr'>Joan..</span> <span class='ocrx_word' id='word_1_314' title='bbox 406 3483 495 3515; x_wconf 77' lang='lat' dir='ltr'>xvn,</span> <span class='ocrx_word' id='word_1_315' title='bbox 519 3476 550 3506; x_wconf 88' lang='lat'>3.</span> <span class='ocrx_word' id='word_1_316' title='bbox 571 3491 612 3497; x_wconf 92' lang='lat'><strong>—</strong></span> <span class='ocrx_word' id='word_1_317' title='bbox 632 3473 642 3491; x_wconf 86' lang='lat'><em>²</em></span> <span class='ocrx_word' id='word_1_318' title='bbox 663 3472 754 3505; x_wconf 78' lang='lat' dir='ltr'>Psal.</span> <span class='ocrx_word' id='word_1_319' title='bbox 778 3481 955 3515; x_wconf 67' lang='lat' dir='ltr'>mxxviii,</span> <span class='ocrx_word' id='word_1_320' title='bbox 975 3477 1027 3507; x_wconf 83' lang='lat'>29.</span> <span class='ocrx_word' id='word_1_321' title='bbox 1049 3493 1088 3499; x_wconf 90' lang='lat'><strong>—</strong></span> <span class='ocrx_word' id='word_1_322' title='bbox 1110 3475 1124 3497; x_wconf 80' lang='lat'><strong>³</strong></span> <span class='ocrx_word' id='word_1_323' title='bbox 1140 3476 1239 3518; x_wconf 62' lang='lat' dir='ltr'>ibid„</span> 
     </span>
     <span class='ocr_line' id='line_1_52' title="bbox 206 3520 1241 3565; baseline 0.002 -10"><span class='ocrx_word' id='word_1_324' title='bbox 206 3524 237 3554; x_wconf 90' lang='lat'>3.</span> <span class='ocrx_word' id='word_1_325' title='bbox 257 3539 296 3546; x_wconf 92' lang='grc'>-</span> <span class='ocrx_word' id='word_1_326' title='bbox 317 3522 330 3545; x_wconf 71' lang='lat'>⁸</span> <span class='ocrx_word' id='word_1_327' title='bbox 351 3522 452 3563; x_wconf 62' lang='lat' dir='ltr'>ibid„</span> <span class='ocrx_word' id='word_1_328' title='bbox 469 3524 500 3556; x_wconf 85' lang='lat'>2.</span> <span class='ocrx_word' id='word_1_329' title='bbox 521 3539 560 3546; x_wconf 90' lang='lat'><strong>—</strong></span> <span class='ocrx_word' id='word_1_330' title='bbox 580 3523 590 3540; x_wconf 72' lang='lat'>⁵</span> <span class='ocrx_word' id='word_1_331' title='bbox 613 3520 693 3563; x_wconf 84' lang='lat' dir='ltr'>Job,</span> <span class='ocrx_word' id='word_1_332' title='bbox 718 3523 842 3562; x_wconf 70' lang='lat' dir='ltr'>xt,16.</span> <span class='ocrx_word' id='word_1_333' title='bbox 868 3541 902 3545; x_wconf 89' lang='grc'><strong>-</strong></span> <span class='ocrx_word' id='word_1_334' title='bbox 922 3522 935 3544; x_wconf 75' lang='lat'><strong>⁶</strong></span> <span class='ocrx_word' id='word_1_335' title='bbox 955 3523 1033 3564; x_wconf 79' lang='grc' dir='ltr'><em>[ςα.,</em></span> <span class='ocrx_word' id='word_1_336' title='bbox 1057 3532 1126 3565; x_wconf 73' lang='grc' dir='ltr'>ων,</span> <span class='ocrx_word' id='word_1_337' title='bbox 1150 3526 1179 3559; x_wconf 80' lang='lat'>4.</span> <span class='ocrx_word' id='word_1_338' title='bbox 1200 3544 1241 3550; x_wconf 92' lang='grc'><strong>-</strong></span> 
     </span>
    </p>
   </div>
   <div class='ocr_carea' id='block_1_6' title="bbox 2281 244 2357 282">
    <p class='ocr_par' dir='ltr' id='par_1_8' title="bbox 2281 244 2357 282">
     <span class='ocr_line' id='line_1_53' title="bbox 2281 244 2357 282; baseline -0.026 0"><span class='ocrx_word' id='word_1_339' title='bbox 2281 244 2357 282; x_wconf 71' lang='grc'>437</span> 
     </span>
    </p>
   </div>
   <div class='ocr_carea' id='block_1_7' title="bbox 1324 325 2360 562">
    <p class='ocr_par' dir='ltr' id='par_1_9' title="bbox 1324 325 2360 562">
     <span class='ocr_line' id='line_1_54' title="bbox 1325 325 2358 375; baseline 0.004 -14"><span class='ocrx_word' id='word_1_340' title='bbox 1325 325 1596 363; x_wconf 85' lang='lat' dir='ltr'>recordaberis</span> <span class='ocrx_word' id='word_1_341' title='bbox 1628 328 1798 375; x_wconf 86' lang='lat' dir='ltr'>amplius</span> <span class='ocrx_word' id='word_1_342' title='bbox 1828 342 1837 363; x_wconf 92' lang='lat'><strong>:</strong></span> <span class='ocrx_word' id='word_1_343' title='bbox 1872 343 1888 363; x_wconf 87' lang='lat'>»</span> <span class='ocrx_word' id='word_1_344' title='bbox 1913 328 1976 365; x_wconf 91' lang='lat' dir='ltr'>hie</span> <span class='ocrx_word' id='word_1_345' title='bbox 2004 329 2187 366; x_wconf 82' lang='lat' dir='ltr'>astruitur</span> <span class='ocrx_word' id='word_1_346' title='bbox 2206 328 2358 366; x_wconf 87' lang='lat' dir='ltr'>oblivio</span> 
     </span>
     <span class='ocr_line' id='line_1_55' title="bbox 1325 388 2359 438; baseline 0.004 -14"><span class='ocrx_word' id='word_1_347' title='bbox 1325 388 1616 426; x_wconf 66' lang='lat' dir='ltr'>erubescentiae.</span> <span class='ocrx_word' id='word_1_348' title='bbox 1648 392 1697 427; x_wconf 94' lang='lat' dir='ltr'>De</span> <span class='ocrx_word' id='word_1_349' title='bbox 1720 391 1831 427; x_wconf 77' lang='lat' dir='ltr'>tert10</span> <span class='ocrx_word' id='word_1_350' title='bbox 1851 393 1864 414; x_wconf 86' lang='lat'><strong>⁷</strong></span> <span class='ocrx_word' id='word_1_351' title='bbox 1887 404 1894 427; x_wconf 94' lang='lat'><strong>:</strong></span> <span class='ocrx_word' id='word_1_352' title='bbox 1923 405 1942 427; x_wconf 84' lang='lat'>«</span> <span class='ocrx_word' id='word_1_353' title='bbox 1961 391 2130 428; x_wconf 86' lang='lat' dir='ltr'>Gratiam</span> <span class='ocrx_word' id='word_1_354' title='bbox 2151 391 2359 438; x_wconf 85' lang='lat' dir='ltr'>fidejusso-</span> 
     </span>
     <span class='ocr_line' id='line_1_56' title="bbox 1324 450 2360 501; baseline 0.006 -16"><span class='ocrx_word' id='word_1_355' title='bbox 1324 450 1377 486; x_wconf 86' lang='lat' dir='ltr'>ris</span> <span class='ocrx_word' id='word_1_356' title='bbox 1401 460 1450 487; x_wconf 89' lang='lat' dir='ltr'>ne</span> <span class='ocrx_word' id='word_1_357' title='bbox 1476 451 1740 499; x_wconf 86' lang='lat' dir='ltr'>obliviscaris3</span> <span class='ocrx_word' id='word_1_358' title='bbox 1765 453 1872 489; x_wconf 82' lang='lat' dir='ltr'>dedit</span> <span class='ocrx_word' id='word_1_359' title='bbox 1902 453 2007 489; x_wconf 88' lang='lat' dir='ltr'>enim</span> <span class='ocrx_word' id='word_1_360' title='bbox 2028 464 2100 501; x_wconf 89' lang='lat' dir='ltr'>pro</span> <span class='ocrx_word' id='word_1_361' title='bbox 2127 456 2164 490; x_wconf 88' lang='lat' dir='ltr'>te</span> <span class='ocrx_word' id='word_1_362' title='bbox 2185 454 2360 491; x_wconf 85' lang='lat' dir='ltr'>animam</span> 
     </span>
     <span class='ocr_line' id='line_1_57' title="bbox 1325 514 2189 562; baseline 0.007 -15"><span class='ocrx_word' id='word_1_363' title='bbox 1325 522 1436 550; x_wconf 85' lang='lat' dir='ltr'>suam</span> <span class='ocrx_word' id='word_1_364' title='bbox 1458 526 1466 550; x_wconf 90' lang='lat'>:</span> <span class='ocrx_word' id='word_1_365' title='bbox 1487 528 1503 548; x_wconf 70' lang='grc' dir='ltr'>ι)</span> <span class='ocrx_word' id='word_1_366' title='bbox 1527 514 1591 551; x_wconf 91' lang='lat' dir='ltr'>hic</span> <span class='ocrx_word' id='word_1_367' title='bbox 1606 514 1857 552; x_wconf 89' lang='lat' dir='ltr'>dissuadetur</span> <span class='ocrx_word' id='word_1_368' title='bbox 1877 514 2026 552; x_wconf 88' lang='lat' dir='ltr'>oblivio</span> <span class='ocrx_word' id='word_1_369' title='bbox 2042 516 2189 562; x_wconf 87' lang='lat' dir='ltr'>gratiae.</span> 
     </span>
    </p>
   </div>
   <div class='ocr_carea' id='block_1_8' title="bbox 1667 619 2025 656">
    <p class='ocr_par' dir='ltr' id='par_1_10' title="bbox 1667 619 2025 656">
     <span class='ocr_line' id='line_1_58' title="bbox 1667 619 2025 656; baseline 0.006 -2"><span class='ocrx_word' id='word_1_370' title='bbox 1667 619 1857 656; x_wconf 83' lang='lat' dir='ltr'>Artz&#39;culus</span> <span class='ocrx_word' id='word_1_371' title='bbox 1885 621 2025 656; x_wconf 80' lang='lat' dir='ltr'>tertius.</span> 
     </span>
    </p>
   </div>
   <div class='ocr_carea' id='block_1_9' title="bbox 1319 701 2364 1625">
    <p class='ocr_par' dir='ltr' id='par_1_11' title="bbox 1319 701 2364 1625">
     <span class='ocr_line' id='line_1_59' title="bbox 1371 701 2358 750; baseline 0.005 -13"><span class='ocrx_word' id='word_1_372' title='bbox 1371 701 1540 738; x_wconf 90' lang='lat' dir='ltr'>Tertium</span> <span class='ocrx_word' id='word_1_373' title='bbox 1577 713 1671 739; x_wconf 87' lang='lat' dir='ltr'>vero</span> <span class='ocrx_word' id='word_1_374' title='bbox 1709 703 1885 740; x_wconf 86' lang='lat' dir='ltr'>Psalmus</span> <span class='ocrx_word' id='word_1_375' title='bbox 1924 703 2121 750; x_wconf 87' lang='lat' dir='ltr'>concinit,</span> <span class='ocrx_word' id='word_1_376' title='bbox 2162 704 2314 742; x_wconf 89' lang='lat' dir='ltr'>addens</span> <span class='ocrx_word' id='word_1_377' title='bbox 2349 718 2358 742; x_wconf 80' lang='lat'>2</span> 
     </span>
     <span class='ocr_line' id='line_1_60' title="bbox 1323 765 2359 812; baseline 0.005 -13"><span class='ocrx_word' id='word_1_378' title='bbox 1323 765 1600 810; x_wconf 73' lang='lat' dir='ltr'>Justificcitz&#39;ones</span> <span class='ocrx_word' id='word_1_379' title='bbox 1630 768 1732 811; x_wconf 77' lang='lat' dir='ltr'>tuas,</span> <span class='ocrx_word' id='word_1_380' title='bbox 1763 765 1805 802; x_wconf 87' lang='lat' dir='ltr'>id</span> <span class='ocrx_word' id='word_1_381' title='bbox 1830 769 1912 812; x_wconf 91' lang='lat' dir='ltr'>est,</span> <span class='ocrx_word' id='word_1_382' title='bbox 1932 766 2233 804; x_wconf 84' lang='lat' dir='ltr'>reformationes</span> <span class='ocrx_word' id='word_1_383' title='bbox 2261 769 2359 804; x_wconf 90' lang='lat' dir='ltr'>tuas.</span> 
     </span>
     <span class='ocr_line' id='line_1_61' title="bbox 1325 826 2364 875; baseline 0.005 -13"><span class='ocrx_word' id='word_1_384' title='bbox 1325 826 1432 863; x_wconf 86' lang='lat' dir='ltr'>Unde</span> <span class='ocrx_word' id='word_1_385' title='bbox 1452 826 1672 863; x_wconf 89' lang='lat' dir='ltr'>notandum</span> <span class='ocrx_word' id='word_1_386' title='bbox 1689 855 1697 870; x_wconf 92' lang='lat'><em>‚</em></span> <span class='ocrx_word' id='word_1_387' title='bbox 1722 828 1833 875; x_wconf 81' lang='lat' dir='ltr'>quod</span> <span class='ocrx_word' id='word_1_388' title='bbox 1851 828 2150 875; x_wconf 85' lang='lat' dir='ltr'>justificationes</span> <span class='ocrx_word' id='word_1_389' title='bbox 2169 829 2249 866; x_wconf 83' lang='lat' dir='ltr'>istae</span> <span class='ocrx_word' id='word_1_390' title='bbox 2273 834 2364 867; x_wconf 89' lang='lat' dir='ltr'>sunt</span> 
     </span>
     <span class='ocr_line' id='line_1_62' title="bbox 1325 889 2362 937; baseline 0.003 -12"><span class='ocrx_word' id='word_1_391' title='bbox 1325 889 1438 937; x_wconf 89' lang='lat' dir='ltr'>quasi</span> <span class='ocrx_word' id='word_1_392' title='bbox 1469 889 1784 936; x_wconf 79' lang='lat' dir='ltr'>pacificationes,</span> <span class='ocrx_word' id='word_1_393' title='bbox 1816 901 1885 926; x_wconf 90' lang='lat' dir='ltr'>seu</span> <span class='ocrx_word' id='word_1_394' title='bbox 1912 890 2242 936; x_wconf 86' lang='lat' dir='ltr'>salvificationes‚</span> <span class='ocrx_word' id='word_1_395' title='bbox 2280 891 2362 928; x_wconf 86' lang='lat' dir='ltr'>sive</span> 
     </span>
     <span class='ocr_line' id='line_1_63' title="bbox 1324 951 2361 1002; baseline 0.002 -14"><span class='ocrx_word' id='word_1_396' title='bbox 1324 951 1595 989; x_wconf 80' lang='lat' dir='ltr'>revocationes</span> <span class='ocrx_word' id='word_1_397' title='bbox 1606 980 1618 998; x_wconf 93' lang='lat'>,</span> <span class='ocrx_word' id='word_1_398' title='bbox 1657 953 1802 1000; x_wconf 86' lang='lat' dir='ltr'>quibus</span> <span class='ocrx_word' id='word_1_399' title='bbox 1835 953 1977 990; x_wconf 81' lang='lat' dir='ltr'>animae</span> <span class='ocrx_word' id='word_1_400' title='bbox 2005 953 2189 1000; x_wconf 77' lang='lat' dir='ltr'>judicatae</span> <span class='ocrx_word' id='word_1_401' title='bbox 2222 954 2361 1002; x_wconf 87' lang='lat' dir='ltr'>pacifi-</span> 
     </span>
     <span class='ocr_line' id='line_1_64' title="bbox 1325 1015 2363 1063; baseline 0.002 -12"><span class='ocrx_word' id='word_1_402' title='bbox 1325 1017 1462 1051; x_wconf 89' lang='lat' dir='ltr'>cantur</span> <span class='ocrx_word' id='word_1_403' title='bbox 1477 1043 1488 1060; x_wconf 91' lang='lat'>,</span> <span class='ocrx_word' id='word_1_404' title='bbox 1512 1015 1705 1052; x_wconf 82' lang='lat' dir='ltr'>damnatae</span> <span class='ocrx_word' id='word_1_405' title='bbox 1737 1015 2028 1060; x_wconf 86' lang='lat' dir='ltr'>salvificantur,</span> <span class='ocrx_word' id='word_1_406' title='bbox 2047 1016 2229 1063; x_wconf 78' lang='lat' dir='ltr'>relegatae</span> <span class='ocrx_word' id='word_1_407' title='bbox 2249 1027 2363 1054; x_wconf 89' lang='lat' dir='ltr'>revo-</span> 
     </span>
     <span class='ocr_line' id='line_1_65' title="bbox 1325 1077 2364 1125; baseline 0.003 -13"><span class='ocrx_word' id='word_1_408' title='bbox 1325 1079 1474 1113; x_wconf 84' lang='lat' dir='ltr'>cantur.</span> <span class='ocrx_word' id='word_1_409' title='bbox 1491 1079 1542 1114; x_wconf 88' lang='lat' dir='ltr'>Dc</span> <span class='ocrx_word' id='word_1_410' title='bbox 1558 1077 1686 1124; x_wconf 89' lang='lat' dir='ltr'>primo</span> <span class='ocrx_word' id='word_1_411' title='bbox 1702 1078 1715 1099; x_wconf 75' lang='lat'><strong>⁸</strong></span> <span class='ocrx_word' id='word_1_412' title='bbox 1732 1089 1739 1114; x_wconf 75' lang='grc' dir='ltr'><strong><em>ε</em></strong></span> <span class='ocrx_word' id='word_1_413' title='bbox 1761 1092 1777 1111; x_wconf 91' lang='lat'>«</span> <span class='ocrx_word' id='word_1_414' title='bbox 1795 1078 2015 1125; x_wconf 87' lang='lat' dir='ltr'>Surgebam</span> <span class='ocrx_word' id='word_1_415' title='bbox 2030 1078 2083 1115; x_wconf 86' lang='lat' dir='ltr'>ad</span> <span class='ocrx_word' id='word_1_416' title='bbox 2097 1078 2364 1116; x_wconf 86' lang='lat' dir='ltr'>confitendum</span> 
     </span>
     <span class='ocr_line' id='line_1_66' title="bbox 1325 1139 2364 1188; baseline 0.003 -13"><span class='ocrx_word' id='word_1_417' title='bbox 1325 1139 1393 1176; x_wconf 87' lang='lat' dir='ltr'>tibi</span> <span class='ocrx_word' id='word_1_418' title='bbox 1408 1150 1526 1187; x_wconf 81' lang='lat' dir='ltr'>super</span> <span class='ocrx_word' id='word_1_419' title='bbox 1541 1139 1693 1186; x_wconf 85' lang='lat' dir='ltr'>judicia</span> <span class='ocrx_word' id='word_1_420' title='bbox 1709 1139 1999 1186; x_wconf 88' lang='lat' dir='ltr'>justificationis</span> <span class='ocrx_word' id='word_1_421' title='bbox 2014 1142 2106 1186; x_wconf 83' lang='lat' dir='ltr'>tuae,</span> <span class='ocrx_word' id='word_1_422' title='bbox 2127 1154 2143 1175; x_wconf 63' lang='grc' dir='ltr'><strong><em>η</em></strong></span> <span class='ocrx_word' id='word_1_423' title='bbox 2168 1143 2364 1188; x_wconf 85' lang='lat' dir='ltr'>quantum</span> 
     </span>
     <span class='ocr_line' id='line_1_67' title="bbox 1323 1201 2363 1250; baseline 0.003 -12"><span class='ocrx_word' id='word_1_424' title='bbox 1323 1201 1375 1239; x_wconf 91' lang='lat' dir='ltr'>ad</span> <span class='ocrx_word' id='word_1_425' title='bbox 1394 1202 1535 1238; x_wconf 79' lang='lat' dir='ltr'>animae</span> <span class='ocrx_word' id='word_1_426' title='bbox 1551 1202 1735 1249; x_wconf 79' lang='lat' dir='ltr'>jndicatae</span> <span class='ocrx_word' id='word_1_427' title='bbox 1754 1202 2086 1250; x_wconf 88' lang='lat' dir='ltr'>pacificationem.</span> <span class='ocrx_word' id='word_1_428' title='bbox 2117 1205 2168 1240; x_wconf 91' lang='lat' dir='ltr'>De</span> <span class='ocrx_word' id='word_1_429' title='bbox 2189 1203 2363 1242; x_wconf 90' lang='lat' dir='ltr'>secundo</span> 
     </span>
     <span class='ocr_line' id='line_1_68' title="bbox 1323 1264 2362 1314; baseline 0.003 -14"><span class='ocrx_word' id='word_1_430' title='bbox 1323 1264 1518 1312; x_wconf 85' lang='lat' dir='ltr'>Propheta</span> <span class='ocrx_word' id='word_1_431' title='bbox 1540 1264 1672 1312; x_wconf 87' lang='lat' dir='ltr'>psallit</span> <span class='ocrx_word' id='word_1_432' title='bbox 1690 1264 1703 1285; x_wconf 78' lang='lat'><strong>⁹</strong></span> <span class='ocrx_word' id='word_1_433' title='bbox 1725 1277 1733 1301; x_wconf 89' lang='lat'><strong>:</strong></span> <span class='ocrx_word' id='word_1_434' title='bbox 1765 1278 1782 1299; x_wconf 91' lang='lat'>«</span> <span class='ocrx_word' id='word_1_435' title='bbox 1803 1265 1964 1302; x_wconf 89' lang='lat' dir='ltr'>Salvum</span> <span class='ocrx_word' id='word_1_436' title='bbox 1984 1276 2046 1302; x_wconf 91' lang='lat' dir='ltr'>me</span> <span class='ocrx_word' id='word_1_437' title='bbox 2067 1264 2128 1302; x_wconf 90' lang='lat' dir='ltr'>fae</span> <span class='ocrx_word' id='word_1_438' title='bbox 2139 1293 2151 1312; x_wconf 96' lang='lat'>,</span> <span class='ocrx_word' id='word_1_439' title='bbox 2172 1265 2362 1314; x_wconf 87' lang='lat' dir='ltr'>quoniam</span> 
     </span>
     <span class='ocr_line' id='line_1_69' title="bbox 1319 1326 2364 1376; baseline 0.003 -14"><span class='ocrx_word' id='word_1_440' title='bbox 1319 1326 1618 1373; x_wconf 83' lang='lat' dir='ltr'>justificationes</span> <span class='ocrx_word' id='word_1_441' title='bbox 1650 1328 1735 1364; x_wconf 86' lang='lat' dir='ltr'>tuas</span> <span class='ocrx_word' id='word_1_442' title='bbox 1773 1327 1965 1376; x_wconf 81' lang='lat' dir='ltr'>exquisivi</span> <span class='ocrx_word' id='word_1_443' title='bbox 1980 1355 1993 1374; x_wconf 93' lang='lat'>,</span> <span class='ocrx_word' id='word_1_444' title='bbox 2026 1341 2043 1361; x_wconf 84' lang='lat'>»</span> <span class='ocrx_word' id='word_1_445' title='bbox 2084 1330 2277 1376; x_wconf 84' lang='lat' dir='ltr'>quantum</span> <span class='ocrx_word' id='word_1_446' title='bbox 2311 1328 2364 1366; x_wconf 89' lang='lat' dir='ltr'>ad</span> 
     </span>
     <span class='ocr_line' id='line_1_70' title="bbox 1323 1389 2364 1428; baseline 0.003 -3"><span class='ocrx_word' id='word_1_447' title='bbox 1323 1389 1464 1426; x_wconf 81' lang='lat' dir='ltr'>animae</span> <span class='ocrx_word' id='word_1_448' title='bbox 1485 1389 1680 1426; x_wconf 78' lang='lat' dir='ltr'>damnatae</span> <span class='ocrx_word' id='word_1_449' title='bbox 1700 1389 2037 1427; x_wconf 87' lang='lat' dir='ltr'>salvificationem.</span> <span class='ocrx_word' id='word_1_450' title='bbox 2062 1392 2112 1427; x_wconf 88' lang='lat' dir='ltr'>De</span> <span class='ocrx_word' id='word_1_451' title='bbox 2133 1391 2244 1428; x_wconf 89' lang='lat' dir='ltr'>tertio</span> <span class='ocrx_word' id='word_1_452' title='bbox 2263 1390 2364 1428; x_wconf 86' lang='lat' dir='ltr'>Psal-</span> 
     </span>
     <span class='ocr_line' id='line_1_71' title="bbox 1323 1452 2363 1500; baseline 0.002 -12"><span class='ocrx_word' id='word_1_453' title='bbox 1323 1452 1567 1500; x_wconf 85' lang='lat' dir='ltr'>mographus</span> <span class='ocrx_word' id='word_1_454' title='bbox 1601 1452 1735 1489; x_wconf 87' lang='lat' dir='ltr'>scribit</span> <span class='ocrx_word' id='word_1_455' title='bbox 1767 1452 1793 1474; x_wconf 86' lang='lat'>¹⁰</span> <span class='ocrx_word' id='word_1_456' title='bbox 1822 1465 1830 1489; x_wconf 74' lang='grc' dir='ltr'><strong><em>ι</em></strong></span> <span class='ocrx_word' id='word_1_457' title='bbox 1856 1467 1873 1487; x_wconf 79' lang='grc' dir='ltr'>(ι</span> <span class='ocrx_word' id='word_1_458' title='bbox 1894 1453 2004 1490; x_wconf 85' lang='lat' dir='ltr'>Viam</span> <span class='ocrx_word' id='word_1_459' title='bbox 2033 1452 2363 1500; x_wconf 85' lang='lat' dir='ltr'>justificationum</span> 
     </span>
     <span class='ocr_line' id='line_1_72' title="bbox 1323 1515 2363 1563; baseline 0.002 -12"><span class='ocrx_word' id='word_1_460' title='bbox 1323 1517 1479 1552; x_wconf 83' lang='lat' dir='ltr'>tuarum</span> <span class='ocrx_word' id='word_1_461' title='bbox 1498 1515 1644 1552; x_wconf 82' lang='lat' dir='ltr'>instrue</span> <span class='ocrx_word' id='word_1_462' title='bbox 1666 1526 1753 1561; x_wconf 91' lang='lat' dir='ltr'>me,</span> <span class='ocrx_word' id='word_1_463' title='bbox 1774 1528 1792 1550; x_wconf 83' lang='lat'>»</span> <span class='ocrx_word' id='word_1_464' title='bbox 1818 1518 2011 1563; x_wconf 88' lang='lat' dir='ltr'>quantum</span> <span class='ocrx_word' id='word_1_465' title='bbox 2032 1516 2084 1553; x_wconf 84' lang='lat' dir='ltr'>ad</span> <span class='ocrx_word' id='word_1_466' title='bbox 2105 1515 2245 1553; x_wconf 80' lang='lat' dir='ltr'>animae</span> <span class='ocrx_word' id='word_1_467' title='bbox 2263 1515 2363 1553; x_wconf 88' lang='lat' dir='ltr'>rele-</span> 
     </span>
     <span class='ocr_line' id='line_1_73' title="bbox 1324 1577 1748 1625; baseline 0 -11"><span class='ocrx_word' id='word_1_468' title='bbox 1324 1579 1421 1625; x_wconf 75' lang='lat' dir='ltr'>gatae</span> <span class='ocrx_word' id='word_1_469' title='bbox 1440 1577 1748 1615; x_wconf 86' lang='lat' dir='ltr'>revocationem.</span> 
     </span>
    </p>
   </div>
   <div class='ocr_carea' id='block_1_10' title="bbox 1655 1683 2033 1729">
    <p class='ocr_par' dir='ltr' id='par_1_12' title="bbox 1655 1683 2033 1729">
     <span class='ocr_line' id='line_1_74' title="bbox 1655 1683 2033 1729; baseline 0 -11"><span class='ocrx_word' id='word_1_470' title='bbox 1655 1683 1842 1719; x_wconf 62' lang='lat' dir='ltr'>Articulus</span> <span class='ocrx_word' id='word_1_471' title='bbox 1869 1684 2033 1729; x_wconf 83' lang='lat' dir='ltr'>quartus.</span> 
     </span>
    </p>
   </div>
   <div class='ocr_carea' id='block_1_11' title="bbox 1322 1763 2364 2064">
    <p class='ocr_par' dir='ltr' id='par_1_13' title="bbox 1322 1763 2364 2064">
     <span class='ocr_line' id='line_1_75' title="bbox 1370 1763 2364 1814; baseline -0.003 -11"><span class='ocrx_word' id='word_1_472' title='bbox 1370 1767 1558 1811; x_wconf 85' lang='lat' dir='ltr'>Quartum</span> <span class='ocrx_word' id='word_1_473' title='bbox 1579 1776 1740 1814; x_wconf 79' lang='lat' dir='ltr'>quoque</span> <span class='ocrx_word' id='word_1_474' title='bbox 1754 1765 2087 1814; x_wconf 80' lang='lat' dir='ltr'>psalmographus</span> <span class='ocrx_word' id='word_1_475' title='bbox 2105 1764 2157 1802; x_wconf 91' lang='lat' dir='ltr'>ait</span> <span class='ocrx_word' id='word_1_476' title='bbox 2181 1776 2188 1800; x_wconf 77' lang='grc' dir='ltr'>ε</span> <span class='ocrx_word' id='word_1_477' title='bbox 2212 1763 2306 1808; x_wconf 82' lang='lat' dir='ltr'>Quia</span> <span class='ocrx_word' id='word_1_478' title='bbox 2326 1766 2364 1800; x_wconf 75' lang='lat' dir='ltr'>in</span> 
     </span>
     <span class='ocr_line' id='line_1_76' title="bbox 1322 1826 2361 1876; baseline -0.002 -12"><span class='ocrx_word' id='word_1_479' title='bbox 1322 1831 1413 1876; x_wconf 63' lang='lat' dir='ltr'>ipsis</span> <span class='ocrx_word' id='word_1_480' title='bbox 1444 1831 1640 1874; x_wconf 61' lang='lat' dir='ltr'>vivificasti</span> <span class='ocrx_word' id='word_1_481' title='bbox 1671 1840 1740 1872; x_wconf 79' lang='lat' dir='ltr'>me,</span> <span class='ocrx_word' id='word_1_482' title='bbox 1770 1828 1953 1866; x_wconf 85' lang='lat' dir='ltr'>videlicet</span> <span class='ocrx_word' id='word_1_483' title='bbox 1977 1828 2057 1866; x_wconf 87' lang='lat' dir='ltr'>vita</span> <span class='ocrx_word' id='word_1_484' title='bbox 2086 1838 2168 1864; x_wconf 91' lang='lat' dir='ltr'>non</span> <span class='ocrx_word' id='word_1_485' title='bbox 2199 1826 2361 1873; x_wconf 87' lang='lat' dir='ltr'>carnali,</span> 
     </span>
     <span class='ocr_line' id='line_1_77' title="bbox 1322 1889 2364 1938; baseline -0.002 -11"><span class='ocrx_word' id='word_1_486' title='bbox 1322 1891 1393 1928; x_wconf 89' lang='lat' dir='ltr'>sed</span> <span class='ocrx_word' id='word_1_487' title='bbox 1428 1891 1594 1936; x_wconf 72' lang='lat' dir='ltr'>morali,</span> <span class='ocrx_word' id='word_1_488' title='bbox 1634 1901 1716 1928; x_wconf 90' lang='lat' dir='ltr'>non</span> <span class='ocrx_word' id='word_1_489' title='bbox 1754 1890 1939 1938; x_wconf 84' lang='lat' dir='ltr'>deformi,</span> <span class='ocrx_word' id='word_1_490' title='bbox 1977 1890 2048 1928; x_wconf 84' lang='lat' dir='ltr'>sed</span> <span class='ocrx_word' id='word_1_491' title='bbox 2086 1889 2283 1928; x_wconf 80' lang='lat' dir='ltr'>deiformi.</span> <span class='ocrx_word' id='word_1_492' title='bbox 2320 1891 2364 1926; x_wconf 89' lang='lat' dir='ltr'>Et</span> 
     </span>
     <span class='ocr_line' id='line_1_78' title="bbox 1322 1951 2362 2001; baseline -0.002 -11"><span class='ocrx_word' id='word_1_493' title='bbox 1322 1956 1415 1990; x_wconf 87' lang='lat' dir='ltr'>nota</span> <span class='ocrx_word' id='word_1_494' title='bbox 1430 1981 1442 1999; x_wconf 90' lang='lat'>,</span> <span class='ocrx_word' id='word_1_495' title='bbox 1472 1954 1582 2001; x_wconf 86' lang='lat' dir='ltr'>quod</span> <span class='ocrx_word' id='word_1_496' title='bbox 1610 1956 1710 1990; x_wconf 88' lang='lat' dir='ltr'>Deus</span> <span class='ocrx_word' id='word_1_497' title='bbox 1729 1953 1903 1991; x_wconf 89' lang='lat' dir='ltr'>vivificat</span> <span class='ocrx_word' id='word_1_498' title='bbox 1930 1953 2105 1990; x_wconf 91' lang='lat' dir='ltr'>animam</span> <span class='ocrx_word' id='word_1_499' title='bbox 2124 1963 2196 2000; x_wconf 88' lang='lat' dir='ltr'>per</span> <span class='ocrx_word' id='word_1_500' title='bbox 2215 1951 2362 2000; x_wconf 87' lang='lat' dir='ltr'>perfec·</span> 
     </span>
     <span class='ocr_line' id='line_1_79' title="bbox 1322 2014 2360 2064; baseline -0.003 -11"><span class='ocrx_word' id='word_1_501' title='bbox 1322 2019 1403 2053; x_wconf 88' lang='lat' dir='ltr'>tam</span> <span class='ocrx_word' id='word_1_502' title='bbox 1429 2016 1713 2064; x_wconf 84' lang='lat' dir='ltr'>poenitentiam.</span> <span class='ocrx_word' id='word_1_503' title='bbox 1745 2017 1866 2064; x_wconf 88' lang='lat' dir='ltr'>Hujus</span> <span class='ocrx_word' id='word_1_504' title='bbox 1894 2018 2026 2054; x_wconf 84' lang='lat' dir='ltr'>autem</span> <span class='ocrx_word' id='word_1_505' title='bbox 2056 2014 2240 2064; x_wconf 84' lang='lat' dir='ltr'>perfectio</span> <span class='ocrx_word' id='word_1_506' title='bbox 2266 2025 2360 2051; x_wconf 90' lang='lat' dir='ltr'>con-</span> 
     </span>
    </p>
   </div>
   <div class='ocr_carea' id='block_1_12' title="bbox 1322 2069 2524 2139">
    <p class='ocr_par' dir='ltr' id='par_1_14' title="bbox 1322 2069 2524 2139">
     <span class='ocr_line' id='line_1_80' title="bbox 1322 2069 2524 2139; baseline -0.003 -24"><span class='ocrx_word' id='word_1_507' title='bbox 1322 2079 1418 2116; x_wconf 82' lang='lat' dir='ltr'>sistit</span> <span class='ocrx_word' id='word_1_508' title='bbox 1437 2079 1477 2115; x_wconf 90' lang='lat' dir='ltr'>in</span> <span class='ocrx_word' id='word_1_509' title='bbox 1498 2079 1685 2125; x_wconf 83' lang='lat' dir='ltr'>ternariO,</span> <span class='ocrx_word' id='word_1_510' title='bbox 1707 2078 1818 2127; x_wconf 86' lang='lat' dir='ltr'>quod</span> <span class='ocrx_word' id='word_1_511' title='bbox 1845 2081 1901 2116; x_wconf 85' lang='lat' dir='ltr'>est</span> <span class='ocrx_word' id='word_1_512' title='bbox 1927 2077 2124 2123; x_wconf 89' lang='lat' dir='ltr'>contritio,</span> <span class='ocrx_word' id='word_1_513' title='bbox 2151 2076 2358 2122; x_wconf 88' lang='lat' dir='ltr'>confessio,</span> <span class='ocrx_word' id='word_1_514' title='bbox 2380 2069 2524 2139; x_wconf 40' lang='lat' dir='ltr'>&amp;niten-</span> 
     </span>
    </p>
   </div>
   <div class='ocr_carea' id='block_1_13' title="bbox 1314 2138 2360 3192">
    <p class='ocr_par' dir='ltr' id='par_1_15' title="bbox 1314 2138 2360 3192">
     <span class='ocr_line' id='line_1_81' title="bbox 1321 2138 2358 2190; baseline -0.004 -11"><span class='ocrx_word' id='word_1_515' title='bbox 1321 2145 1358 2179; x_wconf 88' lang='lat' dir='ltr'>ct</span> <span class='ocrx_word' id='word_1_516' title='bbox 1378 2141 1609 2180; x_wconf 80' lang='lat' dir='ltr'>satisfactio:</span> <span class='ocrx_word' id='word_1_517' title='bbox 1639 2142 1812 2190; x_wconf 84' lang='lat' dir='ltr'>ideoque</span> <span class='ocrx_word' id='word_1_518' title='bbox 1832 2141 2033 2178; x_wconf 83' lang='lat' dir='ltr'>vivificare</span> <span class='ocrx_word' id='word_1_519' title='bbox 2055 2140 2199 2188; x_wconf 86' lang='lat' dir='ltr'>legitur</span> <span class='ocrx_word' id='word_1_520' title='bbox 2226 2138 2358 2176; x_wconf 89' lang='lat' dir='ltr'>Domi-</span> 
     </span>
     <span class='ocr_line' id='line_1_82' title="bbox 1321 2202 2357 2254; baseline -0.004 -11"><span class='ocrx_word' id='word_1_521' title='bbox 1321 2217 1395 2243; x_wconf 88' lang='lat' dir='ltr'>nus</span> <span class='ocrx_word' id='word_1_522' title='bbox 1424 2206 1602 2253; x_wconf 77' lang='lat' dir='ltr'>judicio,</span> <span class='ocrx_word' id='word_1_523' title='bbox 1625 2205 1810 2254; x_wconf 84' lang='lat' dir='ltr'>eloquio,</span> <span class='ocrx_word' id='word_1_524' title='bbox 1833 2206 1870 2241; x_wconf 90' lang='lat' dir='ltr'>et</span> <span class='ocrx_word' id='word_1_525' title='bbox 1901 2203 2166 2241; x_wconf 87' lang='lat' dir='ltr'>tribulationis</span> <span class='ocrx_word' id='word_1_526' title='bbox 2191 2202 2325 2240; x_wconf 89' lang='lat' dir='ltr'>medio</span> <span class='ocrx_word' id='word_1_527' title='bbox 2348 2214 2357 2239; x_wconf 77' lang='grc' dir='ltr'><strong><em>ι</em></strong></span> 
     </span>
     <span class='ocr_line' id='line_1_83' title="bbox 1323 2267 2360 2321; baseline -0.003 -15"><span class='ocrx_word' id='word_1_528' title='bbox 1323 2280 1495 2317; x_wconf 90' lang='lat' dir='ltr'>quorum</span> <span class='ocrx_word' id='word_1_529' title='bbox 1513 2269 1688 2317; x_wconf 86' lang='lat' dir='ltr'>primum</span> <span class='ocrx_word' id='word_1_530' title='bbox 1718 2268 1932 2317; x_wconf 88' lang='lat' dir='ltr'>respondet</span> <span class='ocrx_word' id='word_1_531' title='bbox 1957 2267 2202 2321; x_wconf 50' lang='lat' dir='ltr'>contritionij</span> <span class='ocrx_word' id='word_1_532' title='bbox 2223 2277 2360 2304; x_wconf 88' lang='lat' dir='ltr'>secun·</span> 
     </span>
     <span class='ocr_line' id='line_1_84' title="bbox 1321 2329 2358 2378; baseline -0.002 -10"><span class='ocrx_word' id='word_1_533' title='bbox 1321 2331 1413 2368; x_wconf 71' lang='lat' dir='ltr'>dum</span> <span class='ocrx_word' id='word_1_534' title='bbox 1431 2360 1443 2378; x_wconf 96' lang='lat'>,</span> <span class='ocrx_word' id='word_1_535' title='bbox 1484 2331 1745 2377; x_wconf 85' lang='lat' dir='ltr'>confessioni3</span> <span class='ocrx_word' id='word_1_536' title='bbox 1785 2331 1942 2369; x_wconf 90' lang='lat' dir='ltr'>tertium</span> <span class='ocrx_word' id='word_1_537' title='bbox 1956 2360 1968 2378; x_wconf 91' lang='lat'><em>‚</em></span> <span class='ocrx_word' id='word_1_538' title='bbox 2008 2329 2274 2368; x_wconf 87' lang='lat' dir='ltr'>satisfactioni.</span> <span class='ocrx_word' id='word_1_539' title='bbox 2307 2331 2358 2366; x_wconf 88' lang='lat' dir='ltr'>De</span> 
     </span>
     <span class='ocr_line' id='line_1_85' title="bbox 1318 2392 2359 2443; baseline -0.002 -12"><span class='ocrx_word' id='word_1_540' title='bbox 1318 2395 1448 2443; x_wconf 89' lang='lat' dir='ltr'>primo</span> <span class='ocrx_word' id='word_1_541' title='bbox 1470 2394 1611 2431; x_wconf 89' lang='lat' dir='ltr'>dicitur</span> <span class='ocrx_word' id='word_1_542' title='bbox 1630 2394 1670 2431; x_wconf 90' lang='lat' dir='ltr'>in</span> <span class='ocrx_word' id='word_1_543' title='bbox 1691 2393 1845 2432; x_wconf 87' lang='lat' dir='ltr'>Psalmo</span> <span class='ocrx_word' id='word_1_544' title='bbox 1872 2395 1897 2417; x_wconf 85' lang='lat'>¹¹</span> <span class='ocrx_word' id='word_1_545' title='bbox 1920 2407 1928 2431; x_wconf 95' lang='lat'>:</span> <span class='ocrx_word' id='word_1_546' title='bbox 1949 2408 1967 2429; x_wconf 79' lang='grc' dir='ltr'>(ι</span> <span class='ocrx_word' id='word_1_547' title='bbox 1991 2392 2263 2431; x_wconf 59' lang='lat' dir='ltr'>Misericordiae</span> <span class='ocrx_word' id='word_1_548' title='bbox 2285 2394 2359 2429; x_wconf 82' lang='lat' dir='ltr'>tuae</span> 
     </span>
     <span class='ocr_line' id='line_1_86' title="bbox 1318 2455 2359 2503; baseline -0.002 -10"><span class='ocrx_word' id='word_1_549' title='bbox 1318 2457 1452 2493; x_wconf 75' lang='lat' dir='ltr'>multae</span> <span class='ocrx_word' id='word_1_550' title='bbox 1466 2485 1477 2503; x_wconf 90' lang='lat'>,</span> <span class='ocrx_word' id='word_1_551' title='bbox 1518 2456 1682 2493; x_wconf 88' lang='lat' dir='ltr'>Domine</span> <span class='ocrx_word' id='word_1_552' title='bbox 1697 2484 1709 2503; x_wconf 92' lang='lat'>,</span> <span class='ocrx_word' id='word_1_553' title='bbox 1748 2457 1969 2495; x_wconf 90' lang='lat' dir='ltr'>seeundum</span> <span class='ocrx_word' id='word_1_554' title='bbox 2003 2455 2200 2503; x_wconf 86' lang='lat' dir='ltr'>judicium</span> <span class='ocrx_word' id='word_1_555' title='bbox 2249 2457 2359 2492; x_wconf 90' lang='lat' dir='ltr'>tuum</span> 
     </span>
     <span class='ocr_line' id='line_1_87' title="bbox 1318 2517 2358 2565; baseline -0.001 -11"><span class='ocrx_word' id='word_1_556' title='bbox 1318 2518 1477 2555; x_wconf 83' lang='lat' dir='ltr'>vivifica</span> <span class='ocrx_word' id='word_1_557' title='bbox 1498 2529 1585 2554; x_wconf 91' lang='lat' dir='ltr'>me:</span> <span class='ocrx_word' id='word_1_558' title='bbox 1607 2532 1623 2553; x_wconf 73' lang='lat' dir='ltr'>n</span> <span class='ocrx_word' id='word_1_559' title='bbox 1659 2529 1748 2556; x_wconf 90' lang='lat' dir='ltr'>ecce</span> <span class='ocrx_word' id='word_1_560' title='bbox 1769 2518 2012 2555; x_wconf 89' lang='lat' dir='ltr'>contritionis</span> <span class='ocrx_word' id='word_1_561' title='bbox 2037 2517 2254 2565; x_wconf 88' lang='lat' dir='ltr'>judicium,</span> <span class='ocrx_word' id='word_1_562' title='bbox 2277 2526 2358 2564; x_wconf 90' lang='lat' dir='ltr'>quo</span> 
     </span>
     <span class='ocr_line' id='line_1_88' title="bbox 1314 2579 2357 2628; baseline -0.002 -11"><span class='ocrx_word' id='word_1_563' title='bbox 1314 2581 1516 2628; x_wconf 82' lang='lat' dir='ltr'>J&#39;udicatur</span> <span class='ocrx_word' id='word_1_564' title='bbox 1537 2592 1560 2618; x_wconf 88' lang='lat' dir='ltr'>a</span> <span class='ocrx_word' id='word_1_565' title='bbox 1581 2580 1747 2618; x_wconf 90' lang='lat' dir='ltr'>Domino</span> <span class='ocrx_word' id='word_1_566' title='bbox 1771 2591 1839 2618; x_wconf 87' lang='lat' dir='ltr'>cor</span> <span class='ocrx_word' id='word_1_567' title='bbox 1859 2580 2082 2617; x_wconf 90' lang='lat' dir='ltr'>contritum.</span> <span class='ocrx_word' id='word_1_568' title='bbox 2106 2582 2157 2617; x_wconf 89' lang='lat' dir='ltr'>De</span> <span class='ocrx_word' id='word_1_569' title='bbox 2182 2579 2357 2616; x_wconf 90' lang='lat' dir='ltr'>secundo</span> 
     </span>
     <span class='ocr_line' id='line_1_89' title="bbox 1318 2641 2358 2691; baseline -0.002 -11"><span class='ocrx_word' id='word_1_570' title='bbox 1318 2643 1499 2680; x_wconf 87' lang='lat' dir='ltr'>scribitur</span> <span class='ocrx_word' id='word_1_571' title='bbox 1519 2654 1543 2680; x_wconf 90' lang='lat' dir='ltr'>a</span> <span class='ocrx_word' id='word_1_572' title='bbox 1558 2643 1759 2680; x_wconf 80' lang='lat' dir='ltr'>psalmista</span> <span class='ocrx_word' id='word_1_573' title='bbox 1781 2642 1806 2664; x_wconf 73' lang='lat'>¹²</span> <span class='ocrx_word' id='word_1_574' title='bbox 1830 2655 1838 2679; x_wconf 90' lang='lat'>:</span> <span class='ocrx_word' id='word_1_575' title='bbox 1855 2656 1873 2678; x_wconf 86' lang='lat'>«</span> <span class='ocrx_word' id='word_1_576' title='bbox 1891 2642 2102 2691; x_wconf 85' lang='lat' dir='ltr'>Eloquium</span> <span class='ocrx_word' id='word_1_577' title='bbox 2121 2644 2234 2679; x_wconf 90' lang='lat' dir='ltr'>tuum</span> <span class='ocrx_word' id='word_1_578' title='bbox 2260 2641 2358 2678; x_wconf 85' lang='lat' dir='ltr'>vivi-</span> 
     </span>
     <span class='ocr_line' id='line_1_90' title="bbox 1318 2704 2356 2753; baseline -0.002 -10"><span class='ocrx_word' id='word_1_579' title='bbox 1318 2706 1450 2743; x_wconf 84' lang='lat' dir='ltr'>ficavit</span> <span class='ocrx_word' id='word_1_580' title='bbox 1469 2717 1533 2743; x_wconf 90' lang='lat' dir='ltr'>me</span> <span class='ocrx_word' id='word_1_581' title='bbox 1553 2718 1561 2742; x_wconf 95' lang='lat'>:</span> <span class='ocrx_word' id='word_1_582' title='bbox 1585 2719 1603 2741; x_wconf 70' lang='lat' dir='ltr'>n</span> <span class='ocrx_word' id='word_1_583' title='bbox 1629 2715 1717 2743; x_wconf 91' lang='lat' dir='ltr'>ecce</span> <span class='ocrx_word' id='word_1_584' title='bbox 1745 2705 2001 2743; x_wconf 78' lang='lat' dir='ltr'>consessionis</span> <span class='ocrx_word' id='word_1_585' title='bbox 2026 2704 2253 2753; x_wconf 86' lang='lat' dir='ltr'>eloquium,</span> <span class='ocrx_word' id='word_1_586' title='bbox 2275 2715 2356 2752; x_wconf 84' lang='lat' dir='ltr'>quo</span> 
     </span>
     <span class='ocr_line' id='line_1_91' title="bbox 1318 2766 2358 2815; baseline -0.002 -10"><span class='ocrx_word' id='word_1_587' title='bbox 1318 2769 1505 2806; x_wconf 87' lang='lat' dir='ltr'>Dominus</span> <span class='ocrx_word' id='word_1_588' title='bbox 1531 2771 1689 2806; x_wconf 85' lang='lat' dir='ltr'>accusat</span> <span class='ocrx_word' id='word_1_589' title='bbox 1711 2772 1881 2806; x_wconf 85' lang='lat' dir='ltr'>veterem</span> <span class='ocrx_word' id='word_1_590' title='bbox 1908 2767 2112 2805; x_wconf 87' lang='lat' dir='ltr'>hominem</span> <span class='ocrx_word' id='word_1_591' title='bbox 2139 2778 2210 2815; x_wconf 91' lang='lat' dir='ltr'>per</span> <span class='ocrx_word' id='word_1_592' title='bbox 2229 2766 2358 2804; x_wconf 89' lang='lat' dir='ltr'>homi-</span> 
     </span>
     <span class='ocr_line' id='line_1_92' title="bbox 1318 2830 2357 2879; baseline -0.003 -11"><span class='ocrx_word' id='word_1_593' title='bbox 1318 2843 1408 2869; x_wconf 88' lang='lat' dir='ltr'>nem</span> <span class='ocrx_word' id='word_1_594' title='bbox 1436 2841 1607 2878; x_wconf 88' lang='lat' dir='ltr'>novum,</span> <span class='ocrx_word' id='word_1_595' title='bbox 1639 2834 1828 2879; x_wconf 85' lang='lat' dir='ltr'>tanquam</span> <span class='ocrx_word' id='word_1_596' title='bbox 1851 2841 1921 2879; x_wconf 89' lang='lat' dir='ltr'>per</span> <span class='ocrx_word' id='word_1_597' title='bbox 1941 2830 2133 2867; x_wconf 87' lang='lat' dir='ltr'>vicarium</span> <span class='ocrx_word' id='word_1_598' title='bbox 2152 2840 2281 2866; x_wconf 89' lang='lat' dir='ltr'>suum.</span> <span class='ocrx_word' id='word_1_599' title='bbox 2305 2830 2357 2866; x_wconf 89' lang='lat' dir='ltr'>De</span> 
     </span>
     <span class='ocr_line' id='line_1_93' title="bbox 1316 2891 2357 2941; baseline -0.003 -10"><span class='ocrx_word' id='word_1_600' title='bbox 1316 2894 1428 2931; x_wconf 90' lang='lat' dir='ltr'>tertio</span> <span class='ocrx_word' id='word_1_601' title='bbox 1448 2894 1623 2941; x_wconf 90' lang='lat' dir='ltr'>psallitur</span> <span class='ocrx_word' id='word_1_602' title='bbox 1642 2893 1683 2930; x_wconf 91' lang='lat' dir='ltr'>in</span> <span class='ocrx_word' id='word_1_603' title='bbox 1703 2892 1888 2931; x_wconf 80' lang='lat' dir='ltr'>Psalterio</span> <span class='ocrx_word' id='word_1_604' title='bbox 1916 2893 1944 2916; x_wconf 79' lang='lat'>¹³</span> <span class='ocrx_word' id='word_1_605' title='bbox 1966 2904 1975 2930; x_wconf 70' lang='grc' dir='ltr'><strong><em>ε</em></strong></span> <span class='ocrx_word' id='word_1_606' title='bbox 2001 2905 2021 2928; x_wconf 86' lang='lat'>«</span> <span class='ocrx_word' id='word_1_607' title='bbox 2040 2892 2077 2930; x_wconf 91' lang='lat' dir='ltr'>Si</span> <span class='ocrx_word' id='word_1_608' title='bbox 2097 2891 2357 2929; x_wconf 84' lang='lat' dir='ltr'>ambulavero</span> 
     </span>
     <span class='ocr_line' id='line_1_94' title="bbox 1317 2954 2355 3002; baseline -0.002 -9"><span class='ocrx_word' id='word_1_609' title='bbox 1317 2957 1357 2994; x_wconf 89' lang='lat' dir='ltr'>in</span> <span class='ocrx_word' id='word_1_610' title='bbox 1378 2957 1511 2993; x_wconf 82' lang='lat' dir='ltr'>medio</span> <span class='ocrx_word' id='word_1_611' title='bbox 1536 2955 1820 3002; x_wconf 86' lang='lat' dir='ltr'>tribulationis,</span> <span class='ocrx_word' id='word_1_612' title='bbox 1848 2954 2070 2993; x_wconf 88' lang='lat' dir='ltr'>vivificabis</span> <span class='ocrx_word' id='word_1_613' title='bbox 2094 2965 2157 2992; x_wconf 87' lang='lat' dir='ltr'>me</span> <span class='ocrx_word' id='word_1_614' title='bbox 2180 2966 2188 2991; x_wconf 77' lang='grc' dir='ltr'>ε</span> <span class='ocrx_word' id='word_1_615' title='bbox 2217 2968 2234 2990; x_wconf 87' lang='lat'>&gt;›</span> <span class='ocrx_word' id='word_1_616' title='bbox 2266 2964 2355 2991; x_wconf 88' lang='lat' dir='ltr'>ecce</span> 
     </span>
     <span class='ocr_line' id='line_1_95' title="bbox 1316 3017 2353 3065; baseline -0.005 -8"><span class='ocrx_word' id='word_1_617' title='bbox 1316 3018 1580 3057; x_wconf 73' lang='lat' dir='ltr'>satisfactoriae</span> <span class='ocrx_word' id='word_1_618' title='bbox 1600 3018 1864 3056; x_wconf 89' lang='lat' dir='ltr'>tribulationis</span> <span class='ocrx_word' id='word_1_619' title='bbox 1883 3017 2085 3064; x_wconf 90' lang='lat' dir='ltr'>medium,</span> <span class='ocrx_word' id='word_1_620' title='bbox 2104 3017 2146 3054; x_wconf 91' lang='lat' dir='ltr'>in</span> <span class='ocrx_word' id='word_1_621' title='bbox 2167 3027 2247 3065; x_wconf 88' lang='lat' dir='ltr'>quo</span> <span class='ocrx_word' id='word_1_622' title='bbox 2269 3027 2353 3053; x_wconf 86' lang='lat' dir='ltr'>am-</span> 
     </span>
     <span class='ocr_line' id='line_1_96' title="bbox 1316 3078 2352 3129; baseline -0.003 -11"><span class='ocrx_word' id='word_1_623' title='bbox 1316 3082 1449 3127; x_wconf 81' lang='lat' dir='ltr'>bulat,</span> <span class='ocrx_word' id='word_1_624' title='bbox 1471 3081 1538 3129; x_wconf 85' lang='lat' dir='ltr'>qui</span> <span class='ocrx_word' id='word_1_625' title='bbox 1560 3081 1769 3128; x_wconf 78' lang='lat' dir='ltr'>condignae</span> <span class='ocrx_word' id='word_1_626' title='bbox 1794 3079 2034 3129; x_wconf 81' lang='lat' dir='ltr'>poenitentiae</span> <span class='ocrx_word' id='word_1_627' title='bbox 2060 3089 2217 3116; x_wconf 90' lang='lat' dir='ltr'>crucem</span> <span class='ocrx_word' id='word_1_628' title='bbox 2236 3078 2352 3126; x_wconf 86' lang='lat' dir='ltr'>baju-</span> 
     </span>
     <span class='ocr_line' id='line_1_97' title="bbox 1316 3141 2237 3192; baseline -0.003 -12"><span class='ocrx_word' id='word_1_629' title='bbox 1316 3143 1392 3191; x_wconf 87' lang='lat' dir='ltr'>lat,</span> <span class='ocrx_word' id='word_1_630' title='bbox 1413 3155 1533 3192; x_wconf 84' lang='lat' dir='ltr'>quem</span> <span class='ocrx_word' id='word_1_631' title='bbox 1550 3143 1740 3181; x_wconf 88' lang='lat' dir='ltr'>Dominus</span> <span class='ocrx_word' id='word_1_632' title='bbox 1756 3143 1980 3189; x_wconf 89' lang='lat' dir='ltr'>mortificat,</span> <span class='ocrx_word' id='word_1_633' title='bbox 2000 3143 2038 3180; x_wconf 87' lang='lat' dir='ltr'>et</span> <span class='ocrx_word' id='word_1_634' title='bbox 2057 3141 2237 3179; x_wconf 88' lang='lat' dir='ltr'>vivificat.</span> 
     </span>
    </p>
   </div>
   <div class='ocr_carea' id='block_1_14' title="bbox 1364 3249 2351 3376">
    <p class='ocr_par' dir='ltr' id='par_1_16' title="bbox 1364 3249 2351 3376">
     <span class='ocr_line' id='line_1_98' title="bbox 1749 3249 1923 3291; baseline 0 -9"><span class='ocrx_word' id='word_1_635' title='bbox 1749 3249 1923 3291; x_wconf 86' lang='lat' dir='ltr'>Epilogus.</span> 
     </span>
     <span class='ocr_line' id='line_1_99' title="bbox 1364 3327 2351 3376; baseline -0.002 -9"><span class='ocrx_word' id='word_1_636' title='bbox 1364 3332 1407 3367; x_wconf 90' lang='lat' dir='ltr'>Et</span> <span class='ocrx_word' id='word_1_637' title='bbox 1431 3330 1507 3368; x_wconf 90' lang='lat' dir='ltr'>hoc</span> <span class='ocrx_word' id='word_1_638' title='bbox 1533 3331 1606 3376; x_wconf 90' lang='lat' dir='ltr'>est,</span> <span class='ocrx_word' id='word_1_639' title='bbox 1635 3328 1746 3376; x_wconf 84' lang='lat' dir='ltr'>quod</span> <span class='ocrx_word' id='word_1_640' title='bbox 1773 3327 1953 3376; x_wconf 85' lang='lat' dir='ltr'>psallitur</span> <span class='ocrx_word' id='word_1_641' title='bbox 1983 3337 2054 3375; x_wconf 90' lang='lat' dir='ltr'>per</span> <span class='ocrx_word' id='word_1_642' title='bbox 2084 3327 2351 3376; x_wconf 78' lang='lat' dir='ltr'>prophetam:</span> 
     </span>
    </p>
   </div>
   <div class='ocr_carea' id='block_1_15' title="bbox 1316 3425 2355 3566">
    <p class='ocr_par' dir='ltr' id='par_1_17' title="bbox 1316 3425 2355 3566">
     <span class='ocr_line' id='line_1_100' title="bbox 1316 3425 2352 3470; baseline -0.004 -8"><span class='ocrx_word' id='word_1_643' title='bbox 1316 3430 1329 3452; x_wconf 87' lang='lat'>⁷</span> <span class='ocrx_word' id='word_1_644' title='bbox 1353 3429 1468 3469; x_wconf 67' lang='lat' dir='ltr'>Eccli,</span> <span class='ocrx_word' id='word_1_645' title='bbox 1491 3437 1594 3470; x_wconf 75' lang='lat' dir='ltr'>xxix,</span> <span class='ocrx_word' id='word_1_646' title='bbox 1615 3430 1667 3460; x_wconf 81' lang='lat'>20.</span> <span class='ocrx_word' id='word_1_647' title='bbox 1685 3445 1725 3453; x_wconf 92' lang='lat'>—</span> <span class='ocrx_word' id='word_1_648' title='bbox 1748 3427 1762 3449; x_wconf 70' lang='grc' dir='ltr'><strong>Β</strong></span> <span class='ocrx_word' id='word_1_649' title='bbox 1784 3426 1876 3459; x_wconf 81' lang='lat' dir='ltr'>Psal.</span> <span class='ocrx_word' id='word_1_650' title='bbox 1902 3427 1985 3466; x_wconf 89' lang='lat' dir='ltr'>hoe,</span> <span class='ocrx_word' id='word_1_651' title='bbox 2009 3428 2061 3459; x_wconf 83' lang='lat'>62.</span> <span class='ocrx_word' id='word_1_652' title='bbox 2084 3444 2121 3450; x_wconf 94' lang='lat'><strong>—</strong></span> <span class='ocrx_word' id='word_1_653' title='bbox 2142 3427 2154 3445; x_wconf 77' lang='lat'><strong>⁹</strong></span> <span class='ocrx_word' id='word_1_654' title='bbox 2176 3425 2272 3467; x_wconf 65' lang='lat' dir='ltr'>thid„</span> <span class='ocrx_word' id='word_1_655' title='bbox 2299 3427 2352 3459; x_wconf 75' lang='lat'>56.</span> 
     </span>
     <span class='ocr_line' id='line_1_101' title="bbox 1317 3474 2355 3516; baseline -0.001 -8"><span class='ocrx_word' id='word_1_656' title='bbox 1317 3495 1358 3502; x_wconf 87' lang='grc'>-</span> <span class='ocrx_word' id='word_1_657' title='bbox 1383 3478 1408 3500; x_wconf 77' lang='lat'>¹·</span> <span class='ocrx_word' id='word_1_658' title='bbox 1436 3475 1532 3515; x_wconf 75' lang='lat' dir='ltr'>ibid..</span> <span class='ocrx_word' id='word_1_659' title='bbox 1563 3478 1614 3508; x_wconf 76' lang='lat'>27.</span> <span class='ocrx_word' id='word_1_660' title='bbox 1641 3493 1682 3499; x_wconf 89' lang='lat'><em>-</em></span> <span class='ocrx_word' id='word_1_661' title='bbox 1715 3476 1734 3493; x_wconf 80' lang='lat'>¹·</span> <span class='ocrx_word' id='word_1_662' title='bbox 1761 3475 1860 3515; x_wconf 62' lang='lat' dir='ltr'>ibid„</span> <span class='ocrx_word' id='word_1_663' title='bbox 1892 3476 1962 3507; x_wconf 75' lang='lat'>156.</span> <span class='ocrx_word' id='word_1_664' title='bbox 1992 3491 2034 3498; x_wconf 89' lang='lat'>-</span> <span class='ocrx_word' id='word_1_665' title='bbox 2066 3476 2091 3496; x_wconf 75' lang='lat'>¹³</span> <span class='ocrx_word' id='word_1_666' title='bbox 2120 3474 2220 3516; x_wconf 64' lang='lat' dir='ltr'>ibid„</span> <span class='ocrx_word' id='word_1_667' title='bbox 2243 3476 2295 3507; x_wconf 86' lang='lat'>50.</span> <span class='ocrx_word' id='word_1_668' title='bbox 2313 3490 2355 3499; x_wconf 89' lang='lat'>—</span> 
     </span>
     <span class='ocr_line' id='line_1_102' title="bbox 1321 3521 2245 3566; baseline -0.002 -9"><span class='ocrx_word' id='word_1_669' title='bbox 1321 3526 1346 3548; x_wconf 71' lang='lat'>¹³</span> <span class='ocrx_word' id='word_1_670' title='bbox 1364 3524 1454 3557; x_wconf 79' lang='grc' dir='ltr'><em>ΡειιΙ.</em></span> <span class='ocrx_word' id='word_1_671' title='bbox 1479 3532 1633 3563; x_wconf 56' lang='lat' dir='ltr'>mxxxvii,</span> <span class='ocrx_word' id='word_1_672' title='bbox 1656 3524 1687 3555; x_wconf 77' lang='lat'>7.</span> <span class='ocrx_word' id='word_1_673' title='bbox 1701 3540 1742 3547; x_wconf 86' lang='lat'>--</span> <span class='ocrx_word' id='word_1_674' title='bbox 1763 3523 1807 3564; x_wconf 84' lang='grc' dir='ltr'>(α)</span> <span class='ocrx_word' id='word_1_675' title='bbox 1830 3522 1904 3564; x_wconf 75' lang='lat' dir='ltr'>Leq.</span> <span class='ocrx_word' id='word_1_676' title='bbox 1924 3521 2245 3566; x_wconf 82' lang='lat' dir='ltr'>contemplantibus.</span> 
     </span>
    </p>
   </div>
   <div class='ocr_carea' id='block_1_16' title="bbox 2395 2027 2525 2056">
    <p class='ocr_par' dir='ltr' id='par_1_18' title="bbox 2395 2027 2525 2056">
     <span class='ocr_line' id='line_1_103' title="bbox 2395 2027 2525 2056; baseline -0.008 -1"><span class='ocrx_word' id='word_1_677' title='bbox 2395 2027 2525 2056; x_wconf 78' lang='lat' dir='ltr'>Perfecta</span> 
     </span>
    </p>
   </div>
  </div>
 </body>
</html>
