2633 3878
1032 282 1274 326 PSALMUS
1303 284 1475 327 CXVlll.

189 390 301 426 nem,
323 377 493 416 dicendo
514 389 523 414 :
551 378 710 414 Domine.
730 375 823 420 Quis
843 373 949 411 enim
973 383 1056 410 non
1080 375 1225 421 paveat

188 442 302 479 illum
331 440 560 484 Dominum,
583 438 693 484 cujus
713 439 769 474 est
796 435 992 481 indicare,
1020 435 1219 482 judicare,

188 504 416 541 vindicare?
441 504 524 549 lpse
555 500 660 537 enim
681 500 717 536 et
741 498 888 535 indicat
908 497 1164 543 abscondita,
1187 499 1224 533 et

184 566 336 614 judicat
354 564 511 608 merita,
533 565 570 599 et
588 561 762 598 vindicat
781 561 927 598 illicita.
952 562 1001 597 De
1027 559 1156 606 primo
1179 561 1187 582 ¹
1213 571 1221 595 :

191 642 209 664 «
229 629 265 666 Si
286 627 497 664 descendet
525 624 635 670 Saul,
656 624 753 661 sicut
782 623 934 660 audivit
950 633 1086 659 servus
1113 625 1221 668 tuus,

187 691 349 728 Domine
381 691 479 726 Deus
502 687 637 734 lsrael,
659 687 793 724 indica
819 697 932 723 servo
959 688 1053 723 tuo:
1086 699 1104 720 »
1135 695 1223 722 ecce

187 755 373 792 Dominus
404 752 596 789 indicans.
633 751 693 788 Sic
724 751 936 796 indicabit,
974 761 1064 786 cum
1095 752 1224 786 reatus

186 816 460 860 absconditos,
478 818 514 852 et
541 814 736 851 cruciatus
757 813 910 850 debitos
934 811 1148 861 hypocritis
1164 812 1224 858 ju·
1251 848 1264 862 ,

187 880 290 916 dicio
322 889 394 915 suo
424 878 538 925 justis
569 879 610 914 in
639 877 791 924 judicio
819 887 886 913 suo
922 876 1147 924 explicabit.
1174 878 1223 912 De

186 942 360 980 secundo
379 942 393 963 2
419 953 427 978 :
450 956 467 974 «
497 941 568 985 Qui
592 939 744 987 judicat
768 950 851 984 me,
883 939 1070 975 Dominus
1100 941 1179 975 est:
1203 951 1221 972 »

185 1015 274 1042 ecce
295 1004 483 1041 Dominus
500 1003 698 1050 judicans.
719 1002 778 1039 Sic
803 1001 1018 1049 judicabit,
1038 1012 1128 1037 cum
1144 1001 1225 1047 jus-

185 1070 315 1105 torum
335 1077 524 1114 personas
544 1067 646 1102 bene
667 1064 825 1102 meritas
840 1093 849 1109 ‚
871 1066 908 1100 et
927 1074 1093 1100 coronas
1112 1074 1225 1110 repo-

184 1131 276 1168 sitas
307 1129 541 1178 publicabit.
561 1131 612 1165 De
634 1128 746 1165 tertio
764 1129 801 1164 ³:
828 1141 844 1162 «
870 1129 933 1164 Vae
964 1128 1067 1173 genti
1099 1126 1226 1162 insur-

186 1193 291 1240 genti
315 1204 432 1240 super
451 1203 575 1239 genus
600 1203 761 1228 meum:
794 1191 982 1228 Dominus
1009 1190 1113 1227 enim
1136 1200 1223 1226 om·-

184 1257 366 1304 nipotens
384 1255 603 1292 vindicabit
622 1254 662 1290 in
681 1254 735 1291 eis
755 1267 762 1290 :
785 1268 803 1289 n
826 1265 914 1290 ecce
935 1253 1124 1290 Dominus
1142 1252 1226 1288 vin-

186 1319 334 1356 dicans.
358 1318 419 1356 Sic
443 1316 682 1362 vindicabit,
709 1327 798 1353 cum
828 1315 1024 1353 indebitas
1051 1314 1225 1352 actiones

186 1382 328 1419 debitis
346 1380 598 1430 passionibus
618 1379 848 1428 applicabit.

517 1486 703 1522 Articulus
729 1487 894 1531 quartus.

234 1574 277 1608 Ut
295 1570 487 1615 cavenda,
507 1570 665 1606 notatur
691 1579 763 1616 per
781 1567 880 1614 legis
901 1566 1224 1612 custoditionem,

187 1633 356 1670 dicendo
371 1643 379 1668 :
395 1631 443 1668 Et
452 1631 633 1667 custodivi
644 1632 753 1676 legem
768 1633 881 1666 tuam.
899 1629 1050 1677 Optime
1064 1640 1226 1677 poenam

185 1696 299 1742 cavit,
322 1694 390 1743 qui
409 1695 540 1740 legem
565 1692 746 1729 servavit.
769 1694 853 1729 Non
879 1693 936 1728 est
961 1692 1103 1729 melior
1121 1703 1226 1729 sem-

184 1758 346 1806 piternae
364 1756 500 1793 mortis
519 1755 686 1801 cautela,
705 1765 829 1802 quam
849 1764 1029 1802 supernae
1048 1754 1146 1801 legis
1167 1764 1225 1791 se-

187 1820 317 1868 quela.
356 1819 422 1856 Hie
448 1820 587 1855 notare
613 1827 848 1865 possumUS,
883 1817 994 1864 quod
1021 1817 1146 1854 tribus
1175 1817 1224 1854 de

188 1882 314 1919 causis
341 1881 471 1928 legem
491 1879 687 1917 custodire
716 1879 907 1916 debemus
925 1891 934 1916 :
955 1879 1160 1925 videlicet,
1183 1881 1226 1916 ut

187 1955 397 1982 caveamus
417 1945 586 1980 mortem
606 1942 795 1990 primam3
820 1944 864 1978 ut
882 1953 1092 1979 caveamus
1117 1952 1224 1979 mor-

189 2010 266 2045 tem
290 2006 529 2051 secundam3
555 2007 597 2041 ut
623 2004 872 2042 obtineamus
893 2004 1014 2041 vitam
1039 2004 1224 2041 beatam:

188 2080 361 2119 quorum
384 2068 559 2117 primum
586 2067 755 2115 pertinet
779 2067 831 2104 ad
855 2066 1047 2113 flagitium
1056 2079 1066 2112 3
1089 2077 1225 2103 secun-

186 2133 296 2177 dum,
326 2131 378 2168 ad
408 2130 671 2179 supplicium3
706 2129 885 2175 tertium,
917 2128 970 2165 ad
1000 2128 1222 2175 praemium.

185 2198 236 2233 De
252 2196 382 2244 primo
399 2196 431 2231 '·:
457 2207 476 2228 «
495 2194 626 2230 Exitus
640 2203 837 2241 aquarum
856 2191 1106 2229 deduxerunt
1120 2192 1225 2229 oculi

183 2258 282 2304 mei,
307 2257 401 2305 quia
425 2267 507 2293 non
531 2255 802 2292 custodierunt
823 2255 954 2301 legem
976 2256 1097 2291 tuam.
1123 2268 1140 2288 »
1165 2255 1226 2291 At-

184 2320 300 2358 tende
335 2319 603 2366 lacrymarum
637 2317 891 2354 emissionem
926 2319 1088 2365 propter
1124 2316 1225 2364 legis

186 2382 455 2426 omissionem,
477 2392 566 2428 quae
584 2380 753 2428 pertinet
770 2380 822 2417 ad
841 2381 1011 2416 mortem
1031 2379 1222 2426 primam,

185 2445 267 2481 sive
292 2443 500 2481 mortalem
536 2443 709 2490 culpam.
738 2444 789 2478 De
823 2441 999 2478 secundo
1019 2442 1058 2477 ⁵:
1082 2454 1100 2475 α
1127 2443 1224 2478 Cum

186 2507 318 2544 essetis
355 2506 521 2542 ministri
556 2505 669 2552 regni
701 2503 828 2550 illius,
863 2514 945 2541 non
981 2505 1083 2540 recte
1110 2503 1225 2550 judi-

186 2569 320 2614 castis,
342 2583 359 2601 »
395 2568 556 2616 supple,
597 2567 791 2615 quantum
834 2565 886 2602 ad
921 2565 1221 2612 diffinitionem3

188 2644 206 2665 «
237 2641 367 2679 neque
399 2629 621 2667 custodistis
656 2629 788 2676 legem
803 2628 984 2675 justitiae,
1024 2641 1042 2661 »
1076 2627 1225 2665 scilicet

186 2695 378 2741 quantum
398 2693 449 2729 ad
475 2692 744 2729 executionem
763 2704 773 2738 3
809 2703 826 2725 «
852 2701 982 2738 neque
1002 2689 1224 2726 secundum

185 2755 429 2805 voluntatem
450 2754 602 2791 Domini
625 2753 870 2797 ambulastis,
888 2767 906 2787 »
931 2752 1077 2789 scilicet
1097 2762 1223 2800 quan-

186 2821 268 2855 tum
297 2817 347 2854 ad
367 2817 637 2853 intentionem.
661 2816 725 2853 Hic
746 2818 977 2862 arguuntur,
1003 2815 1070 2863 qui
1090 2815 1222 2862 legem

186 2880 416 2926 omiserunt,
438 2882 599 2927 propter
616 2889 796 2926 poenam,
824 2889 945 2926 quam
970 2881 1220 2925 meruerunt3

186 2953 274 2991 quoe
284 2943 451 2990 pertinet
467 2941 518 2977 ad
533 2944 701 2977 mortem
715 2940 946 2985 secundam,
961 2940 1041 2977 sive
1061 2951 1222 2988 poenam

185 3007 385 3041 aeternam.
412 3002 520 3039 Unde
541 3002 716 3050 sequitur
734 3003 770 3038 ⁶:
795 3015 812 3036 «
831 3004 1004 3038 Potentes
1025 3002 1129 3038 enim
1146 3013 1221 3050 po-

187 3069 308 3103 tenter
325 3067 521 3102 tormenta
540 3065 747 3112 patientur.
770 3079 786 3099 »
813 3068 863 3101 De
889 3064 1002 3101 tertio
1023 3066 1036 3086 ⁷
1056 3076 1064 3100 :
1095 3078 1112 3099 «
1131 3067 1222 3102 Cus-

189 3127 308 3164 todite
339 3127 447 3174 leges
471 3138 599 3172 meaS,
626 3130 743 3174 atque
768 3126 937 3173 judicia,
959 3136 1049 3173 quae
1075 3126 1222 3164 faciens

186 3194 308 3230 homo
340 3192 446 3228 vivet
472 3191 514 3227 in
547 3191 624 3227 eis:
657 3204 675 3225 n
701 3191 764 3227 hic
796 3191 1008 3227 mandatur
1043 3192 1222 3230 custodia

186 3255 320 3302 legum
356 3253 569 3291 moralium
609 3255 770 3301 propter
810 3255 961 3289 oeternae
995 3252 1084 3290 vitae
1121 3265 1220 3302 prae-

186 3317 325 3355 mium.

619 3363 788 3405 Epilogus.

239 3443 280 3477 Et
305 3441 381 3477 hoc
410 3444 485 3487 est,
511 3441 621 3489 quod
650 3452 720 3489 per
746 3440 990 3478 psalmistam
1011 3442 1188 3478 cantatur
1210 3452 1218 3478 :

234 3524 243 3545 ¹
266 3524 275 3555 1
302 3524 393 3565 Κεφ,
417 3533 529 3564 xxm,
550 3528 600 3557 Η.
623 3542 662 3548 -
687 3525 700 3546 ²
721 3525 729 3556 1
754 3525 843 3563 Cor„
866 3532 914 3563 ιν,
943 3527 971 3556 4.
993 3541 1032 3547 -
1054 3525 1064 3541 ²
1089 3525 1219 3565 ludim,

192 3579 268 3612 xvi,
289 3573 339 3603 20.
361 3588 401 3594 —
429 3573 440 3591 ⁴
461 3572 552 3605 Psal.
577 3573 663 3613 hoc,
696 3573 764 3604 136.
789 3590 829 3595 -
857 3573 867 3591 ⁵
887 3572 980 3613 Sap„
1005 3580 1056 3613 vi,
1089 3574 1154 3604 5—6.
1182 3589 1218 3596 --

2253 294 2325 332 391

1298 375 1433 411 Memor
1457 376 1518 419 fui
1537 379 1660 420 nocte,
1691 378 1883 423 quantum
1916 378 1967 415 ad
1987 389 2146 426 poenam
2169 380 2329 417 studen-

1299 435 1412 482 dam,
1435 438 1477 473 ut
1496 439 1770 484 percurratur,
1793 440 1958 476 Nominis
1974 444 2029 476 tui
2041 469 2051 487 ,
2071 445 2263 489 quantum
2279 443 2330 480 ad

1298 508 1459 545 poenam
1493 499 1758 546 stupendam,
1790 502 1833 535 ut
1868 505 2119 549 occurratur3
2157 507 2327 552 Domine,

1299 563 1491 607 quantum
1509 561 1559 598 ad
1578 572 1739 610 poenam
1756 564 1980 609 pavendam
1993 592 2004 609 ,
2018 567 2060 601 ut
2078 570 2305 603 succuratur
2316 580 2327 613 ,-

1298 628 1342 662 Ec
1380 627 1558 663 custodivi
1587 628 1696 673 quem
1723 631 1849 672 tuam,
1877 631 2069 676 quantum
2092 631 2143 667 ad
2169 642 2329 679 poenam

1299 689 1542 735 cavendam,
1564 700 1612 726 ne
1631 690 1863 727 incurratur.

1649 806 1876 834 VERSICULUS
1902 807 1982 834 vm.

1347 881 1405 915 56.
1419 879 1502 915 IIoec
1511 881 1612 924 facta
1625 883 1676 916 est
1687 882 1790 925 mihi,
1806 884 1876 918 etc.
1887 884 2075 926 Quartum
2086 885 2214 920 actum
2227 894 2332 921 com—

1298 941 1514 989 patientiae,
1526 941 1707 979 videlicet
1720 944 2039 991 procurationem
2060 945 2236 982 fratcrnae
2254 958 2334 995 poe-

1299 1004 1493 1047 nitentiae,
1516 1004 1707 1041 dilucidat
1727 1016 1863 1042 versus
1890 1007 1981 1052 istc,
2009 1008 2050 1043 in
2077 1018 2156 1055 quo
2178 1011 2335 1046 notatur

1300 1066 1517 1103 consolatio
1543 1067 1706 1114 praefata
1722 1096 1732 1112 ,
1761 1067 1948 1104 divinitus
1976 1069 2167 1107 destinata
2187 1099 2198 1117 ,
2226 1082 2333 1108 com-

1299 1128 1461 1176 patienti
1495 1128 1639 1165 collata
1659 1158 1671 1173 ,
1710 1140 1783 1177 pro
1821 1130 2049 1177 poenitentia
2078 1136 2288 1180 procurata
2324 1147 2332 1170 :

1300 1201 1390 1228 ecce
1411 1192 1424 1214 ⁸
1454 1204 1471 1226 «
1493 1191 1629 1228 datum
1660 1192 1878 1240 optimum,
1905 1193 2151 1231 descendens
2177 1207 2200 1232 a
2226 1198 2335 1234 Patre

1299 1253 1518 1300 luminum,
1533 1267 1551 1289 »
1576 1254 1627 1291 ad
1649 1256 1922 1302 compatientis
1943 1257 2120 1294 animum
2135 1286 2147 1304 ,
2175 1261 2337 1306 propter

1301 1327 1537 1353 conversum
1556 1327 1799 1365 pronatum,

1635 1422 1822 1459 Articulus
1846 1425 1999 1470 primus.

1348 1506 1666 1544 consolationem
1691 1508 1894 1555 praefatam
1920 1508 2114 1555 Propheta
2148 1509 2335 1546 demons—

1299 1569 1433 1615 travit,
1454 1580 1545 1605 cum
1566 1569 1639 1606 ait:
1661 1571 1760 1614 Haec,
1782 1569 1928 1606 scilicet
1947 1581 2036 1618 spes
2057 1571 2333 1618 consolatoria,

1301 1631 1350 1668 de
1371 1642 1452 1679 qua
1473 1642 1591 1679 supra
1611 1631 1799 1679 scriptum
1816 1634 1892 1668 est:
1907 1633 1991 1668 Hoec
2005 1643 2058 1669 me
2073 1635 2253 1670 consolata
2268 1638 2333 1672 esc.

1300 1696 1342 1731 Et
1355 1695 1463 1737 nota,
1492 1693 1604 1740 quod
1631 1704 1720 1740 spes
1748 1693 1891 1730 dicitur
1912 1694 2176 1731 consolatoria
2195 1696 2334 1743 praeci-

1300 1767 1377 1805 pue
1402 1757 1565 1804 propter
1600 1755 1674 1792 tria
1708 1768 1716 1792 ε
1749 1756 1843 1803 quia
1877 1756 2073 1794 servitutis
2098 1758 2308 1795 mutatoria
2323 1773 2334 1806 3

1301 1818 1395 1867 quia
1414 1818 1565 1855 virtutis
1579 1818 1832 1866 probatoria3
1850 1819 1945 1866 quia
1962 1820 2098 1856 salutis
2114 1821 2336 1868 praelibato-

1298 1881 1358 1918 ria
1379 1893 1388 1918 ε
1411 1892 1584 1929 quorum
1610 1880 1783 1929 primum
1816 1881 1985 1929 pertinet
2008 1882 2059 1919 ad
2085 1882 2309 1931 insipientes
2323 1897 2334 1930 ;

1300 1943 1542 1989 secundum,
1564 1943 1615 1980 ad
1634 1943 1903 1991 proficientes;
1926 1945 2081 1981 tertium
2099 1973 2110 1991 ,
2129 1945 2181 1982 ad
2199 1956 2336 1994 pervc-

1299 2006 1463 2043 nientes.
1488 2007 1538 2042 De
1557 2005 1686 2053 primo
1701 2006 1715 2028 ⁹
1737 2017 1745 2042 ε
1767 2017 1785 2039 «
1802 2008 1911 2042 Nunc
1928 2006 2052 2054 coepi,
2073 2007 2155 2044 haec
2173 2008 2335 2045 mutatio

1301 2068 1468 2105 dexterae
1487 2068 1633 2104 Excelsi
1653 2080 1661 2104 :
1682 2082 1698 2101 »
1715 2079 1793 2104 vox
1813 2070 1868 2104 est
1888 2068 2109 2116 incipientis
2124 2098 2136 2114 ,
2157 2080 2196 2106 se
2217 2081 2240 2106 a
2259 2081 2336 2106 ser-

1298 2131 1419 2167 vitute
1437 2130 1636 2167 diabolica
1650 2130 1701 2166 ad
1715 2130 1939 2167 servitutem
1956 2131 2198 2168 dominicam
2212 2134 2335 2168 trans-

1299 2192 1442 2230 mutari
1461 2192 1665 2240 sperantis.
1687 2194 1737 2228 De
1757 2192 1932 2229 secundo
1952 2192 1980 2215 ¹⁰
2004 2205 2012 2228 ε
2030 2206 2047 2226 «
2069 2195 2151 2230 Haec
2172 2194 2219 2229 sit
2238 2194 2334 2230 mihi

1300 2254 1532 2300 consolatio,
1549 2256 1592 2290 ut
1606 2254 1785 2300 affligens
1799 2265 1862 2291 me
1873 2254 2025 2301 dolore,
2041 2266 2121 2291 non
2141 2266 2280 2303 parcas
2293 2268 2301 2292 z
2312 2269 2330 2290 »

1298 2328 1377 2355 vox
1408 2319 1464 2354 est
1494 2316 1755 2364 proficientis,
1786 2316 1949 2364 probari
1982 2320 2018 2354 et
2044 2318 2258 2365 approbari
2294 2318 2334 2354 in

1298 2379 1561 2417 tribulationis
1573 2379 1805 2416 conflatorio
1826 2379 2074 2416 confidentis.
2088 2380 2261 2417 Detertio
2279 2380 2302 2403 ¹¹
2322 2393 2331 2417 :

1302 2456 1320 2477 (ι
1339 2441 1469 2479 Gloria
1497 2442 1580 2478 haec
1599 2444 1656 2478 est
1684 2442 1870 2478 omnibus
1896 2443 2039 2479 sanctis
2065 2444 2148 2489 ejus
2171 2455 2179 2479 :
2199 2457 2215 2477 »
2240 2444 2334 2491 quia

1300 2505 1427 2551 gloria
1447 2506 1672 2540 sanctorum
1692 2503 1731 2539 in
1756 2504 1840 2548 via,
1857 2506 1913 2540 est
1929 2505 2166 2552 praestolatio
2185 2507 2221 2542 et
2237 2517 2334 2553 prae-

1298 2566 1434 2603 libatio
1455 2566 1678 2603 futurorum
1699 2565 1901 2602 bonorum
1921 2566 1960 2602 in
1981 2566 2121 2613 patria.

1615 2671 1800 2706 Articulus
1826 2671 2013 2707 secundus.

1345 2753 1631 2792 Consolationis
1651 2753 1952 2791 destinationem
1972 2755 2218 2802 designavit,
2240 2768 2331 2793 curn

1297 2817 1396 2854 dixit
1416 2829 1425 2853 z
1447 2818 1560 2853 Facta
1579 2820 1645 2852 est.
1674 2819 1699 2852 Α
1722 2827 1802 2864 quo
1822 2815 1923 2853 facta
1953 2819 2040 2854 est?
2066 2819 2122 2855 Ab
2142 2829 2189 2855 eo
2210 2819 2329 2867 plane

1295 2880 1398 2917 facta
1422 2882 1506 2924 est,
1530 2892 1548 2913 α
1565 2879 1647 2915 sine
1668 2889 1750 2926 quo
1772 2880 1800 2901 ¹²
1819 2879 1918 2915 nihil
1938 2879 2084 2916 factum
2111 2884 2178 2917 cst.
2196 2895 2213 2915 »
2245 2883 2328 2918 Haec

1295 2943 1411 2979 factio
1439 2941 1580 2978 dicitur
1607 2941 1827 2978 destinatio.
1858 2941 1933 2978 Sed
1962 2944 2077 2988 nota,
2109 2944 2219 2990 quod
2246 2944 2328 2981 hoec

1297 3004 1513 3043 consolatio
1542 3003 1743 3051 tripliciter
1768 3004 1870 3040 facta
1900 3005 2091 3051 reperitur
2119 3016 2143 3042 a
2165 3007 2240 3042 Deo
2267 3017 2326 3042 sc-

1296 3068 1472 3105 cundum
1503 3066 1695 3114 triplicem
1725 3066 2045 3114 apparitione1n3
2077 3068 2327 3113 sensibilem,

1296 3129 1605 3176 intelligibilem,
1627 3131 1664 3165 et
1692 3128 1992 3174 imaginabilem
2014 3140 2022 3164 :
2044 3129 2171 3175 prima
2193 3129 2236 3164 fit
2258 3140 2329 3176 per

1294 3203 1434 3229 vocem
1455 3190 1727 3239 corporalem3
1751 3190 1946 3235 secunda,
1976 3201 2046 3237 per
2069 3190 2324 3227 illuminatio-

1294 3265 1386 3292 nem
1402 3253 1645 3301 spiritualcm
1656 3265 1666 3299 3
1690 3251 1821 3298 tertia,
1838 3263 1909 3300 per
1925 3251 2138 3297 imaginem
2158 3252 2327 3289 somnia-

1293 3318 1386 3355 lem.
1419 3315 1609 3361 Quocirca
1636 3314 1765 3362 prima
1790 3313 1932 3350 dicitur
1952 3313 2055 3349 facta
2080 3313 2192 3360 quasi
2221 3324 2324 3360 vox,-

1293 3378 1469 3417 secunda
1495 3377 1608 3425 quasi
1634 3376 1726 3422 lux,
1758 3375 1872 3412 tertia
1903 3375 2015 3422 quasi
2036 3385 2130 3411 nox.
2162 3377 2213 3412 De
2248 3376 2328 3424 pri-

1295 3479 1308 3500 ⁸
1339 3477 1433 3516 lbid.‚
1459 3478 1489 3507 7.
1515 3492 1555 3498 —
1581 3475 1590 3493 ⁷
1618 3474 1733 3511 Levil..
1764 3481 1867 3511 xviii,
1893 3476 1923 3505 5.
1946 3491 1987 3496 —
2012 3473 2026 3496 ⁸
2050 3473 2134 3512 λκιο,
2160 3481 2184 3513 1,
2214 3476 2263 3506 17.
2289 3491 2324 3497 —

1295 3528 1306 3544 ⁹
1325 3524 1556 3562 Psal.1,xxvi,
1583 3524 1628 3553 ιι.
1651 3539 1691 3544 -
1709 3521 1733 3541 ¹⁰
1752 3520 1824 3562 Job,
1851 3528 1897 3560 vi,
1922 3523 1971 3553 10.
1992 3538 2033 3544 —-
2055 3520 2187 3553 11Ρεαί.
2208 3529 2324 3563 cxmx,

1295 3575 1324 3606 9,
1349 3589 1384 3595 -
1406 3572 1429 3590 ¹²
1448 3571 1555 3610 domm,
1580 3577 1603 3609 1,
1625 3571 1654 3600 3.
