2633 3878
1146 157 1315 200 CAPUT
1345 159 1430 200 VII.

222 242 315 284 ideo
339 243 438 285 dicit
459 258 468 285 ι
490 244 589 287 Noli
609 254 693 286 esse
711 244 886 287 stultns.
910 252 919 272 ¹
947 260 966 283 α
990 246 1068 293 Qui
1096 248 1253 295 cogitat

223 313 333 354 mala
361 315 518 366 facere,
541 315 694 356 stultus
722 315 956 356 vocabitur.
991 329 1010 353 ›>
1045 316 1251 367 Cogitatio

221 384 360 434 stulti,
389 389 630 438 peccatum3
654 389 695 427 et
713 386 815 439 quia
840 388 1056 438 peceatum
1081 388 1121 425 et
1141 386 1250 425 stul-

220 454 310 494 titia
328 457 559 497 accelerant
576 460 771 508 mortem,
791 457 885 497 ideo
905 456 1102 509 sequitur
1118 456 1223 496 ratio
1239 471 1246 497 :

217 525 278 566 Ne
296 528 500 569 moriaris
519 529 568 570 in
588 531 764 580 tempore
783 538 869 570 non
901 531 990 579 tuo,
1015 527 1057 568 id
1084 529 1167 578 est,
1198 539 1251 567 ne

218 596 475 638 acceleretur
489 611 605 639 mors
633 605 721 650 tua,
746 599 847 651 quia
875 599 1029 639 dicitnr
1045 603 1058 623 ‘-’
1085 612 1093 637 :
1123 597 1251 639 «Viri

216 668 476 719 sanguinum
506 672 547 709 et
574 669 708 710 dolosi
733 681 819 709 non
849 669 1131 710 dimidiabunt
1161 669 1250 709 dies

217 749 329 778 suos.
362 752 382 776 ›)
417 738 468 779 Et
495 751 645 780 rursus
673 740 826 780 dicitur
853 741 866 762 ³
898 754 906 780 z
942 756 960 777 «
991 739 1148 790 Stulte,
1170 740 1250 780 hac

215 811 336 848 nocte
355 809 544 850 animam
570 813 689 850 tuam
709 812 899 863 repetent
918 822 943 850 a
970 813 1022 851 te.
1053 824 1071 847 ))
1093 809 1248 851 Exem-

215 878 334 930 plum
362 879 413 920 de
443 880 608 921 Dathan
641 884 681 922 et
705 881 864 921 Abiron
894 881 934 931 ¹*,
968 881 1042 933 qui
1074 881 1246 922 descen-

214 947 368 989 derunt
385 950 577 992 viventes
596 952 643 992 in
665 952 896 992 infernum.

268 1021 333 1060 19.
361 1021 525 1062 Bonum
557 1025 618 1063 est
645 1024 681 1063 te
705 1025 939 1063 sustentare
958 1021 1141 1073 iustum.
1172 1022 1247 1062 Hic

211 1091 382 1130 notatur
398 1091 572 1136 tertium
592 1091 911 1143 documentum,
935 1093 981 1132 in
996 1105 1080 1145 quo
1103 1096 1247 1134 monet

211 1160 264 1200 ad
277 1161 585 1203 exhibitionem
603 1163 905 1204 misericordiae
923 1177 933 1213 ;
951 1165 989 1203 et
1006 1163 1240 1215 praemittit,

210 1234 251 1271 et
284 1232 509 1285 sthungit
543 1234 767 1274 rationem.
810 1233 1070 1274 Exhortatur
1092 1265 1102 1284 ,
1145 1246 1243 1274 cum

209 1302 308 1343 dicit
327 1317 335 1344 :
353 1302 516 1346 Bonum
530 1309 589 1347 est
608 1308 645 1346 te
659 1307 896 1347 sustentare
909 1303 1092 1356 justam.
1110 1308 1123 1329 ⁵
1150 1320 1169 1343 α
1183 1303 1242 1345 Ne

208 1373 416 1415 insidieris
456 1378 497 1416 et
534 1387 702 1428 quaeras
733 1375 992 1428 impietatem
1032 1376 1076 1415 in
1115 1376 1241 1416 domo

200 1445 330 1497 Justi,
354 1449 393 1486 et
419 1458 473 1487 ne
501 1449 640 1488 vastes
659 1446 850 1498 requiem
880 1447 993 1498 ejus,
1015 1461 1034 1483 »
1066 1446 1168 1499 quia
1189 1447 1202 1467 ⁶
1227 1461 1235 1487 ε

211 1530 229 1553 α
244 1515 338 1556 Non
358 1520 420 1557 est
437 1517 599 1558 bonum
618 1517 824 1558 damnum
845 1517 999 1557 inferre
1015 1519 1146 1570 Justo,
1162 1529 1239 1559 nec

201 1589 422 1638 percutere
456 1589 717 1641 principem,
749 1588 824 1640 qui
860 1590 973 1628 recta
1000 1588 1178 1640 judicat.
1213 1604 1232 1626 »

202 1656 297 1698 Non
310 1658 447 1699 solum
462 1660 479 1711 j
486 1662 606 1700 ustus
625 1661 687 1700 est
706 1659 1010 1699 sustentandus
1032 1659 1075 1699 in
1095 1671 1233 1711 causa,

201 1728 273 1768 sed
297 1729 427 1769 etiam
444 1730 705 1782 porrigenda
724 1729 761 1770 ei
781 1741 936 1770 manus
954 1741 1029 1782 per
1049 1729 1237 1771 eleemo-

201 1811 379 1852 synam3
408 1800 521 1841 unde
547 1800 773 1852 subjungit
804 1802 860 1850 (v.
897 1801 960 1851 10)
985 1815 993 1840 :
1021 1799 1103 1842 Sed
1122 1806 1160 1843 et
1185 1801 1236 1842 ab

200 1869 273 1912 illo
287 1881 338 1912 ne
357 1870 586 1913 subtrahas
604 1882 778 1912 manum
799 1874 931 1913 tuam,
951 1871 1004 1912 Ut
1022 1872 1175 1912 dicitur
1193 1876 1206 1897 ⁷
1224 1885 1234 1913 ε

207 1955 226 1978 «
253 1940 430 1982 Benefac
450 1943 592 1994 justo,
615 1945 655 1982 et
685 1942 880 1984 invenies
910 1942 1235 1984 retributionem

199 2023 427 2063 magnam;
453 2015 495 2053 et
515 2013 551 2052 si
578 2024 664 2053 non
691 2013 742 2053 ab
771 2013 866 2062 illo,
889 2015 999 2053 certe
1028 2025 1053 2052 a
1084 2013 1180 2054 Deo.
1210 2029 1229 2052 »

200 2082 268 2123 Sic
287 2084 506 2136 praemissa
524 2084 831 2133 exhortatione,
858 2084 1081 2137 subjungit
1100 2086 1233 2126 ratio-

198 2166 297 2196 nem
317 2156 549 2208 triplicem:
567 2159 608 2196 et
627 2157 766 2209 prima
779 2159 841 2197 est
855 2156 998 2197 divina
1018 2157 1231 2209 voluntas,

198 2225 252 2266 ob
289 2239 421 2280 quam
453 2228 553 2268 dicit
588 2242 597 2268 :
637 2228 726 2279 an'
760 2228 879 2269 timet
916 2229 1078 2279 Deam,
1121 2228 1236 2271 nihil

197 2296 393 2350 neqlz'qiss
407 2298 458 2339 de
478 2298 561 2338 illis
580 2298 752 2349 scilicet,
769 2311 865 2350 quae
883 2298 993 2339 Deus
1013 2299 1105 2340 vult
1125 2301 1231 2341 fieri.

197 2366 249 2408 Et
268 2370 282 2392 ⁸
303 2380 313 2408 :
341 2383 360 2406 α
389 2367 438 2408 In
458 2370 545 2409 tota
564 2369 708 2408 anima
726 2371 801 2409 tua
821 2369 924 2409 time
943 2368 1101 2420 Deum,
1124 2373 1164 2410 et
1183 2369 1234 2410 dc

197 2437 468 2490 negligentia
508 2450 651 2491 purga
684 2441 726 2479 te
761 2451 861 2479 cum
897 2439 1058 2491 paucis.
1101 2454 1120 2477 ι»
1142 2439 1233 2481 ’Ξε-

197 2509 337 2550 cunda
376 2508 483 2550 ratio
524 2511 586 2551 est
617 2509 719 2562 J‘usti
757 2504 977 2560 dignitas,
1006 2510 1060 2550 ob
1102 2522 1232 2563 quam

196 2579 297 2620 dicit
328 2582 385 2632 (v.
410 2584 474 2634 20)
495 2595 503 2621 :
529 2580 755 2633 Sapientia
774 2581 1033 2631 confortavit
1054 2582 1232 2633 sapien-

198 2653 279 2694 tem
298 2661 425 2704 super
450 2651 592 2694 decem
614 2652 837 2704 principes
855 2652 1065 2701 civitatis,
1084 2654 1125 2693 et
1144 2652 1203 2693 ita
1220 2656 1233 2677 ⁹

204 2737 223 2762 (ι
250 2723 402 2765 melior
427 2726 488 2764 est
517 2723 724 2776 sapientia
741 2755 750 2772 ‚
782 2735 912 2775 quam
938 2723 1050 2764 vires
1063 2754 1076 2774 ,
1105 2726 1146 2763 et
1168 2723 1234 2765 vir

201 2794 389 2845 prudens
423 2793 573 2834 melior
596 2796 681 2845 est,
712 2805 842 2846 quam
870 2793 1002 2834 fortis.
1037 2807 1057 2830 n
1094 2792 1234 2835 Tertia

199 2863 307 2905 ratio
334 2866 395 2904 est
419 2863 612 2904 humana
641 2863 871 2916 fragilitas,
894 2863 948 2904 oh
974 2875 1105 2916 quam
1134 2863 1233 2904 dicit

202 2934 259 2987 (v.
277 2934 341 2987 21)
358 2946 367 2973 ε
384 2934 480 2977 Non
496 2937 557 2977 est
571 2934 690 2976 homo
697 2933 845 2986 justus
858 2935 906 2975 in
920 2939 1053 2984 terra,
1072 2935 1148 2986 qui
1161 2935 1234 2985 sa-

196 3006 285 3048 ciat
304 3005 479 3056 bonum,
509 3008 548 3048 et
565 3015 652 3047 non
667 3008 805 3057 peccet
817 3016 835 3057 ,·
851 3006 891 3045 et
919 3004 1013 3045 ideo
1034 3004 1235 3045 miseren-

197 3077 301 3118 dum
321 3079 383 3118 est
402 3077 613 3130 peccanti,
638 3079 686 3118 ut
719 3076 873 3118 dicitur
895 3076 924 3098 ¹⁰
948 3091 987 3117 z«
1010 3075 1169 3129 Septies
1189 3076 1233 3117 in

197 3147 265 3188 die
278 3147 388 3188 cadit
396 3149 552 3200 justus,
569 3150 610 3188 et
627 3149 825 3198 resurget
843 3159 884 3188 z»
904 3147 989 3188 imo
1002 3149 1232 3199 quantum-

197 3229 382 3272 cumque
402 3218 632 3272 perfectus,
656 3217 883 3270 aliquando
911 3220 1053 3270 peccat
1077 3219 1101 3239 ¹¹
1123 3232 1131 3259 :
1152 3233 1171 3256 c<
1189 3218 1230 3259 ‚Si

241 3301 252 3322 ¹
269 3301 382 3342 Prov.,
407 3309 507 3342 xxiv,
529 3302 561 3332 7.
583 3317 618 3322 -
648 3300 659 3318 ²
678 3299 772 3331 Psal.
799 3301 942 3335 L1v‚28.
965 3317 1005 3323 -
1028 3301 1041 3321 ³
1060 3300 1232 3342 Luc.,x11,

198 3348 249 3379 20.
282 3365 317 3370 —-
354 3348 367 3370 ὃ
394 3349 510 3388 Num,
541 3354 619 3388 xw,
649 3348 701 3378 33.
727 3363 768 3369 —-
797 3347 808 3364 ⁵
838 3348 950 3388 Prov.,
979 3354 1081 3387 xxiv,
1117 3349 1167 3379 15.
1194 3365 1234 3371 —

199 3394 210 3412 ⁸
232 3393 329 3436 ibid„
348 3403 439 3436 xvn,
461 3397 514 3428 26.
534 3413 574 3418 -
595 3394 604 3412 ⁷
624 3393 744 3433 Ereti„
765 3401 829 3434 xii,
851 3396 881 3425 2.
901 3412 941 3417 —-
963 3395 974 3413 ⁸
994 3394 1096 3435 ibid„
1118 3402 1181 3436 vn,
1201 3398 1230 3426 3.

198 3457 240 3464 —·
258 3442 270 3460 ³
289 3441 383 3483 Sap„
405 3451 452 3484 v1,
475 3445 555 3474 1.-
577 3442 599 3460 ¹⁰
618 3441 732 3481 Pron,
755 3448 801 3481 w,
824 3442 872 3473 16.
892 3459 931 3465 —
954 3442 975 3463 ¹¹
998 3443 1006 3473 Ι
1029 3442 1135 3482 Ιοαπ.,
1156 3449 1180 3481 1,
1201 3444 1232 3474 8.

421 3513 520 3544 Tou.
551 3513 611 3542 lx.

2279 169 2352 209 641

1326 248 1573 298 amorinum,
1589 249 1686 300 quia
1699 253 1916 302 peccatum
1929 263 2016 293 non
2027 252 2249 306 habemus,
2272 254 2351 308 ipsi

1326 330 1402 359 nos
1422 319 1676 371 seduchan
1699 324 1739 361 et
1756 323 1910 363 veritas
1931 335 2015 364 non
2035 327 2096 364 est
2113 325 2156 365 in
2177 326 2313 367 nobis.
2330 340 2349 364 »

1379 393 1444 431 ⁶202.
1469 390 1556 432 Sed
1582 395 1622 434 et
1645 394 1810 434 cunctis
1837 394 2113 437 sermonibus.
2145 395 2357 448 Tangitur

1326 459 1394 499 hic
1417 463 1617 512 quartum
1639 461 1963 513 documentum,
1987 465 2030 504 in
2050 478 2135 518 quo
2156 466 2351 508 hortatur

1325 530 1377 569 ad
1399 530 1782 574 dissimulationem
1812 535 1994 587 propriae
2024 536 2191 588 injuriae
2215 552 2223 577 :
2245 538 2357 579 unde

1325 598 1446 639 debet
1461 601 1679 653 inquirere
1691 636 1705 654 ,
1725 615 1804 644 nec
1820 605 1937 645 omni
1953 606 2150 646 referenti
2170 608 2353 649 credere.

1325 668 1420 710 Ideo
1447 671 1545 712 dicit
1577 687 1585 712 :
1619 673 1701 715 Sed
1731 677 1769 716 et
1799 676 1963 717 cunctis
1990 677 2250 720 sermonibus
2280 681 2356 732 qui

1324 739 1550 792 dicantar,
1569 753 1621 784 ne
1644 746 1928 788 accommodes
1950 757 2018 789 cor
2040 750 2186 789 tuum:
2205 748 2247 789 id
2265 752 2353 800 est,

1324 823 1409 851 non
1440 812 1630 864 praeheas
1660 814 1821 864 fidem3
1856 817 1958 868 quia
1990 829 2123 870 parva
2156 819 2261 860 fides
2294 823 2357 861 est

1323 881 1562 923 adhihenda
1582 883 1738 934 verbis,
1760 884 1860 937 quia
1881 886 2005 926 multi
2025 887 2157 928 multa
2173 889 2356 942 loquun-

1322 954 1393 992 tur
1411 953 1438 974 ¹²
1462 968 1471 993 :
1495 952 1607 1002 «Qui
1629 954 1710 995 cito
1742 955 1904 1006 credit,
1938 955 2045 997 levis
2079 961 2142 998 est
2173 960 2349 1000 corde.»

1320 1020 1352 1061 E
1372 1023 1473 1075 quia
1502 1024 1672 1066 difficile
1698 1028 1761 1066 est
1791 1025 1958 1078 audire,
1979 1029 2019 1067 et
2037 1039 2123 1069 non
2143 1029 2328 1071 arridere
2342 1062 2353 1081 ,

1319 1091 1472 1133 dicitur
1492 1094 1520 1116 ¹³
1547 1109 1555 1133 :
1586 1110 1604 1133 «
1625 1094 1722 1147 Sepi
1742 1107 1868 1136 aures
1891 1099 1986 1137 tuas
2020 1098 2176 1150 spinis,
2208 1102 2247 1140 et
2268 1100 2355 1141 noli

1319 1163 1465 1204 audire
1492 1164 1689 1216 linguam
1718 1178 1918 1219 nequam.
1946 1182 1965 1205 n
1988 1167 2105 1210 Unde
2125 1181 2212 1210 non
2230 1171 2354 1212 debes

1317 1245 1407 1274 esse
1427 1234 1630 1276 sollicitus
1661 1236 1713 1276 ad
1741 1237 2004 1279 audiendum
2025 1251 2122 1292 quae
2155 1240 2205 1281 de
2227 1243 2268 1282 te
2288 1241 2351 1282 di-

1318 1307 1475 1345 cuntur
1486 1320 1495 1355 3
1511 1308 1552 1346 et
1561 1306 1752 1347 redditur
1765 1308 1871 1349 ratio
1886 1323 1895 1348 ε
1913 1309 1972 1351 Ne
1983 1310 2088 1360 forte
2102 1310 2260 1353 audias
2273 1322 2355 1354 ser-

1315 1385 1414 1417 vum
1444 1376 1764 1420 maledicentem
1786 1379 1865 1420 tibi
1874 1391 1891 1431 ,·
1910 1379 2018 1421 sicut
2042 1380 2180 1422 Semei
2195 1381 2350 1433 David;

1313 1446 1426 1486 unde
1444 1446 1545 1487 dicit
1564 1447 1709 1487 Abisai
1731 1448 1760 1472 ¹¹⁴
1783 1462 1792 1488 z
1810 1448 1982 1498 «Quare
2001 1451 2215 1493 maledicit
2239 1454 2354 1494 canis

1313 1515 1382 1556 hic
1398 1518 1631 1558 moriturus
1652 1521 1705 1570 (a)
1723 1519 1893 1560 domino
1913 1533 2009 1562 meo
2025 1522 2149 1575 regi?
2174 1522 2350 1576 Vadam,

1312 1590 1352 1627 et
1383 1589 1612 1640 amputabo
1650 1592 1776 1642 caput
1814 1592 1921 1643 ejuS.
1956 1606 1975 1630 »
2019 1592 2071 1637 Et
2118 1593 2199 1635 hoc
2241 1607 2354 1648 saepe

1312 1657 1534 1710 contingit,
1548 1658 1656 1699 sicut
1668 1662 1804 1711 potest
1820 1660 1949 1702 homo
1964 1673 2087 1703 nosse
2107 1675 2162 1704 ex
2179 1676 2223 1705 se
2244 1665 2350 1718 ipso.

1365 1730 1431 1768 23.
1470 1728 1560 1771 Scit
1599 1730 1711 1771 enim
1743 1731 2007 1774 conscientia
2040 1737 2138 1785 tua,
2167 1736 2270 1787 quia
2308 1739 2354 1778 tu

1311 1798 1450 1840 crebro
1465 1798 1737 1842 maledixisti
1753 1801 1880 1853 aliis,·
1897 1804 1937 1842 et
1955 1802 2014 1843 ita
2036 1814 2124 1843 non
2144 1803 2269 1846 debes
2288 1805 2351 1846 di-

1309 1869 1493 1920 ligenter
1535 1870 1775 1922 attendere,
1821 1883 1899 1912 nec
1944 1873 2112 1925 punire.
2135 1873 2163 1897 ¹⁵
2196 1889 2216 1914 (‹
2245 1875 2350 1929 Cog-

1310 1952 1435 1981 nosce
1472 1953 1570 1993 quae
1611 1946 1709 1982 sunt
1744 1942 1930 1995 proximi
1965 1943 2028 1984 tui
2061 1956 2115 1985 ex
2154 1945 2302 1999 teipso.
2325 1962 2344 1986 >³

1311 2009 1378 2051 Sic
1398 2011 1513 2051 enim
1533 2011 1687 2052 dicitur
1715 2012 1743 2034 ¹⁶
1772 2024 1782 2052 ε
1811 2013 1996 2055 «Nonne
2029 2026 2134 2067 ergo
2164 2017 2351 2068 oportuit

1310 2083 1350 2122 et
1370 2084 1409 2122 te
1428 2082 1620 2122 misereri
1652 2083 1846 2125 conservi
1867 2084 1955 2134 tui,
1976 2084 2084 2126 sicut
2115 2090 2156 2127 et
2176 2098 2258 2139 ego
2287 2087 2350 2129 tui

1310 2152 1508 2193 misertus
1527 2154 1654 2194 sum?
1674 2168 1693 2191 ›>

1365 2223 1578 2273 Quaeritur
1603 2225 1673 2265 hic
1704 2225 1844 2278 primo
1873 2226 1924 2267 de
1952 2227 2053 2279 hoc,
2076 2228 2190 2281 quod
2210 2229 2311 2270 dicit
2335 2245 2344 2271 :

1309 2294 1408 2336 Noli
1426 2305 1512 2336 esse
1533 2294 1681 2346 justus
1711 2296 1910 2339 multum.
1939 2297 2093 2340 Contra
2116 2314 2125 2340 :
2156 2299 2256 2341 Haec
2283 2303 2347 2342 est

1308 2377 1384 2417 per
1405 2377 1448 2405 se
1467 2377 1570 2407 vera
1593 2380 1602 2406 ε
1624 2365 1646 2407 J
1650 2369 1768 2407 ustus
1787 2370 1849 2408 est
1873 2369 2015 2410 bonus
2037 2381 2047 2410 ε
2071 2382 2179 2422 ergo
2199 2371 2342 2424 magis

1305 2437 1471 2489 justus,
1493 2437 1633 2489 magis
1653 2437 1792 2479 bonus
1810 2453 1819 2480 ε
1843 2451 1949 2491 ergo
1972 2441 2161 2482 maxime
2174 2443 2317 2494 Justus
2331 2474 2343 2493 ‚

1309 2508 1496 2549 maxime
1534 2508 1670 2549 honus
1707 2523 1715 2550 :
1751 2522 1857 2562 ergo
1888 2511 1934 2551 in
1961 2512 2133 2564 justitia
2163 2524 2248 2554 non
2281 2517 2346 2555 est

1310 2578 1591 2630 superfluum.
1617 2578 1719 2619 Item
1750 2580 1959 2634 quidquid
1990 2581 2146 2623 dicitur
2164 2583 2215 2624 de
2233 2583 2341 2635 Deo,

1309 2648 1354 2687 in
1385 2660 1554 2689 summo
1586 2649 1741 2690 dicitur
1775 2665 1784 2690 :
1814 2651 1887 2692 sed
1912 2653 2077 2704 justum
2107 2652 2261 2694 dicitur
2292 2653 2344 2695 de

1309 2718 1392 2759 Deo
1417 2733 1425 2759 :
1450 2731 1555 2771 ergo
1579 2720 1688 2761 Deus
1709 2733 1877 2762 summe
1891 2723 2036 2775 justus
2059 2737 2069 2764 ε
2090 2726 2132 2764 et
2150 2726 2338 2776 constat,

1310 2790 1423 2841 quod
1439 2790 1520 2831 hoc
1539 2802 1627 2832 non
1643 2793 1706 2832 est
1724 2792 1885 2834 malum
1908 2805 1918 2834 z
1937 2805 2044 2846 ergo
2059 2794 2095 2835 si
2118 2795 2342 2836 summitas

1309 2860 1354 2899 in
1367 2860 1534 2912 Justitia
1565 2873 1652 2902 non
1683 2865 1745 2903 est
1774 2863 1914 2914 mala,
1935 2875 2040 2916 ergo
2072 2876 2159 2906 non
2189 2867 2252 2906 est
2282 2865 2342 2906 ibi

1310 2930 1595 2982 superfluitas.
1616 2931 1720 2972 Item
1742 2934 1954 2986 quaeritur
1973 2935 2023 2975 de
2043 2935 2124 2975 hoc
2144 2936 2257 2988 quod
2276 2936 2338 2977 di-

1310 3000 1444 3041 citur:
1463 3001 1605 3055 Neque
1622 3002 1720 3055 plus
1739 3005 1887 3056 sapias
1908 3015 2036 3057 quam
2055 3015 2219 3048 necesse
2237 3006 2340 3049 erit:

1309 3072 1384 3124 qui
1404 3073 1518 3113 enim
1538 3073 1636 3126 plus
1656 3074 1818 3126 diligit,
1840 3074 1936 3126 plus
1955 3075 2066 3128 sapit
2087 3090 2097 3116 ι
2123 3076 2195 3117 sed
2214 3088 2340 3118 nemo

1311 3145 1447 3195 potest
1459 3143 1587 3184 nimis
1601 3144 1780 3195 diligere
1795 3157 1804 3195 ;
1822 3156 1926 3196 ergo
1943 3157 2020 3186 nec
2034 3146 2162 3186 nimis
2176 3158 2338 3200 sapere,

1309 3213 1543 3255 secundum
1571 3214 1683 3267 quod
1714 3213 1895 3256 refertur
1926 3215 2093 3258 dilectio
2116 3216 2163 3257 in
2190 3217 2338 3258 Deum.

1309 3354 1350 3360 —
1371 3338 1393 3356 ¹²
1410 3337 1530 3374 Ecclc'„
1548 3345 1620 3378 xlx,
1640 3338 1880 3377 4.—¹³1bid.,
1896 3347 2027 3380 xxvm,
2047 3342 2148 3373 28.—
2170 3342 2341 3382 ¹⁴11Re9„

1310 3391 1388 3424 Χνι,
1407 3385 1437 3415 9.
1457 3402 1498 3407 -
1521 3385 1544 3406 ¹5
1565 3384 1684 3425 Eccli„
1708 3393 1804 3417 xxxi.
1823 3402 1862 3408 —
1885 3387 1908 3405 ¹⁶
1929 3387 2064 3427 Manli„
2085 3396 2186 3430 xviii,
2207 3391 2258 3420 33.

1354 3444 1394 3483 ((ι)
1426 3442 1521 3483 Vuly.
1540 3445 1705 3475 mortuus.

2080 3509 2126 3546 41
