2633 3878
295 333 372 371 356

295 427 387 463 erga
407 425 500 452 oves
519 412 729 450 rationales
748 411 980 456 dormitant,
1004 420 1094 446 cum
1114 418 1178 444 eas
1199 403 1318 441 sacris

294 477 481 525 eloquiis,
502 477 613 524 quasi
643 474 746 511 sanis
778 473 972 511 alimentis
1003 472 1183 517 vegetare
1209 476 1317 503 recu-

293 542 389 575 sant.
413 540 462 574 De
491 538 601 574 tertio
624 540 632 560 ¹
658 549 667 574 ε
693 536 874 574 «Suscita
907 534 1078 572 amicum
1110 534 1247 574 tuum,
1267 537 1317 564 ne

293 600 447 637 dederis
484 610 667 636 somnum
706 598 827 635 oculis
859 597 962 641 tuis,
998 605 1069 631 nec
1108 590 1319 629 dormitent

290 663 489 710 palpebrae
522 665 608 698 tute.
637 675 654 695 »
687 661 750 696 llic
780 659 938 706 praelato
970 654 1221 704 praecipitur,
1249 650 1317 699 qui

292 724 421 760 verbis
452 724 530 761 oris
557 724 615 759 sui
647 733 719 770 pro
759 720 926 757 subditis
961 718 1196 765 illaqueatus
1235 723 1317 750 esse

292 786 533 833 dignoscitur
559 813 569 830 ,
609 785 711 820 circa
746 782 924 818 subditos
960 790 1042 817 non
1080 776 1316 819 dormitare,

291 848 360 884 scd
389 858 455 884 eos
489 845 727 894 quotidianis
761 843 984 891 suffragiis,
1013 843 1131 889 prout
1149 839 1275 886 potest
1295 846 1318 872 a

291 913 413 946 morte
435 909 574 945 anima}
594 908 792 945 suscitare.

600 1015 790 1049 Articulus
816 1011 999 1048 secu-ndns.

339 1099 550 1138 Molestatio
588 1108 682 1135 vero
728 1093 1032 1143 supportationis
1070 1091 1290 1128 insinuatur
1304 1117 1315 1131 ,

291 1174 380 1199 cum
410 1161 582 1208 sequitur
605 1172 612 1195 :
632 1162 712 1195 Prae
734 1158 851 1194 toedto.
882 1155 1007 1192 Facile
1030 1156 1084 1190 est
1105 1152 1232 1188 malos
1251 1161 1317 1187 ex-

290 1224 461 1269 hortari3
484 1222 552 1259 sed
585 1220 742 1257 difficile
769 1215 1122 1265 indisciplinabiles
1148 1222 1315 1261 suppor-

290 1286 373 1323 tari.
396 1285 498 1321 Sicut
518 1283 741 1320 exhortator
770 1280 942 1327 repletur
960 1277 1106 1324 gaudio
1120 1304 1132 1321 ,
1153 1273 1315 1323 quando

289 1347 575 1394 correptionem
612 1343 717 1380 illico
752 1342 925 1389 sequitur
954 1338 1175 1384 correctio3
1209 1336 1263 1372 sic
1296 1345 1316 1371 e

289 1408 482 1446 contrario
502 1407 608 1443 idem
628 1405 741 1442 taedio
761 1403 946 1448 afficitur,
975 1402 1006 1438 si
1029 1398 1317 1447 correptionem

288 1472 476 1509 correctio
506 1469 690 1506 continuo
720 1477 802 1504 non
830 1466 1028 1512 sequatur.
1064 1465 1108 1500 Et
1137 1463 1232 1498 nota
1251 1462 1317 1496 tae-

289 1533 398 1569 dium
419 1531 643 1568 trimembrc
656 1558 667 1575 ,
688 1531 826 1576 utputa
844 1526 1036 1570 mentale,
1056 1523 1210 1569 vocale,
1232 1532 1317 1559 eor-

286 1595 436 1643 porale.
470 1594 644 1631 Primum
676 1590 848 1628 consistit
877 1590 917 1625 in
950 1587 1185 1634 cogitatione
1212 1597 1223 1631 3
1256 1594 1317 1620 se-

289 1658 480 1702 cundum,
503 1657 543 1692 in
575 1653 843 1691 mussitatione
859 1664 869 1697 3
900 1650 1082 1694 tertium,
1111 1648 1151 1683 in
1179 1645 1317 1683 intrin-

287 1730 375 1756 seca
393 1718 587 1766 passione.
611 1719 660 1752 De
677 1715 806 1763 primo
827 1715 839 1735 ²
860 1725 868 1748 :
894 1725 912 1745 «
937 1710 1126 1759 Proposui
1146 1709 1248 1745 hanc
1263 1736 1274 1754 ‚
1294 1721 1312 1743 »

287 1782 432 1818 scilicet
451 1779 700 1828 sapientiam,
726 1793 742 1810 «ι
769 1776 966 1813 adducere
987 1773 1083 1810 mihi
1106 1771 1158 1809 ad
1178 1771 1315 1808 convi-

286 1844 462 1881 vendum
476 1871 488 1889 ,
508 1842 655 1887 sciens,
683 1839 793 1887 quod
823 1848 979 1874 mecum
1009 1832 1317 1872 communicabit

288 1906 335 1943 de
354 1906 469 1942 bonis
480 1933 492 1951 ,
513 1907 549 1941 et
574 1903 645 1940 erit
675 1900 859 1938 allocutio
892 1896 1136 1945 cogitationis
1157 1898 1192 1932 et
1212 1894 1316 1931 taedii

287 1969 365 2005 mei
387 1980 394 2004 :
418 1982 434 2002 >2
467 1977 554 2003 ecce
581 1965 741 2002 taedium
777 1962 960 1999 mentale.
995 1962 1045 1996 De
1072 1957 1247 1995 secundo
1266 1957 1279 1978 ³
1303 1968 1311 1992 :

291 2043 307 2063 κ
328 2032 368 2066 ln
387 2032 562 2076 tempore
590 2025 822 2064 redditionis
849 2021 1065 2072 postulabit
1081 2024 1257 2066 tempus,
1279 2019 1315 2054 et

286 2093 469 2140 loquetur
487 2090 610 2132 verba
631 2087 733 2125 taedii
754 2089 790 2124 et
808 2082 1132 2123 murmurationis
1157 2094 1164 2117 :
1189 2094 1206 2116 »
1225 2090 1313 2117 ecce

287 2154 448 2191 taedium
466 2152 615 2190 vocale.
638 2153 688 2187 De
707 2148 867 2186 tertiot:
895 2161 912 2182 «
932 2146 1119 2183 Dominus
1142 2143 1229 2180 coeli
1250 2142 1315 2179 det

287 2216 355 2252 tibi
387 2215 577 2262 gaudium
605 2223 677 2260 pro
704 2211 818 2248 taedio
830 2238 842 2256 ,
863 2209 973 2256 quod
997 2216 1183 2255 perpessa
1205 2215 1244 2241 es
1266 2215 1275 2241 :
1295 2217 1311 2238 n

288 2289 375 2314 ecce
396 2276 554 2313 taedium
574 2273 793 2322 corporale.

618 2379 803 2415 Articulus
842 2377 981 2413 tertius.

338 2463 621 2513 Reportationis
637 2460 849 2498 infirmatio
866 2458 1104 2506 implicatur,
1119 2466 1211 2492 cum
1226 2455 1316 2492 sub-

293 2529 426 2565 ditur:
459 2528 636 2572 Confirma
665 2535 731 2561 me.
777 2525 878 2559 Bene
912 2520 1052 2557 dicitur
1086 2531 1094 2555 ε
1124 2520 1313 2564 Constrma.

290 2593 442 2637 Quare?
463 2591 557 2638 quia
585 2589 741 2626 infirma
772 2599 779 2622 :
815 2596 894 2633 qua
925 2582 1180 2621 infirmitate?
1209 2580 1317 2617 infir-

290 2658 395 2691 mata
429 2656 484 2689 est
518 2653 559 2688 in
594 2651 851 2699 paupertate:
883 2646 1115 2695 quomodo?
1150 2643 1318 2680 multum

292 2715 566 2760 exhortando,
601 2717 637 2751 et
668 2723 808 2760 parum
841 2708 1112 2757 reportando3
1151 2706 1320 2743 multum

291 2778 480 2823 ferendo,
506 2779 543 2813 et
571 2786 713 2824 parum
745 2772 965 2810 inferendo.
994 2773 1037 2807 Et
1060 2773 1179 2813 nota,
1209 2767 1320 2815 quod

293 2841 480 2878 Dominus
505 2839 710 2876 confirmat
741 2837 795 2873 sic
825 2835 1110 2878 infirmantem,
1130 2835 1320 2878 tanquam

290 2903 479 2950 justitiam
534 2901 722 2937 sitientem
741 2928 751 2946 ‚
807 2897 1055 2936 deficientem
1073 2922 1084 2940 ,
1141 2893 1321 2941 spiritum

294 2975 377 3002 non
392 2963 615 3001 habentem.
638 2964 688 2998 De
706 2961 836 3008 primo
852 2961 864 2981 ⁵
885 2972 892 2996 :
919 2973 936 2994 «
956 2958 1171 2996 Confirmat
1191 2958 1321 2993 autem

292 3029 416 3074 justos
450 3025 636 3063 Dominus
664 3036 712 3060 ε»
736 3033 823 3059 ecce
856 3020 1102 3058 confirmatio
1132 3017 1322 3065 justitiam

296 3089 470 3126 sitientis.
505 3090 555 3124 De
585 3084 757 3123 secundo
778 3085 796 3124 ,⁶
827 3095 834 3118 :
862 3095 879 3116 «
910 3080 1185 3117 Poenitentibus
1215 3078 1324 3115 dedit

297 3153 402 3188 viam
418 3149 571 3197 Justitiae
587 3178 597 3195 ,
619 3151 655 3184 et
682 3143 930 3183 confirmavit
956 3143 1178 3179 deficientes
1209 3139 1322 3176 susti-

298 3224 390 3250 nere
403 3226 413 3259 ;
427 3227 451 3247 ⁴»
479 3211 591 3260 quasi
609 3210 712 3247 dicat
728 3221 736 3245 :
753 3206 1009 3243 Poenz'lentibus
1027 3205 1125 3239 dedit
1144 3202 1325 3247 viamjus-

300 3278 391 3312 tz'tz’ae
413 3276 604 3322 quantum
623 3272 676 3309 ad
706 3267 1016 3308 exhortationem
1031 3294 1042 3312 ‚
1074 3269 1107 3301 et
1127 3265 1326 3310 deficientes

298 3340 474 3375 sustinere
493 3338 686 3385 quantum
706 3333 758 3370 ad
776 3329 1114 3379 supportationem
1142 3329 1326 3373 confirma-

298 3402 370 3446 vit,
391 3400 485 3447 quia
515 3396 815 3435 infirmabantur
847 3393 1040 3440 quantum
1072 3388 1124 3426 ad
1150 3390 1326 3436 reporta-

300 3461 460 3498 tionem.
493 3462 544 3497 De
583 3459 694 3496 tertio
721 3458 734 3479 ⁷
766 3470 776 3492 :
813 3467 830 3489 ι(
860 3453 994 3491 Redde
1025 3451 1122 3489 mihi
1154 3449 1327 3487 laetitiam

345 3548 350 3563 ¹
374 3545 482 3582 Pron,
501 3551 549 3584 γι,
574 3546 603 3575 4.
630 3560 670 3567 -
692 3542 705 3563 ²
730 3540 822 3580 Sap„
845 3545 925 3578 ΠΗ,
945 3540 975 3570 9.
995 3554 1035 3561 —
1057 3537 1070 3559 ³
1088 3535 1207 3574 Eccli„
1229 3542 1323 3574 xx1x,

302 3595 331 3625 G.
351 3610 389 3616 —
409 3592 419 3610 ⁴
441 3591 529 3630 Tob„
555 3598 615 3629 vn,
637 3591 687 3620 20.
706 3606 739 3611 --
765 3590 774 3607 ⁵
797 3587 886 3620 Psal.
907 3593 1025 3625 xxxvl,
1049 3586 1095 3615 17.
1117 3600 1156 3607 —
1176 3583 1188 3605 6
1206 3582 1326 3620 Eccli.‚

988 315 1260 363 EXPOSlTlO
1291 311 1343 354 IN
1375 311 1724 354 PSALTERIUM.

1391 401 1569 438 salutaris
1609 400 1659 436 tui
1683 427 1694 445 ,
1731 402 1767 435 ct
1801 398 1937 446 spiritu
1974 397 2180 445 principali
2216 399 2411 437 confirma

1390 474 1453 500 me
1467 491 1479 508 ‚
1500 476 1518 497 ν)
1543 462 1654 510 quasi
1674 462 1776 500 dicat
1799 474 1807 497 :
1830 460 1948 497 Redde
1976 461 2141 496 loecitz'am
2162 463 2296 497 contra
2326 473 2414 499 mo-

1389 526 1633 563 lestationem
1649 538 1658 571 ;
1681 526 1848 569 confirma
1868 524 2004 569 spiritu
2029 524 2164 558 contra
2183 521 2409 559 infirmatio-

1390 599 1500 633 nem,
1522 598 1570 623 ne
1589 585 1813 622 molestetur
1833 583 2091 631 supportatio,
2105 593 2177 620 nec
2197 583 2417 621 infirmetur

1389 648 1615 696 reportatio.

1715 742 1902 778 Articuzus
1928 743 2089 787 quartus.

1438 835 1736 872 confortationis
1750 834 1936 881 flagitatio
1959 834 2188 881 explicatur,
2204 845 2294 870 cum
2321 834 2416 870 seri-

1390 897 1495 934 bitur
1516 910 1524 934 :
1549 898 1725 944 Confirmet
1742 908 1795 933 me
1824 899 1862 933 in
1880 897 1996 934 verbis
2028 899 2100 933 tuis
2121 910 2130 931 :
2154 898 2303 944 quare?
2325 896 2418 944 quia

1390 961 1608 998 infirmatus
1628 972 1715 998 sum
1735 961 1774 997 in
1802 960 1930 999 verbis
1948 959 2034 997 tuis.
2061 960 2238 1006 Confirma
2256 971 2310 996 me
2328 970 2415 996 ver-

1391 1023 1534 1060 borum
1565 1028 1723 1060 tuorum
1743 1022 2095 1070 contemplatione,
2117 1021 2210 1069 quia
2239 1021 2419 1058 infirma-

1391 1088 1450 1122 tus
1487 1096 1574 1122 sum
1603 1086 1818 1123 verborum
1854 1089 2012 1123 tuorum
2049 1085 2345 1122 ministratione.
2375 1086 2419 1121 Et

1389 1150 1503 1192 nota,
1525 1147 1635 1194 quod
1667 1148 1790 1184 verba
1827 1148 1962 1184 divina
1998 1150 2086 1184 sunt
2121 1146 2416 1184 confirmatoria

1391 1208 1532 1256 triplici
1562 1209 1612 1245 de
1644 1219 1761 1246 causa
1780 1222 1788 1246 :
1807 1211 1901 1257 quia
1922 1211 2010 1246 sunt
2030 1209 2151 1246 verba
2169 1208 2388 1256 prudentiae
2404 1221 2415 1255 3

1389 1271 1514 1307 verba
1549 1271 1680 1317 gratiae
1708 1284 1720 1318 3
1757 1273 1880 1309 verba
1916 1272 2016 1309 vitae.
2051 1274 2211 1319 Propter
2245 1271 2418 1319 primum

1391 1333 1640 1380 suscipienda
1670 1347 1681 1380 3
1720 1337 1881 1381 propter
1936 1334 2154 1371 secundum
2203 1333 2416 1380 miranda3

1389 1397 1549 1442 propter
1587 1396 1742 1432 tertium
1779 1396 2065 1443 amplectenda.
2107 1397 2156 1432 De
2193 1395 2323 1442 primo
2358 1395 2372 1417 ⁸
2404 1407 2415 1430 .·

1394 1470 1412 1492 «
1436 1457 1495 1494 Ad
1526 1457 1783 1504 intelligenda
1811 1459 1934 1495 verba
1964 1457 2206 1505 prudentiae,
2234 1460 2271 1494 et
2301 1456 2419 1493 susci-

1389 1519 1579 1567 piendam
1609 1520 1871 1557 eruditionem
1903 1519 2089 1556 doctrince
2112 1531 2120 1556 :
2142 1532 2160 1555 n
2186 1529 2273 1556 ecce
2294 1519 2417 1556 verba

1390 1582 1637 1630 suscipienda
1651 1584 1810 1630 propter
1829 1582 2091 1629 prudentiam.
2115 1583 2166 1618 De
2187 1582 2361 1619 secundo
2375 1583 2412 1618 ⁹:

1394 1657 1411 1677 (ι
1442 1644 1683 1681 Mirabantur
1715 1644 1755 1680 in
1787 1644 2079 1690 verbisgratiae
2112 1655 2199 1691 quae
2229 1643 2418 1691 procede-

1389 1706 1486 1743 bant
1522 1707 1571 1743 de
1610 1718 1676 1743 ore
1712 1706 1834 1754 ipsius
1865 1719 1873 1743 :
1902 1720 1918 1742 »
1952 1717 2040 1743 ecce
2079 1707 2201 1743 verba
2236 1706 2418 1743 miranda

1388 1771 1548 1816 propter
1578 1769 1755 1815 gratiam.
1787 1771 1836 1805 De
1867 1768 1978 1805 tertio
2007 1769 2064 1805 1⁰:
2105 1782 2123 1804 «
2150 1768 2335 1814 Domine,
2366 1767 2419 1805 ad

1391 1840 1509 1877 quem
1546 1831 1691 1868 ibimus
1712 1832 1729 1867 ?
1761 1831 1884 1869 verba
1921 1832 2006 1869 vitae
2043 1833 2193 1868 oeternae
2226 1830 2373 1868 habes:
2396 1843 2412 1865 »

1390 1902 1478 1929 ecce
1499 1892 1619 1930 verba
1638 1893 1912 1941 amplectenda
1936 1896 2097 1942 propter
2115 1892 2249 1930 vitam.

1818 2001 1990 2044 Epilogus.

1439 2081 1532 2118 Dicit
1563 2092 1656 2128 ergo
1690 2081 1880 2129 Propheta
1916 2082 1957 2118 in
1988 2081 2165 2129 praedieti
2197 2081 2419 2130 poenitentis

1390 2143 1517 2190 figura
1538 2156 1546 2180 :
1570 2145 1787 2180 Dormitavz't
1813 2146 1937 2180 anima
1955 2155 2045 2190 mea,
2078 2147 2269 2192 quantum
2288 2144 2339 2181 ad
2354 2154 2419 2180 ex-

1389 2206 1620 2242 hortationis
1643 2206 1934 2253 pigritatIOnem
1947 2219 1957 2253 3
1978 2209 2058 2243 Proe
2082 2207 2200 2252 taedto,
2228 2209 2418 2254 quantum

1391 2267 1443 2303 ad
1466 2268 1770 2314 supportationis
1790 2268 2129 2305 molestationem:
2157 2269 2335 2314 confirma
2352 2278 2418 2313 me,

1391 2329 1536 2365 scilicet
1562 2329 1850 2376 infirmantem,
1883 2332 2074 2377 quantum
2106 2330 2158 2366 ad
2187 2329 2419 2376 reportatio-

1391 2403 1502 2439 11em3
1522 2393 1711 2437 Confirmet,
1731 2392 1910 2440 inquam,
1926 2395 1965 2428 in
1982 2393 2098 2428 verbis
2120 2394 2205 2436 tuis,
2223 2394 2416 2439 quantum

1392 2454 1443 2490 ad
1464 2454 1758 2492 confortationis
1786 2454 2097 2502 contemplativae
2122 2453 2417 2500 flagitationem.

1748 2603 1966 2632 VERSICULUS
1991 2603 2070 2631 xm.

1442 2706 1500 2740 29.
1524 2705 1630 2740 Viam
1650 2707 1876 2752 iniquitatis,
1892 2708 1963 2743 etc.
1979 2707 2158 2752 Languor
2171 2705 2236 2742 ille
2250 2707 2420 2752 naturae,

1396 2766 1464 2813 qui
1491 2765 1588 2802 solet
1605 2767 1882 2813 poenitentibus
1907 2768 2080 2813 evenire,
2103 2767 2243 2804 claruit
2260 2768 2302 2804 in
2327 2778 2423 2816 qua-

1395 2827 1562 2864 ternario
1575 2828 1821 2875 praecedente
1832 2841 1843 2872 ,-
1862 2829 1973 2875 vigor
1992 2831 2123 2865 autem
2137 2829 2282 2875 gratiae,
2304 2839 2423 2876 quem

1398 2893 1682 2937 consequenter
1719 2891 1888 2927 sentiunt
1924 2890 2110 2927 advenire
2125 2919 2136 2937 ,
2177 2890 2354 2928 clarescit
2383 2890 2425 2927 in

1397 2952 1469 2988 isto
1503 2953 1752 3000 quaternario
1778 2953 2053 3000 subsequente.
2083 2952 2200 2999 Vigor
2231 2952 2300 2989 iste
2331 2963 2426 3000 qua-

1397 3016 1486 3051 tuor
1504 3015 1631 3051 modis
1659 3015 1882 3062 agnoscitur
1897 3043 1909 3061 ,
1937 3015 2006 3062 qui
2034 3017 2202 3062 quatuor
2225 3013 2425 3052 versiculis

1399 3079 1636 3114 annotantur
1658 3090 1666 3114 :
1690 3077 1888 3123 videlicet,
1910 3088 2000 3114 cum
2019 3078 2210 3124 poenitens
2228 3077 2425 3115 invenitur

1399 3138 1451 3174 ad
1484 3139 1731 3185 peccandum
1759 3139 1979 3185 difficilior,
2013 3139 2065 3176 ad
2091 3139 2426 3186 perseverandum

1398 3201 1574 3248 facilior,
1596 3202 1648 3238 ad
1671 3202 1867 3239 orandum
1887 3201 2077 3248 habilior,
2107 3201 2159 3239 ad
2180 3201 2425 3249 operandum

1401 3264 1553 3310 agilior.
1586 3266 1725 3301 Versus
1744 3264 1913 3312 primus,
1936 3263 2004 3312 qui
2030 3263 2083 3300 ad
2106 3263 2295 3311 peccandi
2325 3261 2426 3298 diffi-

1401 3326 1584 3362 cultatem
1602 3326 1782 3373 pertinet,
1803 3328 1973 3373 quatuor
1988 3325 2200 3373 iniquitatis
2219 3334 2426 3371 processus

1402 3387 1595 3432 continet,
1641 3388 1709 3435 qui
1747 3389 1853 3424 tanto
1892 3386 2090 3423 difficilius
2124 3387 2424 3433 perpetrantur,

1402 3452 1549 3497 quanto
1576 3449 1757 3486 subtilius
1776 3451 2040 3497 penetrantur.
2068 3447 2226 3493 QuaeriS‚
2247 3447 2315 3495 qui
2338 3449 2427 3484 sunt

1402 3541 1488 3572 xvu,
1508 3535 1546 3565 20
1567 3551 1609 3557 —
1629 3535 1638 3553 ⁷
1665 3533 1756 3565 Psal.
1777 3541 1814 3574 L,
1837 3535 1886 3565 14.
1906 3549 1945 3556 —-
1966 3532 1976 3550 ⁸
1996 3532 2103 3571 prov„
2132 3539 2161 3572 1,
2184 3531 2216 3562 3.
2241 3548 2278 3556 -
2300 3531 2312 3550 ⁹
2335 3531 2425 3571 Luc„

1405 3589 1452 3622 ιν,
1472 3583 1521 3614 22.
1540 3601 1576 3607 —
1596 3583 1618 3601 ¹⁰
1635 3583 1742 3622 Joan„
1762 3589 1808 3622 vr,
1830 3582 1880 3613 68.

2483 1154 2579 1182 Verba

2456 1196 2554 1223 divina

2456 1236 2559 1263 confir-

2447 1278 2570 1306 matoria

2455 1320 2561 1355 triplici

2438 1363 2473 1391 de
2491 1371 2579 1391 eausa

2493 2959 2584 2994 Vigor

2447 3001 2558 3036 gratiae.
