2633 3878
1047 195 1287 236 PSALMUS
1319 194 1490 237 CXVlll.

201 290 244 327 lit
263 290 274 311 ¹
297 301 304 327 :
333 302 351 324 «
369 291 512 336 Legem
530 287 663 336 posuit
682 287 717 324 ei
737 286 777 323 in
796 286 880 331 via,
905 295 1027 332 quam
1047 285 1164 331 elegit
1185 297 1192 321 :
1213 297 1230 319 ι)

203 363 291 390 ecce
312 351 409 399 legis
422 351 578 400 positio.
602 352 652 386 De
672 348 845 386 seeundo
859 348 872 369 2
893 360 901 384 :
922 360 940 381 «
954 347 1162 395 Accepistis
1183 346 1236 383 lc-

203 425 293 461 gem
313 415 354 451 in
373 413 696 462 dispositionibus
716 410 949 457 angelorum
964 438 972 452 ,
995 413 1031 446 et
1050 420 1130 446 non
1150 420 1236 446 cus·

205 477 350 514 todistis
372 489 380 513 :
398 490 415 510 n
439 486 525 513 ecce
543 473 640 521 legis
660 473 878 521 dispositio.
902 475 952 509 De
973 472 1084 509 tertio
1100 473 1113 494 ³
1135 483 1143 508 ε
1169 485 1185 506 α
1200 470 1237 508 Si

204 539 332 586 legem
351 538 534 586 perficitis
549 535 724 583 regalem
747 535 966 573 secundum
986 534 1202 582 Scripturas
1226 546 1234 569 ε

207 602 349 648 Diliges
369 600 595 648 proximum
614 601 727 635 tuum
744 599 843 635 sicut
865 598 1028 646 teipsum
1046 625 1055 643 ‚
1079 595 1239 634 bencfa-

207 664 302 699 citis.
320 675 338 696 »
362 665 456 699 Ecce
475 662 573 708 legis
591 660 792 709 perfectio.

532 766 721 802 Arcto-ulus
747 770 910 811 quartus.

255 855 370 889 Actus
391 849 607 897 aggerandi
636 848 886 890 subauditur,
915 858 1005 883 eum
1028 847 1210 883 subditur
1232 859 1240 882 :

209 916 326 960 Mihi,
348 916 538 961 tanquam
559 913 655 959 legis
681 923 803 960 opera
833 911 1010 959 operanti
1029 940 1039 957 ,
1061 914 1097 947 et
1123 921 1245 958 opera

210 977 396 1025 operibus
416 975 632 1022 aggeranti.
653 978 694 1012 Et
709 978 822 1021 nota,
839 975 949 1022 quod
969 974 1160 1022 operatio,
1182 973 1245 1010 vel

211 1049 377 1087 operum
397 1038 596 1086 aggeratio
616 1038 817 1075 meritoria
836 1037 995 1085 respicit
1014 1037 1088 1073 tria
1101 1036 1246 1073 virium

211 1100 441 1138 animalium
463 1100 645 1138 exercitia
668 1113 676 1136 :
701 1100 886 1137 videlicet
905 1099 1135 1144 irascibilis,
1158 1109 1247 1136 con-

213 1163 453 1212 cupiscibilis
468 1191 480 1210 ,
514 1166 551 1200 et
587 1163 848 1200 rationabilis.
882 1165 1087 1200 Exercetur
1117 1165 1248 1199 autem

211 1228 270 1264 vis
288 1226 514 1273 irascibilis,
536 1226 610 1263 sub
631 1228 709 1262 Deo
731 1226 895 1263 viriliter
914 1225 1123 1262 militando
1132 1238 1142 1272 ;
1160 1235 1250 1262 con-

213 1290 472 1338 cupiscibilis,
503 1289 556 1326 ad
589 1290 798 1326 Dominum
828 1289 1030 1326 humiliter
1050 1288 1252 1325 clamitan-

215 1354 268 1391 do
281 1366 290 1399 ;
312 1353 578 1399 rationabilis,
601 1365 689 1401 quae
710 1353 774 1390 Dei
796 1356 906 1399 sunt,
927 1352 1122 1389 subtiliter
1144 1352 1252 1399 cogi-

216 1417 351 1453 tando.
375 1417 437 1453 Vis
466 1417 603 1453 audire
625 1416 867 1453 irascibilem
889 1415 1053 1453 viriliter
1084 1415 1254 1452 militan-

217 1481 318 1516 tem?
339 1479 440 1516 Audi
459 1480 694 1527 Prophetam
714 1479 949 1526 psallentem
963 1479 975 1500 ⁴
995 1491 1003 1515 2
1025 1492 1042 1512 «
1061 1479 1170 1526 Saepe
1190 1488 1255 1514 ex-

216 1544 494 1589 pugnaverunt
513 1552 576 1578 me
597 1552 620 1578 a
636 1542 840 1588 jilventute
869 1552 979 1586 mea,
1009 1541 1153 1578 etenim
1173 1551 1255 1577 non

216 1609 430 1654 potuerunt
458 1606 575 1652 mihi,
598 1620 615 1640 »
649 1607 761 1654 quasi
780 1606 942 1642 viriliter
966 1606 1162 1643 militanti.
1193 1607 1256 1643 Vis

216 1669 353 1706 audire
375 1668 725 1716 concupiscibilem
743 1669 943 1706 humiliter
964 1669 1256 1706 clamitantem?

216 1731 315 1768 Audi
348 1730 592 1768 psalmistam
624 1730 820 1767 dicentem
842 1732 855 1752 ⁵
879 1743 887 1767 ε
914 1732 1052 1768 «Voce
1088 1742 1177 1768 mea
1206 1731 1258 1768 ad

219 1794 428 1830 Dominum
449 1793 640 1838 clamavi,
675 1804 774 1830 voce
794 1804 884 1830 mea
904 1793 956 1830 ad
976 1795 1118 1841 Deum,
1141 1797 1178 1831 et
1197 1794 1255 1831 in-

218 1856 340 1893 tendit
364 1856 482 1902 mihi,
514 1869 532 1889 »
566 1856 679 1903 quasi
707 1856 907 1893 humiliter
935 1856 1165 1894 clamitanti.
1196 1857 1259 1894 Vis

219 1919 336 1956 etiam
371 1919 508 1956 audire
545 1919 825 1956 rationabilem
857 1920 1052 1957 subtiliter
1087 1921 1260 1967 cogitan-

219 1983 325 2018 tem?
351 1981 451 2018 Audi
477 1980 832 2028 Psalmographum
867 1982 921 2018 sic
955 1982 1193 2020 scribentem
1212 1983 1225 2005 ⁶
1247 1996 1255 2020 :

225 2057 243 2078 «
261 2047 357 2081 Ecce
378 2044 484 2080 enim
510 2043 715 2080 veritatem
737 2043 930 2089 dilexisti,
962 2044 1108 2083 incerta
1135 2048 1172 2082 et
1192 2056 1259 2083 oc-

221 2107 326 2144 culta
345 2106 544 2155 sapientiae
563 2109 638 2143 tuce
675 2106 929 2144 manifestasti
970 2108 1088 2155 mihi,
1113 2109 1260 2156 »quasi

222 2169 415 2207 subtiliter
435 2169 637 2216 cogitanti.

656 2278 829 2320 Epilogus.

270 2361 500 2397 Ostensurus
537 2370 632 2406 ergo
671 2359 1003 2407 psalmographus
1019 2389 1028 2404 ‚
1070 2362 1262 2407 quantum

223 2423 411 2459 virtutum
437 2422 704 2459 amoenitatem
736 2421 893 2467 diligat,
919 2432 1006 2458 cum
1039 2421 1183 2458 divinae
1209 2422 1262 2458 si·-

225 2485 459 2522 militudinis
479 2485 771 2533 reparationem
800 2495 882 2521 non
907 2485 1105 2532 negligat,
1137 2485 1263 2537 inten-

228 2548 376 2584 tionem
395 2558 508 2584 suam
527 2558 598 2595 per
616 2547 710 2584 talia
740 2547 862 2584 verba
884 2547 1058 2584 declarat
1080 2559 1087 2584 :
1111 2549 1144 2584 A
1159 2549 1264 2594 jucli-

227 2613 295 2646 cz'z's
316 2612 410 2655 tuis,
433 2610 581 2657 quibus
601 2610 745 2646 scilicet
759 2609 942 2657 judicasti
965 2610 1264 2647 similitudinem

228 2676 337 2710 tuam
357 2683 403 2709 ex
417 2671 618 2709 habitibus
637 2672 813 2720 reparari
830 2684 840 2718 ;
862 2674 897 2709 N
901 2683 943 2708 οη
962 2673 1156 2717 declinavi,
1176 2683 1266 2720 pro-

228 2734 405 2772 hibendo
435 2735 582 2771 scilicet
605 2734 763 2771 habitus
798 2745 843 2772 ex
876 2735 1027 2772 actibus
1063 2736 1263 2784 generari3

230 2799 326 2842 Quia
355 2802 395 2834 tu
411 2799 568 2845 posuisti
589 2799 718 2844 Icqem,
749 2800 857 2835 actus
889 2798 1078 2835 virtutum
1099 2809 1265 2847 operan-

231 2864 334 2907 tem;
357 2862 452 2897 Mihi
464 2889 476 2906 ,
496 2862 538 2896 ut
561 2862 669 2897 actus
689 2860 840 2897 actibus
863 2871 1108 2908 aggerarem.

596 3009 822 3038 vssnslcULus
849 3011 912 3038 vn.

284 3115 365 3151 103.
389 3114 504 3157 Quam
531 3113 653 3150 dulcia
671 3115 837 3158 faucibus
862 3115 970 3157 meis,
993 3116 1064 3151 etc.
1091 3115 1130 3150 ln
1159 3125 1271 3151 versu

236 3176 440 3225 superiore
468 3175 644 3213 vidimus
672 3176 868 3214 fervidam
894 3176 1120 3214 charitatem
1138 3205 1149 3224 ,
1177 3187 1272 3214 con-

237 3238 441 3276 scientiam
461 3241 722 3285 serenantem,
743 3238 925 3276 faciendo
945 3238 1131 3276 virtutum
1151 3250 1272 3277 amoe-

237 3302 398 3340 nitatem
418 3301 556 3339 amari.
579 3304 620 3339 ln
646 3312 783 3338 versus
802 3301 918 3349 hujus
938 3303 1071 3339 tenore
1092 3301 1274 3340 videmus

239 3364 417 3402 eamdem
456 3363 498 3401 id
532 3363 636 3401 idem
657 3365 908 3412 operantem,
930 3363 1111 3402 faciendo
1131 3365 1274 3402 summi

284 3448 296 3470 ¹
316 3447 407 3480 Psal.
430 3457 526 3490 xxvi,
549 3451 597 3482 11.
620 3466 656 3472 —
678 3449 689 3467 ²
709 3449 797 3489 Act„
821 3456 882 3490 vu,
902 3449 954 3480 53.
975 3466 1016 3473 —
1039 3449 1051 3467 ³
1071 3448 1156 3489 lac„
1178 3457 1222 3489 11,
1244 3451 1273 3482 8.

242 3511 281 3518 -
301 3494 310 3512 ⁴
332 3495 423 3527 Psal.
442 3504 596 3535 cxxvm,
623 3498 641 3528 2
678 3514 712 3518 —
745 3497 754 3515 ⁵
780 3495 870 3528 Psal.
895 3503 1014 3537 Lxxw,
1045 3498 1073 3528 2.
1095 3514 1134 3520 —
1153 3497 1166 3519 ⁶
1183 3497 1275 3529 Psal.

427 3562 527 3597 Tou}
557 3567 612 3598 lx·

2265 199 2342 236 449

1309 286 1406 322 boni
1427 283 1680 321 dulcedinem
1697 285 1939 332 praegustari.
1963 284 2112 330 Quaeris
2127 313 2138 331 ,
2159 295 2239 333 quo
2259 295 2344 321 mo-

1310 349 1394 385 do?
1426 347 1651 395 Aliquando
1685 358 1775 383 cum
1811 348 1976 385 Domino
2007 348 2234 396 epulando,
2268 348 2345 385 ali-

1312 410 1473 458 quando
1512 410 1721 447 Dominum
1761 410 1993 447 osculando.
2038 413 2133 448 Cum
2178 411 2344 448 Domino

1313 473 1506 520 epulatur,
1529 472 1597 520 qui
1617 472 1770 509 bonum
1792 483 1960 520 operans
1988 473 2028 509 in
2058 474 2223 510 Domino
2252 484 2345 520 gra-

1312 535 1470 571 tulatur.
1488 535 1698 571 Dominum
1712 534 1924 580 osculatur,
1941 534 2009 582 qui
2024 535 2175 572 honum
2187 547 2347 583 sperans

1313 596 1387 644 ipsi
1409 598 1586 644 quodam
1606 597 1729 635 modo
1747 597 1969 646 copulatur.
1991 597 2095 634 Sicut
2115 601 2245 635 autem
2263 598 2346 635 fau-

1315 660 1426 696 cibus
1453 661 1639 708 compctit
1667 661 1845 709 epulari,
1867 661 1922 697 sic
1943 661 2001 697 ori
2031 661 2212 708 congruit
2235 672 2348 698 oseu-

1315 722 1400 759 lari.
1415 724 1498 759 Haec
1511 723 1658 771 duplex
1668 723 1917 771 praegustatio
1929 723 1968 760 in
1982 723 2147 772 mystico
2160 724 2352 771 reperitur

1317 785 1501 833 eloquio,
1521 786 1780 833 tropologice,
1802 787 1866 822 vel
1887 786 2103 833 anagogice
2125 785 2350 823 declarato:

1318 849 1413 896 quia
1439 849 1663 897 tropologia
1697 849 1870 886 declarat
1897 850 2050 886 honum
2078 849 2350 898 operandum,

2407 868 2514 901 Tropa-

1319 912 1399 948 sive
1424 911 1594 949 fructum
1613 912 1765 949 virtutis
1780 940 1791 958 ,
1819 912 1930 960 quod
1957 915 2012 949 est
2035 912 2149 949 dulce
2174 912 2355 949 faucibus
2375 909 2464 945 ¹⁰10*st-

1320 974 1537 1023 epulantis;
1564 975 1987 1023 anagogia‘dilucidat
2016 975 2167 1012 bonum
2200 986 2356 1023 speran-

2403 992 2520 1027 Anago-

1322 1038 1438 1083 dum,
1476 1038 1556 1074 sive
1586 1038 1755 1075 fructum
1779 1037 1940 1084 salutis,
1977 1037 2089 1086 quod
2121 1037 2356 1086 superdulce
2378 1035 2437 1070 gia·

1322 1102 1381 1137 ori
1401 1100 1643 1148 dignoscitur
1664 1100 1889 1138 osculantis
1912 1100 2119 1137 Declarans
2140 1111 2233 1147 ergo
2255 1099 2357 1137 Psal-

1322 1164 1567 1211 mographus
1585 1174 1656 1212 per
1671 1175 1770 1212 quas
1785 1164 1870 1200 vias
1886 1163 2113 1212 pervenitur
2131 1163 2183 1200 ad
2201 1163 2272 1200 has
2293 1162 2359 1200 de-

1323 1226 1433 1263 licias
1453 1226 1589 1274 (quia,
1612 1237 1685 1275 per
1717 1226 2008 1274 tropologicam
2043 1229 2079 1263 et
2099 1225 2360 1273 anagogicam

1324 1289 1516 1334 theorias,
1537 1289 1743 1327 devenitur
1762 1289 1815 1327 ad
1833 1290 2076 1338 epulationes
2095 1293 2131 1327 et
2151 1290 2360 1327 osculatio-

1326 1362 1395 1389 nes
1413 1352 1741 1400 praelibatorias)‚
1757 1353 1809 1389 ait
1823 1353 1876 1390 ita
1897 1354 2035 1397 :Quam
2055 1353 2178 1390 dulcia
2193 1353 2362 1398 faucibus

1327 1417 1437 1461 meis,
1461 1417 1548 1462 etc.;
1570 1426 1614 1452 ac
1634 1416 1665 1451 si
1692 1415 1797 1452 dicat
1823 1418 1955 1464 aperte
1978 1428 1986 1453 ε
2009 1416 2143 1453 Dulcia
2171 1418 2260 1452 sunt
2279 1415 2361 1452 elo·

1328 1478 1422 1526 quia
1451 1477 1622 1514 fructum
1653 1478 1804 1516 virtutis
1837 1478 2064 1526 eloquentia
2084 1489 2174 1515 cum
2196 1477 2363 1515 Domine·

1330 1540 1522 1588 epulanti;
1544 1541 1614 1577 sed
1644 1541 1898 1588 superdulcia
1923 1540 2094 1578 fructum
2123 1541 2257 1578 salutis
2288 1540 2366 1578 elo-

1331 1603 1492 1650 quentia
1524 1603 1735 1640 Dominum
1765 1603 1970 1640 osculanti.
2009 1606 2105 1640 Ecce
2138 1603 2219 1641 duo
2256 1603 2368 1640 modi

1331 1665 1496 1712 mystica
1517 1665 1676 1713 eloquia
1706 1667 1953 1714 exponendi,
1976 1667 2122 1705 scilicet
2150 1667 2368 1716 tropologi-

1333 1737 1401 1764 cus
1414 1756 1425 1774 ,
1448 1730 1485 1764 et
1504 1727 1767 1776 anagogicus3
1788 1732 1824 1767 et
1838 1729 2003 1767 totidem
2024 1730 2168 1767 summi
2187 1730 2285 1768 boni
2306 1730 2371 1767 de-

1331 1790 1441 1828 licias
1460 1791 1718 1838 praelibandi,
1740 1792 1926 1830 videlicet
1950 1793 2215 1841 epulatoriuS,
2252 1795 2290 1831 et
2307 1804 2370 1830 os-

1333 1854 1564 1900 natatorius,
1584 1866 1686 1903 quos
1703 1855 1902 1903 eleganter
1916 1856 2116 1904 eloquitur
2130 1856 2200 1894 iste
2219 1866 2370 1894 versus,

1668 1963 1856 1998 Articulus
1880 1965 2034 2009 primus.

1383 2045 1579 2088 Quantum
1595 2043 1646 2082 ad
1663 2044 1838 2092 primum
1851 2046 2077 2094 exponendi
2090 2047 2257 2084 modum
2271 2048 2373 2096 psal·

1335 2105 1427 2142 litur
1445 2118 1453 2142 :
1471 2107 1586 2150 Quam
1606 2107 1728 2144 dulcia
1744 2110 1888 2155 eloquia
1904 2112 1990 2145 tua!
2006 2111 2089 2146 Haec
2106 2112 2196 2147 sunt
2212 2110 2372 2159 eloquia

1337 2168 1388 2205 ad
1418 2169 1687 2216 tropologiam
1719 2171 1980 2218 pertinentia,
2010 2182 2098 2220 quae
2127 2175 2217 2210 sunt
2242 2172 2374 2210 dulcia

1337 2234 1372 2268 et
1392 2231 1658 2270 dulcificantia
1674 2262 1685 2279 ,
1706 2233 1800 2281 quia
1820 2234 1956 2271 dulces
1975 2245 2107 2272 mores
2122 2235 2371 2273 aedificantia.

1337 2294 1411 2331 Sed
1432 2297 1526 2332 nota
1540 2324 1552 2342 ,
1575 2296 1687 2344 quod
1706 2296 1806 2334 inter
1821 2297 1904 2334 haec
1921 2297 2054 2334 dulcia
2070 2298 2212 2347 triplex
2231 2299 2374 2347 legitur

1339 2356 1559 2395 differentia
1582 2371 1590 2395 ε
1614 2362 1704 2396 sunt
1727 2360 1832 2397 enim
1853 2360 1986 2398 dulcia
2003 2360 2209 2408 infectiva,
2230 2363 2372 2400 seduc-

1339 2418 1442 2466 tiva,
1463 2423 1499 2456 et
1525 2422 1815 2468 praegustativa.
1849 2423 1977 2460 Prima
2004 2425 2247 2472 respondent
2276 2425 2373 2464 deli·

1340 2480 1479 2529 ciosis3
1502 2484 1698 2530 secunda,
1721 2484 1974 2522 contentiosis
1990 2498 2001 2532 3
2021 2487 2132 2523 tertia
2143 2514 2156 2533 ,
2176 2487 2370 2534 gratiosis.

1341 2546 1467 2584 Prima
1494 2547 1664 2586 dulcedo
1697 2550 1840 2597 legitur
1861 2551 1906 2587 ⁷:
1940 2564 1958 2585 «
1989 2551 2241 2589 prudentiam
2273 2563 2374 2590 voca

1341 2610 1509 2647 amicam
1528 2613 1656 2658 tuam,
1678 2614 1721 2648 ut
1745 2612 1940 2650 custodiat
1959 2616 1993 2650 te
2015 2624 2038 2650 a
2056 2614 2222 2651 muliere
2248 2618 2374 2652 extra-

1341 2684 1440 2720 nea,
1462 2677 1498 2711 et
1516 2675 1567 2711 ab
1588 2675 1739 2722 aliena,
1761 2689 1779 2709 »
1803 2675 1845 2712 id
1865 2678 1946 2722 est,
1981 2677 2177 2724 saeculari,
2198 2677 2262 2716 vel
2281 2678 2377 2716 irre-

1341 2737 1508 2785 ligiosa,
1539 2751 1556 2772 α
1577 2749 1665 2786 quae
1692 2738 1816 2776 verba
1842 2749 1912 2776 sua
1942 2737 2034 2776 facit
2062 2739 2194 2778 dulcia
2215 2754 2223 2778 :
2246 2756 2263 2775 »
2287 2752 2377 2780 ecce

1343 2799 1513 2838 dulcedo
1539 2800 1733 2838 infectiva.
1764 2801 1944 2839 Secunda
1976 2801 2148 2840 dulcedo
2179 2803 2375 2850 scribitur,

1342 2863 1413 2900 ubi
1433 2863 1575 2901 dicitur
1592 2864 1642 2901 ab
1664 2864 1853 2913 Apostolo
1871 2865 1884 2886 ⁸
1907 2877 1915 2901 :
1941 2878 1958 2899 «
1976 2866 2087 2913 Rogo
2107 2876 2204 2912 VOS,
2224 2866 2376 2915 fratres,

1345 2930 1387 2964 ut
1407 2927 1623 2965 observetis
1653 2939 1720 2966 eos
1735 2957 1746 2975 ,
1777 2928 1846 2977 qui
1867 2929 2130 2967 dissensiones
2150 2933 2187 2967 et
2214 2931 2381 2969 offendi-

1346 2990 1454 3037 cula,
1477 2992 1616 3038 praeter
1643 2989 1878 3038 doctrinam,
1912 3002 2034 3040 quam
2065 3003 2137 3030 vos
2167 2993 2380 3041 didicistis,

1346 3051 1512 3098 faciunt,
1530 3055 1567 3090 et
1587 3053 1778 3091 declinate
1795 3054 1846 3091 ab
1866 3053 1955 3091 illis.
1979 3054 2258 3106 HUuJ'useemodi
2276 3055 2381 3092 enim

1348 3115 1497 3152 Christo
1519 3116 1684 3153 Domino
1706 3127 1787 3154 non
1819 3117 2020 3163 serviunt,
2041 3117 2110 3154 sed
2130 3117 2255 3155 ventri
2275 3129 2347 3155 suo
2370 3130 2378 3154 ε

1349 3181 1386 3215 et
1403 3189 1474 3227 per
1495 3178 1630 3216 dulces
1647 3189 1848 3217 sermones
1869 3182 1906 3216 et
1927 3179 2244 3228 benedictiones,
2266 3180 2382 3218 sedu-

1350 3245 1442 3280 cunt
1461 3243 1582 3280 corda
1602 3243 1915 3281 innocentium.»
1939 3246 2032 3280 Ecce
2055 3243 2225 3281 dulcedo
2243 3245 2384 3282 seduc-

1350 3305 1442 3342 tiva.
1474 3305 1599 3343 Tertia
1629 3306 1802 3344 dulcedo
1833 3306 2062 3354 tangitur⁹:
2088 3321 2106 3343 α
2126 3306 2229 3344 Sicut
2260 3307 2384 3346 modo

1353 3368 1470 3415 geniti
1492 3367 1657 3405 infantes
1678 3368 1932 3408 rationabiles
1947 3400 1958 3419 ,
1981 3373 2062 3411 sine
2090 3373 2186 3412 dolo
2206 3372 2267 3411 lac
2289 3382 2384 3410 con-

1353 3459 1390 3492 L,
1411 3453 1441 3484 8.
1463 3469 1500 3476 —
1525 3453 1533 3470 ⁷
1556 3452 1667 3490 prov„
1701 3461 1770 3489 Vll,
1798 3457 1828 3486 5.
1856 3473 1895 3479 —
1920 3456 1933 3477 ⁸
1955 3457 2058 3496 Rom,
2087 3466 2161 3500 XVI,
2192 3460 2240 3500 17,
2279 3462 2325 3492 18.
2347 3477 2387 3484 —-

1352 3501 1363 3518 ν
1385 3501 1394 3530 ι
1419 3501 1525 3539 Peleu,
1552 3507 1587 3539 ll,
1609 3503 1636 3531 3.

2149 3569 2201 3607 29

2436 2380 2536 2408 Dulcis

2403 2422 2506 2459 triplici
2513 2437 2524 2442 -

2403 2468 2456 2492 ter.
