2633 3878
1036 338 1278 381 PSALMUS
1311 338 1482 381 CXVIII.

194 437 271 475 mei
287 437 327 473 in
349 435 582 474 contritione
610 434 699 471 filice
725 432 865 481 populi
886 431 964 468 mei
989 444 996 467 :
1018 430 1226 467 venatione

193 501 380 547 ceperunt
398 508 473 544 me,
499 497 613 545 quasi
633 506 746 532 avem
767 493 913 531 inimici
933 493 1012 529 mei
1033 491 1164 539 gratis.
1180 503 1188 526 :
1205 504 1222 526 »

193 572 282 600 ecce
297 560 400 599 oculi
417 560 685 608 lacrymarum
704 556 903 594 deductivi
915 583 927 602 ‚
943 558 1105 604 propter
1124 563 1228 591 mor-

192 624 286 662 talia
308 622 486 661 animam
506 619 756 669 captivantia.

533 727 716 763 Artz'culus
744 727 887 762 tertius.

239 810 434 859 Rapinam
464 808 687 853 annotavit,
709 819 799 854 cum
828 806 982 844 addidit
1005 819 1013 842 :
1038 805 1132 849 Quia
1157 815 1227 841 uon

193 873 459 916 custodz'ericizt3
481 882 526 909 ac
547 871 579 907 si
600 871 747 907 diceret
766 882 774 906 :
798 871 1005 916 Propterea
1024 867 1228 905 solverunt

193 935 406 974 emendam
439 934 543 972 oculi
568 932 741 970 hominis
777 931 999 975 exterioris,
1020 929 1115 978 quia
1145 940 1228 966 non

193 997 463 1036 custodierunt
490 997 598 1033 bona
623 994 797 1032 hominis
817 993 1032 1039 interioris,
1050 993 1228 1029 introdu-

2258 351 2336 391 493

1302 429 1397 472 Quia
1434 439 1505 465 non
1542 429 1812 477 custodierunt,
1848 434 2041 480 quantum
2069 435 2121 471 ad
2153 436 2335 485 rapinam

1299 490 1443 528 factam
1464 501 1536 539 per
1552 491 1732 539 spiritum
1749 493 1910 541 erroris3
1927 497 2053 542 Leqem
2073 500 2191 542 tuam,
2212 510 2336 548 quan-

1299 554 1384 590 tum
1409 553 1461 591 ad
1479 553 1589 592 bona
1608 554 1778 593 moralia
1795 555 1967 594 hominis
1985 558 2191 598 interioris.

1665 703 1890 733 VERSICULUS
1919 707 1972 732 IX.

1350 805 1431 841 137.
1453 806 1578 842 Justus
1601 817 1656 852 es,
1677 810 1845 856 Domine,
1875 813 1945 847 etc.
1986 811 2211 849 Praecedens
2233 815 2337 851 octo-

1299 866 1433 903 narius
1455 867 1671 916 disputavit
1699 870 1748 906 de
1775 871 1908 908 divina
1933 873 2125 921 sapientia
2134 887 2145 921 3
2167 885 2338 922 praesens

1301 929 1526 966 octonarius
1559 930 1776 978 disputabit
1807 933 1856 970 de
1892 934 2026 973 divina
2053 936 2215 982 justitia.
2242 940 2339 975 Nam

1301 990 1350 1028 de
1386 991 1534 1037 justitia
1570 993 1801 1041 dispositiva
1839 996 2014 1034 differret
2063 999 2339 1046 quaternarius

193 1059 320 1098 cendo
352 1062 552 1107 raptorem
573 1085 585 1103 ,
616 1057 762 1094 scilicet
787 1055 967 1104 spiritum
999 1055 1170 1102 erroris3
1193 1057 1229 1091 et

192 1123 246 1160 ita
282 1123 392 1159 bona
424 1120 622 1158 naturalia
660 1120 712 1156 ad
749 1118 955 1156 hominem
993 1118 1228 1155 exteriorem

192 1184 427 1233 pertinentia
453 1184 650 1231 lacrymas
679 1181 954 1226 deduxerunt,
977 1180 1070 1227 quia
1098 1182 1228 1216 custo-

1299 1053 1432 1101 prior3
1457 1054 1506 1091 de
1533 1054 1683 1102 justitia
1713 1056 1942 1105 diffinitiva,
1963 1061 2170 1106 posterior.
2191 1061 2340 1098 lustitia
2375 1077 2498 1105 Jusnaae

1300 1127 1396 1153 vero
1417 1116 1649 1164 dispositiva
1669 1122 1840 1166 quatuor
1864 1121 1984 1158 habet
2002 1121 2105 1159 filias
2127 1134 2135 1158 :
2156 1122 2340 1160 videlicet
2367 1119 2489 1165 ξῑῖὲρῡὲῖ·

1300 1178 1604 1227 prohibitivam‚
1635 1182 1914 1229 praeceptivam
1937 1210 1951 1229 ,
1988 1184 2310 1222 comminativam
2325 1213 2337 1232 ‚
2357 1161 2423 1229 ἓξ
2464 1160 2497 1186 fi·

195 1247 279 1284 dire
298 1247 405 1284 bona
425 1245 594 1283 moralia
613 1244 666 1281 ad
691 1243 897 1280 hominem
923 1242 1148 1279 interiorem
1170 1244 1228 1278 at-

194 1309 356 1347 tinentia
384 1308 655 1355 neglexerunt.
688 1308 732 1343 Et
751 1308 845 1343 nota
863 1333 874 1351 ‚
905 1305 1015 1353 quod
1046 1303 1230 1341 nonnulli

193 1373 284 1408 sunt
305 1399 319 1418 ,
348 1370 417 1419 qui
448 1369 602 1407 Domini
634 1368 825 1407 mandata
855 1378 938 1405 non
970 1366 1227 1413 custodiunt,

195 1434 291 1481 quia
322 1433 529 1480 nesciunt,
550 1432 646 1480 quia
675 1431 907 1478 negligunt,
937 1430 1033 1478 quia
1060 1429 1227 1475 nolunt3

195 1495 293 1532 sicut
319 1495 530 1532 mendaces
545 1523 556 1541 ‚
583 1495 681 1531 sicut
712 1493 889 1539 desideS,
912 1492 1011 1529 sicut
1030 1494 1231 1529 contuma-

197 1568 272 1594 ces.
295 1559 346 1594 De
366 1557 496 1605 primo
517 1557 525 1577 ¹
549 1569 557 1594 :
584 1570 602 1591 «
620 1556 692 1601 Qui
714 1555 806 1592 dicit
825 1566 865 1592 se
885 1565 1000 1592 nosse
1022 1556 1145 1591 Deum
1162 1581 1175 1599 ,
1194 1556 1230 1589 et

196 1619 383 1657 mandata
417 1620 501 1666 ejus
539 1630 621 1656 non
660 1618 856 1663 custodit,
886 1617 1060 1653 mendax
1099 1618 1156 1653 est
1177 1627 1185 1652 :
1207 1629 1226 1650 ν)

196 1692 285 1719 ecce
322 1692 403 1719 non
435 1682 614 1719 custodia
645 1681 865 1717 nescientis.
899 1682 950 1717 De
989 1679 1164 1716 secundo
1183 1677 1226 1714 ²:

200 1756 218 1778 «
254 1745 380 1789 Quare
418 1754 500 1781 non
536 1743 738 1781 custodisti
782 1742 990 1779 dominum
1024 1743 1138 1777 tuum
1173 1751 1231 1777 re-

196 1808 316 1854 gem?
330 1821 347 1840 »
362 1817 451 1844 ecce
470 1817 554 1843 non
575 1805 755 1842 custodia
774 1804 1007 1851 negligentis
1020 1831 1032 1849 ,
1053 1814 1122 1839 seu
1143 1803 1232 1840 dor-

195 1869 363 1906 mientis.
382 1871 433 1906 De
462 1869 575 1906 tertio
599 1868 707 1914 dixit
726 1868 913 1905 Dominus
935 1867 988 1904 ad
1006 1869 1165 1915 Moysen
1183 1868 1196 1889 3
1219 1878 1227 1902 :

199 1944 217 1965 «
239 1933 451 1979 usquequo
470 1942 553 1968 non
571 1930 689 1967 vultis
704 1930 900 1967 custodire
917 1930 1106 1967 mandata
1125 1939 1228 1975 mea,

197 1996 234 2030 ct
265 1994 394 2041 legem
425 1995 587 2031 meam?
605 2006 622 2027 n
647 2003 736 2030 ecce
757 2003 840 2029 non
860 1992 1039 2029 custodia
1059 2002 1140 2029 non
1158 2001 1230 2028 vo-

195 2056 330 2102 lentis,
346 2056 491 2093 scilicet
509 2055 649 2104 populi
669 2055 924 2092 contumacis.

528 2162 716 2197 Articulus
736 2164 842 2207 quari
848 2171 900 2196 us.

244 2247 349 2282 Bona
386 2244 555 2282 moralia
592 2244 820 2280 subnotavit
843 2272 855 2290 ,
893 2255 983 2280 cum
1019 2243 1196 2281 subdidit
1217 2257 1229 2289 ‚-

196 2311 321 2354 Leqem
340 2312 438 2344 tuam
453 2335 465 2353 ‚
487 2308 680 2354 quantum
709 2306 761 2342 ad
793 2306 987 2342 moralem
1014 2306 1229 2343 observan-

196 2370 302 2407 tiam.
324 2372 367 2406 Et
384 2371 500 2415 nota,
522 2368 633 2416 quod
658 2369 741 2404 haec
771 2371 828 2404 est
856 2368 920 2404 lex
938 2370 1116 2405 materna
1131 2397 1142 2414 ‚
1164 2368 1228 2404 lex

195 2433 346 2469 interna
360 2460 372 2478 ‚
393 2433 459 2469 lex
477 2434 646 2478 aeterna3
667 2435 829 2479 propter
859 2430 1073 2467 Ecclesiam
1102 2430 1229 2478 impe-

193 2498 366 2540 rantem,
388 2496 550 2541 propter
570 2493 736 2539 gratiam
767 2493 1069 2529 inviscerantem
1082 2521 1094 2539 ,
1111 2503 1229 2540 prop-

194 2559 250 2592 ter
280 2555 449 2602 gloriam
481 2557 810 2592 remunerantem.
840 2558 890 2592 De
917 2556 1046 2603 primo
1066 2558 1079 2579 '⁴
1102 2568 1110 2593 :
1136 2568 1153 2589 «
1175 2559 1227 2594 Ne

195 2617 367 2655 dimittas
384 2618 513 2665 legem
532 2618 666 2655 matris
688 2621 761 2655 tuae
782 2630 790 2655 :
812 2632 829 2653 »
853 2629 942 2655 ecce
963 2618 1028 2655 lex
1047 2621 1226 2656 materna

193 2683 355 2729 propter
373 2680 585 2718 Ecclesiam
605 2681 879 2729 imperantem.
901 2683 953 2717 De
973 2681 1149 2718 secundo
1172 2681 1228 2718 di-

195 2744 246 2779 cit
265 2743 455 2780 Dominus
473 2744 486 2765 ⁵
508 2756 517 2780 2
544 2756 561 2777 «
579 2744 688 2780 Dabo
708 2743 840 2790 legem
860 2754 992 2780 meam
1010 2743 1052 2780 in
1072 2743 1228 2781 visceri-

194 2808 268 2844 bus
289 2819 426 2846 eorum
447 2820 456 2845 ;
479 2821 496 2842 »
519 2819 608 2845 ecce
629 2808 693 2844 lex
710 2807 863 2844 interna
880 2809 1042 2856 propter
1061 2807 1228 2854 gratiam

193 2870 507 2908 inviscerantem.
534 2873 582 2907 De
603 2870 715 2907 tertio
735 2871 748 2892 ⁰
770 2881 778 2906 :
805 2883 822 2904 (ι
842 2869 908 2907 Hic
937 2870 1038 2907 liber
1057 2870 1225 2908 manda-

194 2934 325 2970 torum
346 2933 438 2979 Dei,
461 2935 496 2970 et
515 2933 580 2969 lex
601 2943 689 2980 quae
716 2934 771 2968 est
795 2931 836 2968 in
856 2934 1044 2969 aeternum
1066 2945 1074 2970 :
1097 2946 1114 2967 η
1138 2943 1227 2969 ecce

193 2994 255 3032 lex
274 2997 418 3033 aeterna
433 2997 594 3043 propter
612 2994 780 3042 gloriam
799 2996 1128 3032 remunerantem.

624 3104 798 3148 Epilogus.

243 3186 423 3232 Loquens
455 3194 546 3231 ergo
578 3185 772 3232 Propheta
791 3213 804 3231 ‚
838 3187 1027 3232 tanquam
1057 3194 1228 3232 persona

195 3247 304 3295 prius
333 3247 579 3295 compedita,
603 3247 864 3294 postmodum
895 3246 1080 3294 expedita
1097 3275 1108 3294 ,
1129 3247 1226 3284 inte-

195 3310 276 3347 rius
295 3310 490 3355 absoluta,
506 3309 698 3357 quoniam
714 3309 879 3346 exterius
902 3308 1086 3356 resoluta,
1109 3308 1223 3346 dicit:

195 3375 326 3410 Emittis
345 3384 544 3420 aquarum,
567 3374 760 3419 quantum
781 3371 834 3408 ad
855 3371 1066 3409 emendam
1083 3371 1228 3409 factam

196 3445 266 3482 per
296 3435 476 3483 spiritum
507 3434 711 3481 moeroris3
744 3435 977 3471 Deduaeerunt
1005 3436 1103 3470 oculo·
1132 3436 1225 3482 mei,

198 3499 388 3543 quantum
408 3497 460 3535 ad
478 3497 588 3535 bona
605 3497 801 3534 naturalia
818 3496 992 3534 hominis
1010 3496 1226 3543 exterioris3

243 3582 248 3598 ¹
275 3581 284 3612 Ι
310 3581 416 3618 Joan..
443 3589 490 3621 11,
516 3584 546 3614 4.
566 3599 608 3605 —
633 3582 644 3600 ²
663 3582 678 3613 1
700 3582 791 3622 Req„
814 3587 913 3621 xxvi,
937 3582 988 3613 1:⁰1.
1010 3598 1052 3603 —
1072 3580 1083 3599 ³
1101 3580 1226 3622 Eaeocl„

200 3634 270 3668 xvi,
289 3629 339 3660 28.
361 3645 400 3652 —
426 3628 437 3647 ⁴
465 3631 574 3668 Prov„
600 3637 625 3670 1,
653 3630 685 3661 8.
705 3646 744 3653 —
772 3629 785 3650 ⁵
814 3628 946 3668 Jerem.,
979 3636 1080 3669 xxxr,
1109 3630 1160 3661 33.
1185 3646 1227 3654 ·-

1301 1241 1581 1287 promissivam
1608 1271 1620 1288 >
1659 1243 1823 1280 totidem
1870 1245 2048 1283 versibus
2093 1247 2337 1294 conjugatas.

1302 1303 1543 1341 prohibitiva
1572 1305 1722 1351 justitia
1742 1333 1754 1352 ,
1792 1306 1922 1354 primo
1960 1309 2092 1345 versui
2128 1309 2336 1358 copulata,

1302 1366 1488 1413 prohibet
1507 1378 1623 1405 omne
1642 1368 1778 1405 vitium
1799 1380 1873 1417 per
1891 1371 2140 1419 quadruplex
2158 1373 2339 1420 prohibi-

1302 1428 1447 1465 torium
1474 1441 1482 1466 :
1504 1440 1575 1477 per
1599 1432 1822 1478 externum,
1842 1442 1913 1480 per
1932 1443 2148 1481 supernum
2161 1462 2174 1480 ,
2193 1445 2264 1482 per
2282 1435 2341 1471 in-

1302 1492 1458 1527 ternum
1481 1520 1493 1538 ‚
1523 1503 1594 1540 per
1626 1492 1849 1540 infernum3
1887 1495 2034 1533 scilicet
2066 1507 2138 1543 per
2162 1496 2309 1542 justum
2327 1527 2338 1545 ‚

1302 1563 1374 1600 per
1408 1553 1630 1590 domimum
1654 1583 1666 1602 ,
1697 1566 1768 1603 per
1805 1558 1958 1594 rectum
1985 1585 1997 1603 ,
2028 1568 2098 1605 per
2127 1558 2336 1605 judicium.

1304 1615 1449 1659 Quaeris
1478 1617 1596 1663 quale
1613 1618 1631 1653 ⁴?
1657 1628 1728 1665 per
1752 1618 1901 1664 Justum
1929 1619 2083 1666 legale,
2110 1631 2181 1668 per
2213 1621 2339 1658 domi-

1303 1678 1414 1713 nium
1442 1679 1574 1724 regale
1592 1707 1604 1725 ,
1626 1690 1697 1727 per
1724 1682 1874 1717 rectum
1903 1682 2114 1729 rationale,
2135 1693 2206 1730 per
2230 1683 2337 1729 judi-

1305 1739 1410 1776 cium
1429 1740 1662 1787 gehennale.

1646 1845 1834 1882 Articulus
1854 1849 2006 1893 primus.

1351 1930 1501 1965 Justum
1520 1929 1648 1976 legale
1663 1931 1867 1978 proditur,
1885 1944 1977 1969 cum
1991 1933 2173 1982 psallitur
2189 1947 2198 1972 :
2215 1937 2237 1971 J
2240 1939 2340 1972 ustus

1305 2002 1360 2037 es,
1384 1991 1478 2039 quia
1504 1993 1605 2038 justa
1627 1993 1744 2039 jubes
1758 2007 1769 2040 3
1789 1995 1912 2041 justas
1937 1996 2075 2032 condis
2099 1997 2206 2043 leges
2215 2025 2228 2043 ‚
2249 2008 2334 2034 om-

1304 2062 1396 2089 nem
1413 2053 1642 2101 injustitiam
1662 2056 1928 2103 prohibentes.
1951 2060 1994 2094 Et
2017 2060 2112 2095 nota
2132 2059 2181 2095 de
2202 2059 2337 2096 divina

1301 2116 1470 2161 justitia,
1492 2117 1603 2164 quod
1631 2117 1773 2164 legitur
1804 2119 2019 2167 tripartita:
2051 2121 2198 2158 scilicet
2228 2132 2336 2158 erec-

1304 2179 1396 2222 tiva,
1420 2179 1612 2225 effectiva,
1631 2181 1863 2228 neglectiva.
1886 2182 2016 2219 Prima
2035 2183 2177 2221 dicitur
2191 2185 2339 2231 justitia

1304 2242 1532 2286 sancientis3
1566 2244 1758 2290 secunda,
1793 2244 1942 2290 justitia
1977 2245 2152 2283 facientis
2163 2260 2174 2294 ;
2207 2247 2336 2294 tertia,

1301 2304 1448 2350 justitia
1461 2305 1656 2352 patieutis.
1674 2308 1725 2343 De
1739 2306 1912 2355 prim-21⁷:
1941 2322 1958 2342 «
1976 2311 2058 2345 Rex
2073 2309 2198 2355 justus
2218 2310 2339 2356 eriget

1304 2370 1472 2404 terram:
1496 2381 1513 2402 »
1537 2379 1626 2405 ecce
1647 2369 1796 2416 justitia
1828 2370 2006 2408 erectiva.
2028 2373 2079 2408 De
2105 2372 2280 2409 secunda
2297 2373 2335 2409 ³:

1309 2441 1327 2463 «
1349 2432 1478 2467 Justus
1505 2442 1546 2467 es
1577 2431 1619 2467 in
1647 2432 1851 2479 omnibus,
1885 2444 1974 2481 quae
2003 2433 2126 2471 fecisti
2154 2435 2295 2471 nobis:
2317 2449 2335 2469 »

1305 2502 1394 2528 ecce
1410 2492 1560 2538 justitia
1581 2493 1770 2530 effectiva.
1794 2497 1845 2531 De
1865 2495 1977 2532 tertia
1995 2496 2027 2533 ⁹:
2046 2511 2064 2530 «
2084 2495 2157 2541 Qui
2176 2497 2340 2544 negligit

1305 2555 1497 2592 damnum
1523 2559 1686 2604 propter
1721 2557 1911 2604 amicum,
1939 2559 2066 2605 justus
2092 2563 2177 2598 est:
2204 2573 2222 2595 >³
2250 2571 2338 2597 ecce

1297 2617 1447 2663 justitia
1465 2618 1695 2666 neglectiva.

1626 2728 1811 2765 Articulus
1830 2729 2019 2768 secundus,

1352 2808 1576 2846 Dominium
1615 2810 1747 2858 regale
1784 2813 1992 2860 promitur,
2030 2824 2120 2851 cum
2155 2815 2306 2854 canitur
2324 2829 2333 2854 ε

1303 2872 1465 2908 Domine.
1482 2873 1620 2919 Magna
1638 2874 1812 2921 profecto
1827 2876 2013 2913 vitiorum
2031 2880 2087 2914 est
2104 2879 2334 2927 prohibitio,

1303 2932 1407 2971 illius
1430 2934 1583 2972 Domini
1603 2936 1880 2985 consideratio,
1897 2939 2007 2986 cujus
2021 2941 2155 2979 omnia
2169 2942 2338 2981 subster-

1302 2999 1449 3034 nuntur
1468 2997 1660 3036 dominio.
1682 3001 1726 3036 Et
1744 3001 1966 3038 notandum
1985 3002 2088 3040 circa
2105 3005 2337 3052 praedictum

1304 3058 1551 3106 dominium,
1572 3061 1682 3109 quod
1702 3065 1758 3099 est
1768 3091 1780 3110 ,
1801 3064 2022 3102 secundum
2046 3067 2248 3115 Scripturae
2266 3071 2337 3106 tes-

1302 3121 1526 3168 timonium,
1543 3124 1679 3162 omnia
1691 3128 1846 3173 potens,
1859 3127 1993 3164 omnia
2005 3127 2334 3177 circumspiciens,

1303 3183 1457 3231 omnia,
1483 3195 1571 3233 quae
1601 3186 1704 3233 vult,
1729 3187 1887 3225 faciens.
1910 3190 2156 3238 Quapropter
2183 3202 2333 3239 omneS,

1302 3248 1339 3283 et
1357 3246 1501 3294 singuli
1518 3250 1607 3286 sunt
1627 3248 1810 3287 substrati
1837 3251 1920 3298 eJ'us
1938 3253 2139 3299 potentiae,
2160 3254 2242 3300 ejus
2261 3265 2334 3292 no-

1301 3308 1405 3356 titiae,
1426 3309 1509 3356 ejus
1527 3310 1734 3348 voluntati.
1758 3313 1809 3349 De
1831 3313 1960 3360 primo
1982 3314 2026 3351 ¹⁰:
2041 3327 2060 3349 «
2078 3315 2333 3363 Respondens

1301 3373 1374 3410 Job
1395 3373 1560 3411 Domino
1580 3373 1702 3411 dixit:
1729 3375 1837 3421 Scio,
1869 3376 1964 3424 quia
1988 3378 2122 3415 omnia
2152 3381 2288 3426 potes:
2309 3394 2329 3416 »

1302 3444 1392 3472 ecce
1413 3435 1601 3472 Dominus
1633 3436 1768 3474 omnia
1786 3439 1948 3485 potens.
1978 3441 2030 3476 De
2067 3440 2243 3480 secundo
2269 3443 2296 3466 ¹¹
2321 3455 2330 3480 ε

1307 3509 1326 3531 «
1356 3496 1466 3535 Oculi
1501 3497 1654 3535 Domini
1688 3499 1814 3536 multo
1849 3500 1939 3548 plus
1971 3500 2184 3541 lucidiores
2214 3515 2334 3554 super

1303 3580 1316 3602 ⁶
1332 3581 1428 3617 Bar..
1453 3588 1498 3621 ιν,
1522 3584 1606 3612 1.—
1630 3582 1638 3600 ⁷
1659 3581 1772 3623 I'rov„
1789 3591 1886 3624 xxix,
1904 3584 1933 3616 4.
1950 3601 1990 3608 —
2007 3583 2134 3627 ⁸Dan.,
2153 3595 2207 3628 111.
2226 3589 2278 3621 27.
2292 3605 2332 3613 —-

1302 3628 1316 3650 ⁹
1332 3628 1443 3668 prov„
1458 3635 1522 3670 xli,
1540 3630 1592 3661 26.
1609 3646 1646 3652 —-
1666 3629 1768 3669 ¹⁰Job,
1787 3637 1873 3671 x1.11,
1887 3632 1918 3664 2.
1934 3649 1975 3656 —
1991 3635 2014 3656 ¹¹
2029 3633 2149 3675 Βαὰλ,
2162 3643 2264 3676 xxm,
2278 3637 2329 3669 28.
