2633 3878
276 251 355 290 418

273 338 435 384 igneum
467 331 729 369 intruduntur.
770 325 1084 366 confunduntur,
1120 321 1296 366 inquam,

272 408 344 446 per
361 397 576 432 humanam
595 390 842 440 patientiam3
867 386 1086 424 illuduntur
1114 391 1185 429 per
1204 377 1300 415 divi-

273 471 366 497 nam
386 456 637 499 sententiam3
658 451 912 490 intruduntur
926 459 995 496 per
1014 449 1197 482 aetemam
1221 439 1296 477 mi-

273 522 428 560 seriam.
456 522 505 556 De
526 518 653 566 primo
674 517 682 537 ¹
708 529 716 552 z
743 529 761 550 α
789 512 947 561 Respice
981 510 1141 546 cunctos
1167 513 1319 551 super-.

272 584 360 629 hm,
382 585 417 619 et
437 579 633 619 confunde
661 589 741 615 eos.
764 590 781 609 n
814 575 874 612 Sic
895 572 1039 609 faciunt
1059 567 1180 605 sancti
1200 575 1299 601 mar-

271 647 377 694 tyres
397 645 641 680 accusatores
653 650 745 676 suos
761 651 769 674 :
792 647 879 674 eece
896 632 1087 681 superbos
1100 627 1296 666 confusos,

273 710 323 745 De
344 706 541 744 secundo*
565 717 572 740 ε
596 719 611 735 «
638 701 768 739 illusio
791 702 827 736 ct
852 694 1138 744 improperium
1165 699 1300 737 super-

272 769 431 813 borum,
452 771 487 804 et
507 765 691 808 vindicta,
713 763 811 799 sicut
829 761 892 797 leo
921 756 1136 795 insidiatur,
1159 767 1175 786 »
1201 750 1301 787 scili-

274 834 334 868 cet
353 831 393 867 in
409 828 544 866 divino
579 825 729 873 judicio
759 832 878 859 :eece
916 818 1109 867 superbos
1148 814 1297 850 illusos.

274 895 325 930 De
345 891 455 929 tertio
478 891 491 911 ³
514 902 521 925 :
545 902 562 921 α
583 890 677 924 Ecce
701 885 784 922 dies
800 882 929 920 veniet
962 888 1161 921 succensa,
1189 874 1301 921 quasi

275 953 468 997 caminus,
484 954 520 988 et
534 953 646 987 erunt
667 957 803 985 omnes
829 943 1003 991 superbi,
1026 944 1063 976 et
1080 947 1216 975 omnes
1243 934 1299 971 fa-

275 1016 418 1053 cientes
435 1012 679 1060 iniquitatem
711 1007 868 1055 stipula,
899 1008 935 1041 ct
954 997 1216 1039 inflammabit
1235 1007 1301 1033 eos

276 1077 359 1115 dies
378 1075 554 1120 veniens,
576 1086 593 1106 ι)
612 1071 756 1108 scilieet
787 1068 869 1104 dies
891 1061 1109 1101 calimitatis
1130 1062 1167 1097 et
1186 1058 1301 1096 mise-

274 1139 341 1176 riae
363 1150 372 1175 :
395 1147 483 1174 ecce
503 1133 693 1181 superbos
714 1132 754 1167 in
771 1128 970 1166 caminum
995 1123 1096 1172 ignis
1117 1122 1299 1158 intrusos.

595 1235 778 1273 Articulus
797 1231 982 1269 secundus.

322 1324 516 1368 Quantum
545 1318 597 1356 ad
619 1315 837 1354 secundum
863 1310 1085 1354 articulum,
1113 1306 1270 1343 additur
1292 1316 1300 1340 ε

277 1386 371 1430 Ωῑιιά
392 1384 540 1429 injuste,
564 1381 639 1417 hoe
660 1381 728 1424 est,
760 1376 904 1422 injusto
931 1371 1063 1419 judice
1090 1368 1302 1406 mediante.

275 1449 398 1487 Judex
418 1448 486 1483 iste
516 1444 631 1491 igitur
655 1441 735 1487 agit
763 1439 917 1485 injuste,
948 1439 1136 1481 tanquam
1160 1429 1303 1476 magis-

276 1516 333 1548 ter
353 1507 560 1556 injustitiae,
581 1507 647 1542 aut
659 1501 811 1539 adulter
824 1498 993 1546 justitiae,
1020 1493 1210 1543 quoniam
1244 1491 1303 1526 in-

273 1572 458 1620 justitiam
480 1566 725 1609 determinat,
747 1565 812 1599 aut
835 1559 1023 1607 justitiam
1050 1553 1301 1592 contaminat.

163 1647 260 1676 sodex
280 1638 321 1673 Et
339 1636 430 1671 nota
443 1632 491 1668 de
512 1630 655 1677 injusto
671 1625 817 1673 judice,
835 1621 945 1670 quod
964 1617 1166 1666 tripliciter
1179 1616 1306 1662 potest

118 1689 259 1726 injustus.

155 2699 264 2735 Iniqui-

123 2742 170 2768 (υ
201 2749 265 2768 εκ»

137 2782 248 2809 euteria

137 2823 254 2858 triplex.

278 1697 418 1744 injuste
438 1703 568 1740 agere,
589 1691 782 1737 quantum
801 1685 852 1722 ad
877 1683 1108 1732 potestatem
1133 1676 1303 1725 judicia-

278 1760 391 1800 riam,
413 1757 605 1804 quantum
625 1750 677 1788 ad
693 1747 897 1796 justitiam,
931 1745 1124 1791 quantum
1161 1738 1215 1776 ad
1246 1738 1304 1773 in-

274 1820 463 1869 justitiam
484 1829 492 1854 :
517 1815 613 1864 quia
630 1813 759 1861 potest
777 1809 917 1855 injuste
948 1799 1179 1853 potestatem
1205 1810 1308 1837 assu-

278 1893 405 1928 merc3
427 1883 555 1929 potest
582 1876 770 1924 justitiam
804 1869 976 1908 vendere
994 1881 1004 1914 3
1024 1867 1154 1914 potest
1188 1862 1308 1908 injus·

277 1945 401 1982 titiam
416 1941 609 1989 judicare.
636 1940 686 1973 De
714 1932 870 1983 primo⁸
896 1944 903 1967 z
929 1943 946 1964 «
968 1929 1039 1974 Qui
1076 1927 1307 1974 potestatem

278 2007 353 2044 sibi
389 2002 551 2042 assumit
586 2000 741 2046 injuste,
778 1995 934 2033 odietur
953 2006 969 2025 υ
996 2004 1006 2026 :
1039 1998 1126 2026 ecce
1165 1986 1310 2033 injusta

279 2066 506 2114 assumptio.
555 2065 606 2100 De
644 2058 819 2097 secundo
838 2058 852 2079 ⁵
874 2067 882 2092 z
909 2067 926 2089 «
960 2052 1033 2097 Qui
1070 2050 1226 2087 acervat
1263 2056 1309 2083 ex

280 2131 412 2167 animo
433 2137 504 2164 suo
526 2125 680 2172 injuste,
702 2120 788 2158 aliis
806 2117 1020 2164 congregat
1028 2126 1038 2160 3
1061 2113 1115 2149 sic
1148 2109 1307 2154 faciunt,

281 2188 549 2240 quijustitiam
569 2185 771 2222 vendunt:
798 2194 816 2215 »
840 2189 927 2216 ecce
945 2175 1099 2224 justitiae
1118 2170 1307 2209 venditio.

282 2254 332 2289 De
350 2251 462 2289 tertio
483 2251 496 2272 ⁶
519 2262 526 2285 :
553 2262 571 2283 ι(
589 2250 674 2285 Non
692 2244 810 2281 facies
825 2240 936 2289 quod
952 2238 1134 2284 iniquum
1150 2236 1219 2277 est,
1238 2242 1311 2268 nec

281 2315 421 2362 injuste
438 2309 634 2359 judicabis
656 2320 664 2344 :
687 2320 705 2340 n
728 2305 792 2342 hie
811 2301 1044 2351 prohibetur
1063 2297 1206 2343 injusta
1228 2303 1311 2330 me-

283 2375 435 2413 ditatio.

614 2416 798 2453 Articulus
828 2412 968 2448 tertius.

329 2499 525 2544 Quantum
558 2493 610 2530 ad
640 2490 808 2534 tertium,
841 2484 1021 2522 scribitur
1045 2494 1052 2518 :
1079 2483 1312 2528 Iniquitatem

283 2563 438 2606 fecerunt
458 2560 496 2593 z'n
516 2566 588 2602 me,
609 2552 683 2601 ipsi
707 2549 833 2597 iniqui
860 2547 1141 2595 persecutores,
1162 2543 1314 2579 sentcn-

283 2622 344 2659 tiae
364 2619 516 2659 effectui
535 2614 803 2662 mancipantes
835 2606 1104 2645 sententialem
1138 2613 1312 2651 poenam,

284 2695 352 2721 seu
371 2681 567 2731 poenalem
587 2674 832 2713 sententiam.
866 2672 909 2707 Et
946 2670 1054 2712 nota,
1092 2665 1202 2714 quod
1240 2664 1312 2699 ini-

286 2746 411 2793 quitas
439 2740 660 2780 executoris.
694 2735 848 2773 videtur
886 2729 1096 2778 tripartita,
1133 2725 1315 2763 videlieet

286 2805 472 2850 ablativa,
494 2800 735 2843 translativa,
754 2795 916 2835 insitiva,
949 2789 1166 2828 secundum
1205 2786 1315 2835 quod

288 2868 447 2916 punitur
487 2862 683 2912 quispiam
714 2859 906 2906 quantum
954 2853 1006 2890 ad
1043 2850 1314 2894 substantiam,

287 2930 352 2966 vel
370 2927 551 2976 patriam,
569 2923 633 2960 vel
649 2929 873 2969 personam.
902 2918 952 2952 De
973 2915 1103 2962 primo
1122 2913 1134 2935 ⁷
1157 2925 1165 2948 :
1190 2925 1208 2945 «
1230 2913 1317 2948 Nes-

289 2991 439 3029 cierunt
451 2990 600 3024 rectum
619 2984 761 3027 facere,
784 2979 876 3017 dicit
902 2976 1102 3021 Dominus,
1126 2972 1316 3010 thesauri-

288 3054 418 3090 zantes
432 3048 694 3096 iniquitatem,
715 3046 752 3080 ct
764 3041 945 3089 rapinam
960 3039 999 3074 in
1013 3037 1163 3074 aedibus
1177 3034 1256 3071 suis
1272 3046 1280 3070 ε
1296 3048 1312 3066 »

289 3125 378 3152 ecce
397 3110 583 3159 iniquitas
603 3105 787 3144 ablativa.
821 3104 871 3139 De
892 3099 1086 3144 secundo,
1115 3097 1186 3133 ubi
1224 3095 1317 3132 diei-

289 3179 351 3213 tur
364 3175 413 3212 de
434 3169 626 3220 praedictis
645 3164 857 3214 iniquitatis
876 3161 1061 3199 ministris
1081 3160 1094 3182 ⁸
1110 3171 1117 3195 :
1144 3172 1161 3192 «
1176 3157 1318 3195 Lassati

291 3247 425 3273 sumus
450 3236 490 3271 in
507 3233 573 3269 via
591 3227 819 3277 iniquitatis,
840 3227 878 3262 et
911 3221 1142 3271 perditionis
1163 3232 1170 3256 :
1189 3234 1205 3254 υ
1229 3230 1317 3255 ecce

291 3298 473 3346 iniquitas
511 3291 748 3332 translativa.
789 3291 840 3326 De
875 3285 987 3322 tertio
1014 3285 1028 3306 ⁹
1062 3295 1070 3319 ε
1097 3295 1115 3316 «
1134 3281 1319 3328 Iniquitas

336 3397 343 3413 ¹
363 3393 435 3433 Job,
454 3400 512 3432 ιι,
533 3393 564 3424 6.
582 3407 622 3414 -
639 3389 653 3410 ²
673 3386 787 3425 Ecca„
811 3391 926 3424 xxvn,
947 3383 1042 3413 31.-
1071 3380 1082 3398 ³
1107 3377 1246 3417 Malae„
1272 3385 1319 3417 iv,

295 3443 324 3474 ¹.
341 3457 382 3466 --
399 3442 413 3463 ¹*
431 3439 549 3478 Eccli.‚
572 3444 637 3476 xx,
658 3438 688 3467 8.
711 3452 753 3458 —
775 3434 786 3452 ⁵
810 3430 930 3470 Eccli„
959 3435 1027 3467 XIV,
1048 3429 1080 3467 4,
1101 3443 1141 3449 —
1165 3425 1176 3444 ⁶
1202 3425 1318 3463 lavit„

294 3496 374 3528 111,
417 3491 466 3519 15.
492 3503 532 3510 —
563 3486 570 3502 '¹
599 3486 710 3518 Amos.
743 3488 799 3519 ιιι,
834 3482 881 3509 tu.
911 3493 952 3501 —
984 3479 993 3494 ¹⁵
1027 3474 1121 3514 Sap„
1154 3481 1185 3510 v,
1223 3485 1246 3502 ι.

973 228 1247 275 Expost‘rlu
1280 225 1331 267 lN
1360 221 1710 265 PSALTERIUM.

1381 312 1545 350 surrexit
1579 311 1618 347 in
1639 311 1790 356 virgam
1810 309 2018 357 impietatis
2040 322 2048 346 :
2071 323 2089 345 »
2113 321 2200 349 ecee
2218 312 2401 361 iniquitas

1375 373 1536 410 illativa.

1704 420 1888 455 Articulus
1915 421 2078 465 quartus.

1423 499 1617 542 Quantum
1651 495 1703 532 ad
1743 498 1941 542 quartum,
1979 494 2236 532 subscribitur
2282 508 2290 532 :
2327 498 2404 544 qu

1376 564 1494 595 autem
1526 558 1706 594 eaeercebor
1733 558 1772 592 in
1803 556 1986 592 mandatis
2015 559 2106 602 tuis3
2141 556 2253 604 quasi
2274 557 2402 594 dicat:

1376 623 1460 657 Non
1483 618 1692 656 exercebor
1711 617 1827 653 minis
1846 618 2058 664 tyrannicis
2067 630 2077 664 3
2098 617 2167 654 scd
2193 618 2406 655 exercebor

1376 682 1417 718 in
1437 679 1634 717 mandatis
1658 678 1866 715 dominicis
1888 690 1896 714 :
1926 689 2006 715 non
2026 679 2194 716 verebor
2214 679 2320 726 leges
2350 679 2405 716 in-

1375 743 1535 780 feriores
1547 754 1557 787 3
1594 741 1663 777 sed
1699 739 1909 776 reverebor
1941 740 2176 787 superiores.
2218 743 2261 777 Et
2297 744 2404 787 nota,

1377 803 1487 851 quod
1507 802 1693 839 mandata
1712 801 1879 838 moralia
1910 804 1999 837 sunt
2018 801 2144 838 edicta
2171 802 2404 849 imperialia,

1376 865 1534 912 publice
1575 863 1838 912 promulgata,
1897 862 2118 899 authentice
2163 862 2404 910 confirmata,

1375 927 1539 974 pacifice
1578 927 1785 963 observata
1806 938 1814 961 z
1851 925 2103 973 promulgata
2140 925 2406 973 proculdubio

1377 989 1556 1035 angelico
1577 988 1814 1031 ministerio,·
1837 987 2069 1024 confirmata
2095 997 2188 1024 vero
2209 987 2406 1024 dominico

1377 1050 1602 1096 magisterio
1618 1063 1628 1096 3
1652 1050 1860 1086 observata
1872 1051 2072 1096 postremo
2089 1049 2280 1086 catholico
2296 1059 2407 1086 exer-

1379 1111 1482 1147 citio.
1506 1113 1556 1147 De
1571 1110 1700 1158 primo
1720 1121 1789 1158 per
1808 1110 2050 1146 Psalmistam
2080 1110 2219 1147 dicitur
2233 1111 2261 1133 ¹⁰
2283 1121 2292 1145 :
2315 1122 2333 1144 «
2354 1112 2408 1146 Tu

1377 1171 1572 1209 mandasti
1584 1185 1593 1218 ;
1607 1186 1623 1206 »
1645 1171 1791 1208 scilicet
1804 1171 2067 1208 mediantibus
2085 1171 2233 1217 angelis
2241 1184 2252 1217 3
2269 1182 2287 1205 «
2302 1181 2409 1208 man-

1379 1233 1472 1271 data
1498 1236 1566 1270 tua
1586 1233 1771 1270 custodiri
1800 1233 1916 1269 nimis
1938 1245 1946 1269 :
1969 1247 1985 1267 »
2011 1243 2107 1269 ecce
2121 1233 2299 1279 angelica
2315 1242 2409 1280 pro-

1377 1297 1583 1343 mulgatio.
1599 1298 1647 1332 De
1662 1295 1834 1331 secundo
1845 1305 1914 1342 per
1925 1295 2158 1341 prophetam
2168 1293 2345 1341 psallitur
2358 1292 2383 1315 ²¹
2396 1305 2404 1330 :

1382 1373 1399 1391 «
1419 1358 1568 1395 Fidelia
1614 1356 1798 1394 mandata
1838 1357 1935 1403 ejus,
1958 1370 1974 1390 »
1997 1355 2142 1393 scilicet
2168 1355 2304 1392 Christi
2333 1355 2407 1391 Do-

1378 1420 1475 1456 mini
1494 1423 1529 1456 ct
1548 1419 1715 1466 Magistri
1736 1418 1870 1464 nostri,
1881 1431 1897 1451 «
1916 1417 2146 1454 confirmata
2166 1416 2206 1452 in
2227 1415 2411 1453 saeculum

1378 1481 1508 1518 saeculi
1531 1493 1539 1517 τ
1558 1495 1575 1516 »
1599 1491 1688 1517 ecee
1710 1479 1910 1516 dominica
1930 1478 2188 1516 confirmatio.
2213 1479 2263 1515 De
2296 1477 2407 1514 tertio

1378 1555 1450 1592 per
1469 1544 1597 1591 ipsum
1616 1541 1970 1589 psalmographum
1986 1541 2027 1577 in
2045 1550 2216 1588 persona
2234 1538 2410 1576 Ecclesiae

1380 1606 1580 1643 catholicae
1598 1604 1780 1641 scribitur
1800 1604 1828 1625 ¹²
1849 1615 1884 1639 :«
1900 1602 2059 1640 Servavi
2078 1602 2266 1639 mandata
2284 1603 2354 1638 tua
2373 1603 2410 1638 et

1379 1667 1603 1705 testimonia
1617 1669 1679 1703 tua
1703 1677 1711 1701 ε
1734 1678 1750 1695 n
1776 1675 1864 1702 ecce
1885 1664 2049 1712 pacifica
2066 1662 2327 1701 conservatio.

1809 1771 1979 1812 Epilogus.

1430 1856 1535 1891 Patet
1553 1854 1684 1900 itaque
1713 1862 1792 1888 vox
1829 1850 2047 1897 Prophetae,
2083 1849 2210 1886 vicem
2245 1848 2413 1895 gerentis

1382 1926 1560 1964 personae
1598 1913 1796 1950 charitatis
1834 1911 2053 1948 munimine
2080 1911 2290 1947 roboratae.
2327 1911 2415 1948 Con-

1382 1977 1601 2023 fundantur,
1622 1975 1762 2023 inquit,
1777 1974 2138 2020 superbi,quantum
2150 1972 2202 2009 ad
2220 1971 2413 2019 superbos

1383 2040 1628 2076 accusatores
1636 2049 1647 2084 3
1670 2037 1766 2080 Quia
1786 2035 1933 2081 injuste,
1965 2036 2157 2081 quantum
2177 2033 2230 2071 ad
2250 2033 2414 2080 injustos

1379 2101 1554 2147 judices3
1577 2101 1814 2145 [niquitatem
1828 2099 1991 2141 fecerunt
2012 2097 2051 2131 in.
2068 2107 2134 2142 me,
2150 2097 2343 2143 quantum
2362 2094 2416 2132 ad

1383 2163 1541 2210 iniquos
1559 2163 1748 2205 tortores3
1769 2160 1844 2205 qu
1869 2161 1986 2194 autem
2006 2158 2186 2194 exercebor
2205 2159 2246 2194 in
2265 2157 2413 2194 manda-

1387 2228 1434 2261 tis
1454 2228 1539 2268 tuis,
1561 2224 1753 2270 quantum
1774 2220 1826 2257 ad
1845 2219 1952 2266 leges
1969 2219 2202 2266 superiores.

1747 2364 1965 2393 YERSICULUS
1984 2365 2036 2390 XV
2043 2382 2051 2390 .

1434 2477 1491 2510 79.
1515 2474 1771 2509 Convertamur
1791 2471 1880 2506 mihi
1898 2471 2061 2505 timentes
2077 2472 2124 2515 te,
2146 2469 2219 2504 etc.
2240 2466 2413 2505 Charita-

1386 2537 1432 2574 tis
1457 2536 1499 2583 (α)
1517 2533 1749 2572 vivificantis
1773 2534 1812 2569 et
1834 2529 2077 2568 fortificantis
2104 2528 2343 2566 desiderium
2375 2529 2416 2566 in

1387 2598 1545 2635 duobus
1556 2595 1764 2644 praemissis
1778 2594 1954 2632 versibus
1965 2596 2021 2630 est
2030 2603 2278 2641 expressum3
2288 2592 2416 2641 sequi-

1386 2663 1448 2697 tur
1466 2658 1694 2696 aedifieantis
1719 2656 1912 2694 charitatis
1940 2655 2201 2701 desiderium,
2221 2666 2292 2703 per
2318 2665 2417 2702 qua-

1388 2721 1669 2759 drimembrem
1679 2729 1813 2755 versus
1831 2717 2028 2765 praesentis
2042 2716 2181 2753 seriem
2195 2716 2418 2763 exprimen-

1388 2784 1496 2820 dum.
1507 2781 1709 2820 Charitatis
1720 2782 1849 2816 autem
1861 2777 2181 2823 aedificativae,vel
2189 2777 2417 2814 aedificantis

1389 2844 1643 2888 charitativae,
1667 2841 1908 2878 desiderium
1932 2840 2048 2876 debet
2068 2848 2150 2875 esse
2177 2837 2416 2876 detor-matos

1387 2906 1614 2950 informare,
1628 2903 1856 2940 informatos
1875 2902 2106 2946 reformare,
2124 2902 2162 2938 et
2182 2899 2416 2937 reformatos

1389 2968 1463 3004 sihi
1483 2966 1742 3004 conformare.
1765 2963 1873 3000 Unde
1893 2963 2098 3010 Propheta,
2111 2961 2224 3010 quasi
2243 2971 2417 3010 persona

1389 3029 1630 3073 charitativa,
1650 3030 1687 3063 et
1717 3025 1943 3062 charitative
1980 3024 2227 3070 aedificativa,
2266 3023 2415 3061 deside-

1388 3091 1492 3129 rium
1512 3101 1628 3127 suum
1660 3086 1842 3136 exprimit
1879 3097 1950 3134 per
1981 3086 2065 3123 haec
2092 3085 2216 3122 verba
2238 3085 2415 3122 :Conver-

1391 3157 1515 3189 tamur
1533 3152 1635 3193 mihi,
1653 3154 1742 3196 etc„
1762 3148 1876 3196 quasi
1891 3148 1994 3184 dicat
2015 3159 2024 3184 :
2046 3146 2244 3184 Desiderio
2263 3146 2416 3184 deside-

1390 3214 1489 3260 ravi,
1510 3213 1621 3261 quod
1657 3210 1880 3256 deformati,
1913 3208 2113 3246 informati
2151 3210 2188 3245 et
2215 3207 2416 3246 reformati

1392 3275 1684 3313 conformentur
1714 3273 1824 3310 mihi.
1861 3272 2172 3308 Deformatorum
2201 3272 2257 3306 est
2294 3271 2417 3306 Deum

1392 3342 1581 3385 tanquam
1601 3335 1844 3383 judicantem
1865 3333 2000 3370 timere
2008 3345 2020 3380 3
2036 3331 2339 3369 informatorum
2361 3334 2418 3369 est

1392 3425 1404 3443 ⁰
1427 3421 1556 3462 Ezeeh„
1579 3429 1639 3460 vii,
1661 3424 1709 3452 11.
1730 3436 1771 3443 —
1793 3419 1820 3441 ¹⁰
1838 3417 1931 3450 Psal.
1951 3417 2030 3456 hoe,
2051 3416 2082 3447 4.
2100 3432 2135 3437 —
2157 3415 2175 3433 ¹¹
2195 3413 2286 3447 Psal.
2310 3422 2365 3456 cx,
2385 3416 2416 3447 8.

1392 3487 1432 3492 —
1452 3471 1477 3491 ¹²
1493 3469 1582 3500 Psal.
1605 3469 1682 3500 hoc.
1706 3469 1775 3498 168.
1795 3482 1834 3488 -
1862 3464 1908 3505 (a)
1931 3462 2105 3494 Editycn.
2128 3461 2291 3494 Charitas.

2423 811 2561 838 Mandata

2422 850 2555 877 moralia.

2469 2791 2573 2819 Chari-

2434 2833 2501 2860 tatis
2533 2841 2573 2860 ω-

2443 2874 2549 2901 dificati
2556 2887 2566 2894 -

2434 2926 2477 2945 vae
2496 2917 2573 2944 desi-

2448 2957 2564 2985 derium

2435 2998 2533 3032 quale.
