2633 3878
793 228 862 312 S.
917 228 1003 314 R.
1057 231 1136 314 E.
1193 231 1741 319 CARDINALIS

287 409 858 546 SANCTI
953 414 2243 561 BONAVENTURAE

583 640 785 678 EPISCOPI
824 642 1129 691 ALBANENSIS,
1169 645 1394 683 DOCTORIS
1434 646 1670 685 SERAPHICI
1711 648 1939 687 ECCLESIAE

1148 824 1368 834 ——.

411 1010 1016 1086 PRINCIPIUM
1075 1012 1406 1090 SACRAE
1468 1011 2103 1098 SCRIPTURAE¹

809 1365 867 1404 DE
895 1364 1059 1406 SACRAE
1086 1365 1358 1408 SCRIPTURAE
1387 1367 1691 1410 PRAESTANTIA

275 1499 473 1543 Ostendit
495 1499 605 1542 mihi
632 1499 842 1543 Dominus
871 1499 1056 1553 fluvium
1089 1513 1211 1556 aquoe

175 1574 311 1624 vivae,
352 1571 625 1626 splendidum
675 1574 880 1625 tanquam
931 1572 1182 1626 crystallum
1197 1606 1208 1626 ‚

172 1645 459 1700 procedentem
481 1644 532 1688 de
551 1644 648 1687 sede
668 1645 760 1695 Dei,
783 1649 822 1689 et
844 1644 975 1699 Aqni.
997 1646 1049 1688 In
1070 1646 1209 1690 medio

168 1719 319 1773 plateae
340 1719 452 1772 ejus,
483 1721 522 1762 et
551 1728 607 1761 ecc
635 1721 815 1773 utraque
839 1721 962 1771 parte
982 1719 1206 1773 fluminis,

108 1805 109 1808 ¹
170 1791 335 1846 liqnum
369 1792 495 1843 vitre,
533 1791 717 1845 afferens
753 1791 922 1843 fructus
962 1790 1206 1835 duodecim.

169 1863 487 1906 Probatissimae
518 1862 920 1917 perfectissimaeque
954 1863 1063 1917 legis
1096 1865 1209 1906 inte-

168 1936 303 1990 gritas
323 1934 770 1978 circumstantionatur
797 1947 853 1976 ex
874 1934 1106 1977 multifaria
1126 1949 1205 1979 no-

168 2008 330 2051 bilitate
355 2019 609 2059 causarum,
642 2018 748 2060 quas
783 2009 951 2049 sanctus
982 2011 1206 2051 enumerat

169 2080 370 2133 Isidorus,
392 2080 450 2122 sic
474 2079 671 2133 inquiens
692 2081 706 2104 ³
724 2093 734 2121 z
763 2094 782 2118 ((
804 2078 893 2120 Erit
912 2078 982 2121 lex
1000 2079 1201 2133 honesta,

162 2155 296 2208 Justa,
311 2152 537 2208 possibilis,
554 2151 790 2194 secundum
812 2153 1032 2206 naturam,
1055 2165 1205 2197 secun-

164 2227 269 2269 dum
298 2225 448 2280 patriae
477 2224 852 2277 consuetudinem,
881 2223 973 2266 loco
995 2226 1200 2280 tempori-

164 2312 248 2354 que
277 2298 553 2351 conveniens,
592 2296 854 2348 necessaria,
887 2296 1026 2350 utilis,
1061 2298 1200 2340 mani-

152 2371 267 2414 ·testa
290 2383 486 2425 quoque,
513 2382 568 2412 ne
599 2369 758 2424 aliquid
788 2381 864 2424 per
897 2369 1201 2413 obscuritatem

161 2443 207 2484 in
231 2443 468 2497 captionem
487 2443 718 2493 contineat;
743 2441 864 2483 nullo
893 2441 1061 2495 privato
1081 2455 1199 2485 com-

162 2515 304 2566 modo,
317 2514 389 2555 sed
403 2526 480 2568 pro
494 2513 713 2555 communi
730 2513 890 2556 civium
906 2513 1090 2555 utilitate
1103 2526 1200 2556 con-

161 2587 329 2641 scripta.
351 2601 371 2625 ι)
397 2586 492 2628 Istis
517 2584 829 2628 conditionibus
858 2584 1002 2637 legem
1028 2585 1196 2639 legum,

160 2671 256 2714 quae
269 2672 294 2701 a
305 2659 420 2713 Rege
432 2670 586 2712 regum
598 2657 791 2699 instituta
805 2659 885 2710 est,
900 2669 990 2699 esse
1001 2660 1197 2712 praeemi-

158 2731 407 2774 nentissime
417 2732 699 2783 venustatam,
712 2741 877 2771 sacram
892 2729 1046 2772 scilicet
1061 2730 1196 2785 Scrip-

158 2807 322 2857 turam,
344 2805 493 2847 beatus
521 2804 705 2846 Joannes
733 2802 968 2857 apostoluS,
993 2805 1035 2846 et
1060 2816 1193 2847 evan-

157 2877 328 2931 gelista,
364 2880 405 2919 et
436 2876 644 2933 propheta
680 2876 829 2917 asserit
866 2876 948 2918 sibi
987 2876 1193 2920 divinitus

157 2959 249 2991 esse
274 2949 531 3001 revelatam,
561 2960 662 2990 cum
692 2947 820 2989 dicit:
859 2947 1050 2992 Ostendit
1081 2949 1194 2992 mihi

156 3021 389 3074 Dominus,
417 3024 496 3063 etc.
519 3019 729 3071 Quoniam
760 3021 905 3062 autem
936 3020 981 3062 in
1007 3020 1191 3075 descrip-

155 3094 270 3137 tione
285 3105 433 3137 rerum
446 3092 915 3144 excellentissimarum,
938 3095 1096 3135 mentis
1115 3094 1194 3137 hu-

155 3179 296 3211 manae
323 3168 433 3210 acies
451 3165 657 3217 invalida,
682 3176 800 3220 quae,
828 3167 877 3206 ut
905 3165 1004 3207 dicit
1020 3166 1192 3220 Augus-

155 3241 269 3283 tinus
287 3240 318 3293 ζ
337 3241 384 3282 in
401 3238 624 3283 excellenti
641 3237 734 3280 luce
753 3249 840 3280 non
858 3237 1031 3290 figitur,
1053 3239 1190 3283 utitur

155 3312 343 3356 sensibili
369 3311 698 3356 manuductione
726 3322 875 3354 rerum
898 3311 1187 3366 naturalium,

198 3450 205 3468 ¹
227 3446 282 3488 Cf.
302 3447 387 3482 Edit.
409 3446 600 3489 Argentin„
619 3454 675 3478 an.
694 3447 787 3486 1495,
801 3446 887 3486 part,
909 3444 943 3486 1;
961 3445 1043 3479 edit.
1064 3445 1186 3488 Vatic„

155 3504 210 3528 an.
242 3498 342 3537 1588,
373 3499 457 3529 tom.
494 3496 525 3536 l,
558 3503 638 3536 pag.
674 3496 713 3534 13
750 3493 831 3527 edit.
861 3493 963 3535 Vcn.‚
996 3503 1050 3527 an.
1087 3497 1188 3537 16¹1,

154 3544 240 3576 tom.
264 3545 297 3586 13
324 3544 405 3577 edit.
433 3543 534 3582 Ven„
566 3551 622 3575 an.
650 3542 744 3582 ¹754,
770 3542 854 3575 tom.
891 3541 988 3583 Vlll,
1022 3551 1056 3583 p.
1092 3547 1121 3576 1.
1148 3561 1189 3568 —

339 3615 438 3646 Tou.
468 3615 529 3644 IX.

1286 1516 1364 1558 pro
1390 1517 1439 1547 eo
1465 1507 1580 1560 quod
1608 1518 1653 1549 se
1681 1506 1810 1549 habet
1838 1509 2076 1554 intellectus
2099 1517 2243 1558 noster
2270 1518 2323 1560 ad

1286 1577 1625 1619 manifestissima
1643 1580 1716 1620 nat
1724 1591 1810 1622 urae
1827 1612 1839 1632 ,
1862 1580 1970 1624 sicut
1986 1583 2134 1626 oculus
2153 1590 2322 1632 noctuae

1285 1649 1338 1690 ad
1358 1649 1499 1691 lucem
1526 1650 1646 1702 solis,
1667 1655 1716 1694 ut
1735 1652 2017 1709 Philosophus
2034 1660 2048 1683 ⁶
2068 1658 2191 1711 dicit3
2222 1661 2322 1704 hinc

1284 1723 1346 1763 est
1365 1722 1480 1776 quod
1503 1721 1716 1777 Propheta
1743 1725 1883 1768 lucem
1915 1727 2072 1771 divinae
2101 1732 2319 1785 sapientiae

1283 1796 1571 1848 contemperat
1602 1796 1824 1839 obtutibus
1855 1800 2035 1853 nostriS,
2063 1803 2319 1849 notificando

1249 1893 1261 1905 -x
1282 1875 1377 1906 eam
1397 1867 1737 1921 transumptione
1760 1871 2008 1924 symbolica,
2031 1885 2106 1916 seu
2127 1875 2206 1916 sub
2229 1889 2320 1920 me-

1280 1936 1475 1991 taphora.
1504 1938 1645 1982 Utitur
1678 1942 1846 1984 senario
1878 1955 2027 1986 rerum
2055 1957 2236 1990 numero
2265 1951 2319 1992 ad

1281 2008 1582 2052 insinuandam
1631 2013 1724 2066 ers
1772 2015 2087 2071 perfectionem,
2145 2032 2315 2075 compa-

1279 2081 1413 2123 rando
1432 2093 1528 2124 eam
1546 2083 1675 2125 rebus
1697 2085 2058 2142 eminentissimis,
2085 2090 2315 2135 affluentis·

1277 2153 1422 2206 simis,
1456 2156 1829 2211 perspicuissimis,
1860 2160 2184 2216 efficacissimiS,
2217 2178 2312 2219 spe-

1277 2227 1532 2281 ciosissimis,
1548 2231 1922 2274 communissimis.
1940 2233 2310 2293 Eminentissimis,

1277 2301 1447 2353 propter
1474 2300 1739 2345 altitudinem
1764 2303 1982 2358 dignitatis
2003 2322 2012 2349 :
2034 2308 2138 2362 quid
2165 2310 2311 2354 divino

1275 2371 1380 2414 solio
1414 2374 1700 2417 eminentius?
1732 2376 2098 2432 Afssuentissimis,
2141 2386 2314 2437 propter

1273 2444 1582 2497 plenitudinem
1601 2447 1825 2502 bonitatis;
1854 2450 1956 2504 quid
1984 2452 2117 2495 fluvio
2137 2455 2313 2499 affluen-

1273 2515 1387 2558 tius?
1411 2516 1771 2572 Perspicuissimis
1786 2553 1797 2573 ,
1818 2525 1989 2576 propter
2019 2526 2310 2571 certitudinem

1272 2588 1489 2631 veritatis:
1518 2590 1620 2644 quid
1643 2603 1756 2644 aqua
1785 2592 1887 2635 viva
1913 2594 2094 2650 clarius,
2124 2601 2165 2640 et
2191 2612 2310 2654 erys-

1271 2659 1371 2702 tallo
1401 2661 1759 2705 translucentius?
1779 2664 2100 2722 EfficacissimiS,
2137 2675 2310 2726 propter

1270 2733 1612 2786 magnitudinem
1639 2735 1816 2778 virtutis
1847 2737 1913 2781 vel
1937 2741 2179 2792 potestatis:
2206 2745 2309 2798 quid

1268 2804 1392 2859 ligno
1411 2806 1513 2850 vitae
1542 2807 1786 2850 efficacius?
1817 2808 2161 2866 Speciosissimis,
2185 2827 2307 2872 prop·

1267 2879 1332 2919 ter
1367 2878 1731 2932 pulchritudinem
1763 2880 1994 2925 claritatis:
2034 2885 2136 2939 quid
2169 2888 2306 2942 splen-

1267 2950 1368 2992 dore
1402 2952 1665 3005 speciosius?
1698 2952 2090 3011 CommunissimiS,
2132 2963 2306 3014 propter

1267 3023 1595 3076 amplitudinem
1613 3024 1849 3068 charitatis:
1871 3027 1973 3081 quid
1995 3029 2134 3072 medio
2154 3031 2303 3085 plateae

1266 3095 1571 3138 communius?
1615 3096 1688 3138 Est
1738 3097 1853 3139 enim
1896 3111 2027 3143 sacrae
2073 3101 2303 3157 Scriptura),

1265 3168 1569 3222 inattingibilis
1588 3168 1788 3223 altitudo,
1816 3175 1988 3226 propter
2008 3175 2301 3220 auctoritatem

1265 3241 1557 3284 inviolabilem
1578 3256 1590 3293 ;
1646 3242 1991 3286 inexhaustibilis
2053 3247 2299 3304 plenitudo,

1264 3316 1438 3369 propter
1481 3314 1813 3369 profunditatem
1857 3316 2270 3371 imperscrutabilem
2286 3336 2298 3376 ;

1266 3449 1281 3472 ¹
1301 3449 1412 3491 Alme„
1435 3455 1525 3489 xxn,
1546 3450 1576 3490 1,
1596 3450 1627 3482 2.
1648 3465 1688 3473 —
1707 3449 1719 3468 ³
1734 3448 1826 3490 isid„
1844 3447 2008 3492 Etymol.,
2026 3452 2084 3487 lib.
2107 3455 2149 3495 V,
2168 3465 2198 3489 c.
2219 3465 2299 3500 xx13

1266 3497 1364 3539 Corp.
1389 3497 1460 3538 jur.
1481 3506 1569 3536 can„
1593 3496 1670 3529 dist.
1694 3504 1740 3538 ιν,
1761 3506 1790 3529 c.
1813 3504 1851 3530 11.
1876 3516 1912 3522 —
1937 3499 1953 3522 ⁶
1973 3502 2075 3545 Aug„
2101 3503 2140 3536 de
2165 3503 2301 3548 Trtm't„

1266 3545 1324 3578 lib.
1347 3546 1372 3586 Ι,
1393 3553 1422 3578 c.
1444 3552 1482 3578 11.
1502 3562 1542 3571 --
1561 3545 1572 3565 ⁵
1592 3545 1707 3586 Arist„
1728 3545 1887 3587 Melaplt„
1912 3547 1968 3581 lib.
1992 3550 2034 3590 ll,
2054 3553 2134 3584 text.
2160 3555 2188 3584 1.

2089 3618 2104 3653 1
