2633 3878
1114 181 1356 224 PSALMUS
1385 183 1558 225 CXVlll.

269 273 423 310 Domini
453 272 678 310 reserante?
698 273 749 308 De
774 271 948 307 secundo
970 272 981 293 ¹
1004 283 1011 306 :
1039 285 1055 303 «
1078 270 1209 308 Ponite
1229 282 1300 309 vos

267 337 308 373 in
327 334 516 373 cordibus
542 332 680 370 vestris
705 342 905 370 sermones
932 332 1038 369 istos.
1061 345 1078 367 »
1101 334 1300 380 Numquid

267 398 380 435 audis
408 406 610 434 sermones
637 394 849 440 cordibus,
877 394 1197 441 commendatos,
1226 397 1299 432 llo-

266 461 375 498 mino
404 459 654 508 imperante?
683 459 733 494 De
764 456 875 494 tertio
892 457 904 478 ²
928 468 937 492 ε
964 458 1298 494 «consummatio

265 533 495 560 sermonum
532 521 614 568 ipse
651 522 760 556 est.»
784 522 840 557 Au
876 520 1057 566 agnoscis
1094 530 1298 557 sermones

265 585 580 630 consummatos,
601 581 769 619 Domino
791 584 1052 620 munerante?

575 688 764 724 Arce‘culus
782 687 969 724 secundus.

308 776 496 812 illuminat
513 782 624 810 :ecce
641 772 781 809 mentIs
800 771 1023 818 recipientis
1041 770 1294 815 illuminatio,

259 846 330 886 per
343 846 465 884 quam
478 835 723 872 illuminatur
742 834 1031 881 ignorantium,
1053 833 1123 870 sed
1142 835 1294 870 Patrem

257 900 456 936 luminum
486 897 736 935 exorantium
767 897 882 934 ratio.
912 897 1019 934 Undi
1047 896 1294 942 notandum,

257 961 368 1009 quod
385 960 583 997 illuminat
611 962 722 997 Pater
741 959 939 995 luminum
961 959 1163 996 credentes
1175 986 1187 1004 ,
1207 969 1295 1006 spe-

254 1026 403 1070 rantes,
425 1022 637 1069 diligentes
649 1035 659 1068 ;
689 1021 784 1069 quia
813 1020 984 1058 fideliter
1000 1048 1011 1066 ,
1031 1021 1293 1068 fiducialiter,

252 1087 446 1124 ferventer
465 1087 634 1122 orantes.
665 1086 715 1121 De
731 1083 863 1132 primo
885 1083 1067 1121 scribitur
1083 1086 1096 1107 ³
1117 1098 1125 1121 :
1152 1098 1169 1119 «
1189 1086 1293 1129 Quo-

252 1148 360 1186 niam
384 1150 426 1185 tu
453 1147 658 1185 illuminas
687 1146 891 1183 lucernam
925 1157 1076 1192 meam,
1102 1147 1263 1183 bomine
1278 1160 1289 1193 3

254 1213 352 1248 Deus
381 1221 495 1247 meus
518 1239 530 1257 ,
560 1208 743 1247 illumina
771 1209 954 1246 tenebras
989 1219 1122 1246 meas:
1152 1222 1170 1244 »
1203 1211 1290 1246 tan-

253 1284 375 1322 quam
402 1276 580 1322 patenter
606 1272 790 1321 inquiens
811 1284 820 1310 :
842 1271 1038 1318 Quoniam
1057 1272 1290 1309 illuminasti

251 1337 502 1384 ignorantem
526 1364 539 1382 ,
571 1338 614 1374 ut
642 1336 844 1373 crederem
865 1364 876 1382 ,
908 1335 1090 1372 illumina
1120 1335 1291 1372 fideliter

252 1401 506 1446 exorantem,
525 1401 567 1436 ut
587 1399 735 1436 credita
753 1398 917 1435 firmiter
937 1408 1170 1435 asseverem.
1194 1400 1288 1436 Ecce

250 1462 487 1500 illuminatio
521 1462 778 1499 credentium.
809 1463 859 1498 De
889 1460 1065 1498 secundo
1093 1460 1106 1482 ¹·
1130 1473 1138 1498 ε
1164 1473 1181 1495 «
1202 1461 1290 1498 lllu-

248 1524 433 1571 minabo,
449 1538 467 1560 »
492 1524 587 1561 dicit
606 1524 825 1572 Sapientia,
848 1534 1014 1561 «omnes
1027 1526 1228 1571 sperantes
1247 1524 1288 1560 in

248 1586 415 1623 Domino
445 1598 454 1623 :
488 1601 504 1619 »
541 1597 630 1623 ecce
669 1586 906 1624 illuminatio
939 1586 1195 1633 sperantium.
1236 1588 1286 1624 De

246 1648 359 1685 tertio
375 1649 388 1671 ⁵
405 1661 414 1685 :
442 1662 459 1683 «
475 1649 548 1693 Qui
566 1648 710 1685 timetis
731 1648 966 1694 Dominum,
985 1648 1135 1695 diligite
1155 1647 1283 1695 illum,

246 1714 283 1748 et
312 1711 643 1749 illuminabuntur
676 1711 818 1750 cordra
844 1713 973 1748 vestra
996 1723 1004 1747 ε
1027 1723 1044 1745 »
1076 1721 1165 1748 ecce
1195 1711 1285 1748 illu-

246 1774 408 1812 minatio
430 1774 695 1822 diligentium.

584 1880 776 1917 Articulus
801 1881 945 1917 tertius.

287 1964 515 2000 Intellectum
546 1962 611 2000 dac
641 1976 652 1999 :
684 1962 748 2000 hic
779 1962 998 2001 intellectus
1031 1967 1087 2001 est
1121 1963 1280 2002 habitus

241 2025 478 2072 intellectus,
508 2024 753 2063 intellectivae
786 2025 970 2075 potentiae
1001 2024 1237 2074 perfectivus
1268 2040 1276 2064 :

239 2088 310 2126 ubi
336 2099 433 2126 vero
459 2088 733 2126 intellectualis
758 2088 966 2137 perfectio,
986 2088 1043 2125 ibi
1066 2088 1279 2136 spiritualis

238 2151 458 2198 delectatio,
475 2162 563 2200 quae
577 2150 718 2188 dieitur
738 2150 1081 2198 contemplationis
1092 2160 1277 2188 consum·

237 2214 373 2252 matio.
392 2215 489 2251 Nam
509 2213 716 2252 delectatio
742 2216 800 2250 est
824 2213 1065 2262 operationis
1095 2223 1276 2251 consum·

235 2276 371 2322 matio,
389 2277 609 2314 secundum
623 2275 908 2324 Philosophum
924 2277 951 2313 ⁶.
967 2276 1043 2314 Sed
1052 2277 1274 2314 notandum

235 2339 337 2377 circa
367 2339 645 2386 hujuscemodi
677 2338 940 2391 intellectum,
967 2338 1078 2387 quod
1105 2339 1274 2387 legimus

233 2400 476 2438 intellectum
510 2401 662 2446 datum,
694 2400 937 2438 intellectum
971 2402 1019 2448 (a)
1058 2402 1270 2450 privatum,

232 2462 475 2500 intellectum
502 2464 698 2500 mutatum
721 2475 728 2498 :
751 2473 924 2510 quorum
949 2463 1125 2511 primum
1145 2464 1272 2502 delec-

231 2525 367 2572 tabile,
388 2525 609 2563 seeundum
630 2525 905 2572 detrectabile,
926 2525 1085 2562 tertium
1105 2526 1271 2564 detesta-

230 2587 324 2624 bile.
357 2589 407 2625 De
437 2588 568 2636 primo
598 2587 783 2625 scribitur
807 2589 821 2611 ⁷
849 2599 857 2624 :
885 2600 903 2623 «
924 2588 1165 2625 intellectum
1198 2589 1267 2626 tibi

230 2651 360 2698 dabo,
391 2654 428 2689 et
451 2651 643 2689 instruam
667 2653 701 2688 te
725 2663 733 2688 :
755 2664 773 2686 »
797 2661 886 2688 eece
915 2651 1134 2688 intellectus
1160 2651 1267 2690 datio

229 2713 487 2751 delectabilis,
523 2717 572 2751 De
602 2713 778 2751 secundo
805 2714 818 2736 ⁸
845 2726 853 2750 z
881 2713 1081 2761 «Spiritus
1110 2717 1266 2752 sanctus

227 2776 443 2825 disciplinae
463 2777 621 2824 effugiet
638 2777 775 2815 fictum
786 2805 798 2824 ‚
821 2778 858 2815 et
879 2777 1026 2815 auferet
1050 2788 1091 2814 se
1115 2788 1138 2815 a
1159 2779 1267 2826 cogi-

226 2839 440 2876 tationibus
467 2851 554 2887 quae
582 2841 672 2876 sunt
694 2840 776 2877 sine
801 2839 999 2878 intellectu
1024 2853 1031 2878 :
1054 2855 1072 2876 »
1097 2851 1186 2878 ecce
1207 2841 1265 2878 in-

224 2901 404 2938 tellectus
441 2902 610 2950 privatio
651 2902 927 2940 detrectabilis.
968 2905 1019 2940 De
1058 2903 1170 2940 tertio
1204 2905 1218 2925 ⁰
1252 2917 1259 2941 :

227 2975 245 2996 «
273 2965 420 3012 Raptus
449 2966 529 3010 est,
561 2975 610 3002 ne
642 2964 791 3002 malitia
821 2967 990 3002 mutaret
1019 2964 1261 3004 intellectum

222 3025 306 3071 ejus
328 3038 337 3062 ι
358 3038 377 3060 n
393 3035 482 3064 ecce
502 3026 723 3065 intellectus
744 3027 910 3065 mutatio
931 3027 1185 3066 detestabilis.

544 3133 732 3170 Articulus
759 3135 928 3180 quartus.

265 3216 436 3253 Parvulis
456 3228 467 3253 ε
489 3226 579 3254 ecee
598 3216 833 3265 praeparatio
853 3216 1062 3254 hominum
1091 3217 1144 3254 ad
1171 3227 1255 3255 sus-

217 3277 447 3327 cipiendum
470 3278 607 3317 lumen
634 3279 814 3317 divinum
822 3290 834 3326 3
865 3278 1012 3317 scilicet
1037 3279 1252 3327 humilitas,

259 3377 267 3396 ¹
288 3377 380 3418 Luc„
401 3386 449 3420 ix,
469 3379 520 3411 44.
541 3395 581 3402 —
600 3379 611 3398 ²
631 3378 753 3417 Eccli„
771 3386 873 3418 nin,
892 3380 943 3411 29.
965 3396 1005 3402 -
1022 3378 1036 3402 ³
1053 3379 1141 3413 psal.
1163 3387 1250 3421 xvii,

216 3423 268 3455 32.
302 3442 338 3448 -
370 3425 381 3444 ⁴
412 3425 534 3466 Eccli.,
572 3434 671 3465 xxiv,
707 3427 757 3459 45.
790 3443 830 3449 —
861 3426 875 3449 ⁶
907 3426 1008 3466 lbid.,
1039 3435 1087 3468 11,
1124 3430 1173 3460 to.
1210 3445 1249 3452 -

216 3468 230 3490 ⁶
251 3470 367 3513 Arist„
393 3473 516 3513 Ethic„
543 3473 600 3506 lib.
631 3475 678 3515 x,
706 3483 734 3507 c.
764 3482 812 3514 ιν,
835 3473 926 3506 circa
945 3474 1035 3507 med.
1054 3491 1093 3499 —
1121 3476 1129 3494 ⁷
1155 3474 1248 3507 Psal-

2330 199 2408 237 485

1375 283 1461 320 quae
1483 272 1623 310 dicitur
1642 276 1854 322 spiritualis
1879 280 2107 326 parvulitas,
2135 281 2210 319 Sed
2239 285 2334 320 nota
2357 284 2408 320 de

1372 334 1567 382 parvuliS,
1590 337 1700 383 quod
1722 338 1898 377 diversos
1926 341 1968 378 in
1998 342 2160 380 diversis
2183 343 2407 382 invenimus

1372 396 1590 444 scripturis;
1612 400 1746 446 utpote
1768 403 1953 448 parvulos
1972 406 2096 451 aetate,
2117 406 2304 453 parvulos
2325 418 2407 444 ma-

1372 458 1539 505 turitate,
1560 460 1747 507 parvulos
1767 464 1956 510 pravitate
1980 478 1988 502 :
2012 477 2183 514 quorum
2205 468 2323 516 primi
2347 472 2405 507 to-

1371 520 1572 568 lerabileS,
1599 524 1762 560 secundi
1791 525 2093 573 vituperabiles,
2122 530 2219 566 tertii
2243 542 2406 569 venera-

1371 582 1497 629 biles,
1516 586 1552 621 et
1577 585 1629 622 ad
1650 585 1804 624 divinas
1830 588 2138 627 illuminationes
2163 591 2328 629 habiles.
2353 596 2404 631 De

1370 645 1508 692 primis
1530 649 1558 669 ¹⁰
1580 657 1588 684 ε
1609 660 1627 682 «
1648 649 1920 697 Egrediuntur,
1943 652 2055 699 quasi
2076 663 2228 701 gregeS,
2248 657 2403 702 parvuli

1371 717 1530 755 eorum,
1559 712 1594 746 et
1622 711 1789 748 infantes
1811 723 1949 750 corum
1973 715 2149 752 exultant
2175 716 2328 754 lusibus
2349 731 2360 755 :
2382 733 2400 754 »

1370 780 1459 806 ecce
1476 772 1629 818 parvuli
1649 776 1772 811 aetate.
1795 778 1847 812 De
1868 777 2051 814 secundis
2072 777 2098 801 ¹¹
2118 790 2155 814 z«
2176 780 2402 828 usquequo,

1369 833 1550 880 parvuli,
1577 835 1737 882 diligitis
1765 837 1990 885 infantiam,
2018 841 2055 876 et
2087 840 2192 877 stulti
2217 851 2288 887 ea,
2315 852 2403 890 quae

1369 898 1458 933 sunt
1486 897 1626 944 noxia,
1660 898 1838 946 cupient,
1867 902 1904 936 et
1935 901 2206 949 imprudentes
2233 903 2404 941 odibunt

1368 958 1598 996 scientiam?
1624 973 1642 994 n
1675 971 1765 998 ecce
1795 963 1951 1008 parvuli
1982 964 2215 1002 maturitate.
2249 967 2300 1002 De
2331 969 2403 1003 ter-

1367 1020 1428 1056 tiis
1450 1021 1476 1043 ¹²
1492 1034 1499 1058 :
1515 1022 1666 1059 «Nolite
1687 1024 1798 1070 pueri
1821 1024 1921 1060 effici
1943 1025 2142 1072 sensibus;
2164 1026 2234 1063 sed
2253 1028 2403 1065 malitia

1366 1084 1522 1130 parvuli
1543 1087 1686 1131 estote,
1708 1085 1888 1123 sensibus
1908 1090 2039 1124 autem
2058 1088 2221 1133 perfecti
2245 1089 2326 1126 sitis
2349 1101 2357 1125 :
2381 1104 2398 1124 »

1367 1156 1456 1182 ecce
1489 1147 1645 1194 parvuli
1677 1149 1879 1196 pravitate.
1912 1150 2089 1187 Parvulis
2125 1151 2272 1189 talibus
2304 1162 2401 1189 non-

1365 1218 1573 1256 nunquam
1599 1210 1748 1248 revelat
1776 1211 1985 1259 Dominus,
2014 1223 2103 1261 quae
2134 1213 2278 1252 velavit
2307 1224 2400 1263 pru-

1365 1270 1563 1309 dentibus.

1794 1322 1968 1364 Epilogus.

1410 1389 1470 1426 Ait
1498 1400 1593 1436 ergo
1620 1390 1953 1439 psalmographus
1979 1392 2029 1429 de
2058 1393 2399 1442 contemplationis

1363 1451 1500 1498 gratia,
1523 1462 1645 1500 quam
1664 1453 1853 1491 Dominus
1873 1457 2059 1502 operatur
2078 1455 2117 1491 in
2137 1455 2296 1503 talibus,
2317 1468 2400 1494 me-

1363 1513 1562 1551 diantibus
1589 1514 1889 1552 illuminationis
1915 1519 1953 1554 ct
1978 1516 2225 1554 delectabilis
2252 1518 2401 1566 perfee-

1361 1576 1478 1613 tionis
1512 1577 1664 1614 actibus
1699 1589 1707 1613 :
1751 1579 1955 1615 Declaratio
1993 1589 2196 1617 sermonum
2233 1585 2397 1627 tuorum,

1361 1641 1555 1686 quantum
1587 1639 1639 1676 ad
1677 1642 1898 1688 susceptam
1931 1641 2132 1688 sapientiae
2164 1642 2397 1681 declaratio-

1359 1713 1473 1749 nem3
1504 1704 1713 1746 illuminat,
1745 1707 1936 1751 quantum
1964 1705 2017 1742 ad
2045 1706 2199 1743 tertiam
2227 1709 2399 1744 contem-

1358 1764 1545 1813 plationis
1574 1765 1790 1814 actionem,
1813 1767 1961 1805 scilicet
1986 1767 2342 1817 illuminationem3
2367 1774 2399 1807 et

1357 1829 1579 1865 intellectum
1605 1828 1692 1875 dat,
1714 1831 1910 1877 quantum
1935 1830 1987 1867 ad
2014 1833 2197 1879 quartam
2221 1834 2396 1870 contem-

1355 1888 1543 1937 plationis
1574 1890 1697 1938 ipsius
1728 1892 2022 1940 operationem,
2054 1893 2199 1931 scilicet
2230 1894 2398 1933 delecta-

1356 1952 1527 1999 tionem,
1548 1963 1617 1990 seu
1643 1953 1920 1991 delectabilem
1940 1955 2244 2004 perfectionem;
2264 1967 2396 2004 parvu-

1355 2016 1416 2061 lis,
1428 2017 1620 2062 quantum
1632 2015 1684 2053 ad
1696 2016 1961 2064 susceptivam
1970 2017 2234 2066 intelligentiae
2243 2029 2395 2068 praepa-

1352 2077 1561 2115 rationem.

1720 2153 1943 2182 VERSICULUS
1969 2156 2022 2182 111.

1399 2224 1482 2267 131.
1516 2231 1564 2267 Os
1595 2240 1710 2266 meum
1743 2234 1898 2278 aperui,
1928 2234 1999 2269 etc.
2029 2235 2100 2270 Per
2131 2235 2393 2282 praecedentia

1349 2294 1672 2341 praemonstratur
1691 2292 1892 2341 sapientiae
1914 2294 2080 2332 coelestis
2101 2295 2333 2344 absconsio,
2355 2302 2391 2336 et

1349 2356 1433 2403 ejus
1470 2355 1659 2392 revelatio
1681 2368 1692 2402 3
1733 2366 1805 2404 per
1845 2356 2054 2403 praesentia
2098 2357 2390 2398 demonstratur

1349 2417 1527 2464 ejusdem
1580 2416 1757 2454 attractio
1772 2445 1785 2462 ,
1830 2417 1984 2455 dicente
2035 2420 2238 2458 Psalmista
2284 2433 2292 2458 :
2341 2424 2388 2460 Os

1346 2491 1481 2526 meum,
1509 2482 1597 2527 etc.;
1627 2490 1672 2516 ae
1699 2480 1730 2516 si
1759 2480 1906 2519 diceret
1931 2492 2030 2519 voce
2057 2483 2178 2530 plana
2201 2496 2210 2520 :
2241 2487 2386 2533 Aperui

1346 2541 1587 2579 desiderium
1620 2541 1834 2589 rationale,
1871 2546 1908 2580 et
1939 2545 2079 2582 attraxi
2115 2545 2384 2593 magisterium

1345 2603 1546 2652 spirituale
1568 2616 1577 2641 ε
1600 2604 1694 2652 quia
1714 2605 1904 2643 mandata
1925 2608 1990 2644 tua
2015 2610 2210 2655 quantum
2231 2609 2283 2646 ad
2308 2610 2382 2646 mi-

1343 2667 1548 2704 nisterium
1567 2667 1867 2714 caeremoniale,
1888 2668 2166 2707 desiderabam
2187 2675 2380 2719 quantum

1342 2730 1394 2767 ad
1410 2729 1643 2778 mysterium
1660 2729 1937 2767 intellectuale.
1960 2733 2054 2769 Ecce
2070 2731 2194 2781 liquet
2213 2734 2264 2771 ad
2286 2745 2379 2771 ocu-

1340 2793 1438 2839 lum,
1457 2792 1554 2841 quid
1575 2795 1769 2840 apertum,
1788 2793 1885 2841 quid
1907 2796 2127 2841 attractum,
2149 2796 2247 2844 quid
2267 2807 2378 2834 man—

1340 2855 1496 2902 datum,
1527 2855 1625 2903 quid
1651 2855 1917 2893 desideratum
1941 2868 1950 2892 ε
1982 2857 2174 2904 quoniam
2195 2861 2375 2907 apertum

1337 2918 1529 2956 rationale
1549 2917 1790 2955 desiderium
1805 2930 1817 2965 ;
1840 2921 2046 2957 attractum
2069 2920 2270 2968 spirituale
2288 2932 2373 2959 ma—

1335 2981 1561 3029 gisteriun13
1602 2980 1837 3018 mandatum
1881 2981 2156 3020 caeremoniale
2199 2983 2371 3021 ministe-

1334 3044 1459 3089 riu1n;
1483 3043 1750 3082 desideratum
1770 3042 2031 3081 intellectuale
2051 3045 2294 3093 mysterIum.

1665 3136 1855 3172 Articulus
1880 3137 2032 3182 primus.

1380 3211 1674 3250 Demonstratur
1707 3210 1840 3258 itaque
1876 3209 2117 3248 desiderium
2146 3211 2361 3260 rationale,

1330 3286 1422 3314 eum
1447 3274 1588 3312 dicitur
1610 3285 1618 3310 ε
1645 3273 1691 3310 Os
1716 3283 1829 3309 meum
1849 3275 1979 3320 aperui
1985 3285 1996 3320 3
2019 3273 2210 3321 quoniam
2233 3285 2278 3312 os
2302 3275 2363 3312 in-

1328 3368 1396 3394 xxx
1423 3384 1429 3399 ,
1453 3360 1484 3391 8.
1509 3375 1548 3381 —
1574 3358 1585 3377 ⁸
1605 3357 1696 3397 sap„
1720 3364 1744 3397 1,
1765 3358 1796 3388 5,
1817 3374 1859 3380 —
1878 3359 1889 3375 ³
1914 3357 2150 3398 Sap.,1v‚11,
2171 3375 2212 3382 ...
2239 3358 2266 3382 10
2285 3359 2359 3408 job,

1328 3416 1401 3449 xxi,
1430 3410 1476 3439 it.
1497 3422 1539 3429 -
1562 3406 1582 3423 ¹¹
1603 3406 1715 3444 Prov„
1738 3412 1763 3444 1,
1784 3405 1835 3436 22.
1856 3422 1896 3428 -
1923 3404 1944 3424 ¹²
1964 3405 1974 3436 l
1996 3403 2088 3446 Cor„
2109 3413 2181 3450 inv,
2201 3409 2254 3441 20,

1369 3469 1416 3511 (a)
1442 3468 1514 3509 Ley.
1538 3466 1717 3499 intellectu.
