2633 3878
965 260 1237 304 EXPOSITIO
1267 258 1319 302 IN
1350 259 1699 303 PSALTERIUM.

1370 351 1485 392 mali.
1532 350 1706 404 Propter
1753 350 1911 401 bonos,
1953 349 2102 404 afferte
2139 351 2318 404 oloriam
2356 359 2498 410 echon&
2524 364 2553 391 et

1371 421 1590 472 lionorem3
1629 424 1799 475 propter
1842 421 2002 471 maloS,
2037 421 2183 475 afferte
2215 423 2394 476 qloriain
2413 404 2495 432 mh·

271 265 349 303 190

266 353 389 393 tium.
423 349 531 392 Nam
563 350 671 391 sicut
705 350 846 402 servi,
879 352 1156 403 mercenarii,
1180 351 1290 391 filii:

264 434 385 464 servo
403 421 558 462 sufficit
579 424 695 462 metu
717 421 925 474 gehenna]
948 423 998 463 de
1016 422 1137 463 malis
1157 423 1291 475 pceni-

118 860 240 888 Arietes.

120 2501 198 2527 Deus

136 2552 174 2612 0&-
187 2543 208 2569 ῑ-
251 2554 456 2596 Dominus
474 2557 721 2607 potestatem
737 2555 944 2608 designat.
963 2556 1026 2597 Ex
1047 2557 1126 2598 hoe
1139 2558 1280 2600 innuit

263 497 375 543 tere;
415 493 674 534 mercenario
706 505 830 534 causa
867 494 1070 535 mercedis
1106 506 1130 532 a
1174 492 1293 532 malis

263 564 472 604 abstinere
489 578 497 614 ;
517 564 601 605 filio
620 565 745 604 ctiam
767 577 916 617 parum
937 567 998 605 est
1015 576 1090 617 pro
1113 564 1291 604 Domino

263 635 449 676 animam
472 648 639 689 ponere.
665 636 806 676 Servis
829 636 1009 688 pertinet
1027 636 1287 688 poenitentia,

262 707 529 746 mercenariis
555 707 826 756 abstinentia,
849 706 946 746 filiis
965 707 1180 759 patientia,
1209 706 1289 747 Er-

262 788 342 829 go,
382 787 403 819 0
452 777 538 828 filii
575 778 670 826 Dei,
722 776 865 830 afferte
902 777 1081 820 Domino
1108 792 1124 829 ,·
1161 790 1289 831 quam

261 847 474 889 hostiam?
495 848 626 890 Filios
658 848 856 890 arietum.
883 847 1045 888 Arietes
1074 851 1170 889 sunt
1191 860 1289 901 pro-

260 919 399 972 phetae
421 922 459 959 et
480 918 671 972 apostoli,
691 919 765 972 qui
785 918 956 971 gemino
977 931 1123 969 cornu,
1149 919 1191 960 id
1210 922 1286 969 est,

259 989 432 1030 scientia
470 990 693 1043 utriusque
729 989 987 1031 Testamenti
1026 990 1288 1033 adversarios

258 1060 479 1102 haereticos
497 1061 730 1111 ventilant;
755 1061 831 1102 filii
851 1064 993 1102 autem
1015 1073 1165 1103 eorum
1188 1065 1289 1103 sunt

256 1131 368 1173 bona
391 1144 518 1186 opera
538 1135 578 1174 et
598 1132 733 1173 fortia.
766 1131 880 1184 Ergo
909 1132 985 1172 filii
1016 1132 1089 1173 Dei
1110 1132 1289 1174 afferant

256 1202 377 1244 fortia
398 1216 523 1256 opera
553 1207 593 1245 et
619 1204 800 1257 perfecta
828 1203 1019 1244 Domino.
1053 1204 1115 1245 Ad
1144 1204 1285 1245 imita·

255 1273 412 1314 tioncm
449 1287 621 1326 eorum,
659 1275 829 1327 afferte,
874 1275 1044 1329 afferte,
1079 1276 1285 1328 Domino,

254 1345 452 1397 Domino,
482 1350 710 1400 utrumque
740 1347 974 1399 reperitur,
995 1347 1177 1388 hostiam
1211 1360 1286 1400 pro

253 1416 357 1456 stola
375 1416 552 1469 duplici,
575 1429 628 1457 ne
655 1417 802 1470 puniat
833 1430 910 1458 nos
936 1418 1091 1470 duplici
1127 1419 1283 1459 contri-

252 1487 377 1527 tione.
419 1486 498 1527 Pro
541 1487 645 1528 stola
685 1488 871 1541 corporis
908 1488 1053 1529 afferte
1099 1489 1283 1531 hostiam

252 1557 373 1599 honre
404 1559 604 1609 actionis3
639 1546 715 1613 pro
748 1559 853 1600 stola
888 1560 1066 1611 mentis,
1101 1560 1282 1602 hostiam

252 1629 332 1681 pize
353 1629 602 1670 devotionis.

304 1700 461 1754 Asserce
482 1701 687 1743 Domino:
718 1701 895 1743 Domino
923 1714 1148 1756 corporum
1164 1736 1175 1754 ,
1199 1703 1281 1744 Do-

251 1772 368 1813 mino
401 1773 630 1825 spirituum
664 1774 692 1812 ¹.
734 1772 873 1813 Semel
910 1773 1141 1825 Dominus,
1184 1775 1283 1827 quia

250 1846 384 1896 potest
416 1843 664 1897 temporalia
693 1844 816 1894 dare,
851 1844 917 1885 vel
952 1845 1087 1896 mala3
1127 1847 1282 1887 iterum

252 1914 476 1966 Dominus,
515 1915 614 1968 quia
645 1915 759 1956 dabit
791 1917 950 1956 aeterna
981 1917 1180 1969 praemia,
1215 1919 1282 1960 vel

250 1988 475 2027 tormenta.
507 1987 537 2026 A
548 1986 669 2040 fferce
700 1986 895 2038 Domino,
919 1987 994 2040 qui
1024 1990 1158 2041 potest
1188 2001 1279 2030 cor-

248 2070 347 2110 pus,
379 2061 419 2098 et
438 2058 625 2098 animam
658 2058 832 2110 perdere
851 2058 896 2098 in
919 2058 1191 2111 gehennam,
1214 2061 1281 2101 vel

248 2129 373 2169 etiam
413 2129 697 2181 glorificare:
738 2131 778 2169 et
808 2128 901 2170 ideo
946 2129 1151 2171 Dominus
1200 2134 1277 2172 est.

247 2203 261 2225 ‘²
288 2200 460 2241 «Nolite
487 2200 635 2241 timere
665 2212 736 2241 eos
770 2200 845 2253 qui
877 2200 1074 2241 occidunt
1103 2213 1277 2255 corpus,

248 2271 436 2311 animam
467 2273 610 2311 autem
639 2282 723 2311 non
754 2273 928 2324 possunt
959 2271 1170 2323 occidere,
1195 2288 1213 2311 ›>
1239 2276 1279 2327 et

248 2341 341 2383 ideo
365 2344 465 2382 sunt
485 2341 643 2382 domini
668 2354 754 2382 non
777 2342 996 2394 geminati.

303 2417 411 2464 Ergo
441 2412 583 2466 offerte
615 2413 816 2463 Domino,
846 2413 934 2465 filii
967 2414 1055 2456 Dei.
1081 2415 1279 2468 Congrua

248 2482 479 2523 verborum
500 2482 723 2524 distinctio.
746 2484 857 2525 Deus
877 2484 1106 2525 bonitatem
1130 2490 1275 2538 sonat3

249 2625 372 2677 quia,
395 2625 508 2678 quod
536 2626 611 2666 filii
634 2625 704 2666 Dei
734 2639 906 2679 sumus,
931 2629 1069 2680 gratia
1089 2632 1170 2680 est,
1192 2643 1278 2671 non

246 2696 466 2746 meritum3
490 2697 600 2749 quod
619 2698 840 2739 servitium
860 2700 1109 2741 exhibemus
1126 2732 1135 2752 ,
1157 2700 1277 2741 debi-

246 2767 338 2805 tum
360 2769 445 2816 est,
467 2779 554 2807 non
574 2768 841 2809 beneficium.

299 2838 338 2875 ⁶2.
361 2835 560 2889 Sequitur
576 2837 589 2859 ³
612 2851 620 2878 :
651 2837 808 2891 Afferie
829 2840 1005 2882 Domino
1034 2840 1212 2893 <storiam
1241 2845 1279 2883 ei

249 2905 443 2948 honorem
461 2918 478 2958 ,·
509 2906 653 2960 afferte
683 2908 862 2951 Domino
895 2910 1074 2963 oleriani
1110 2912 1277 2954 nomini

248 2977 353 3031 ejzis.

297 3049 433 3091 Nota:
463 3050 511 3091 In
536 3050 675 3103 primo
700 3063 850 3103 versu,
876 3054 916 3093 et
943 3052 988 3093 in
1007 3054 1190 3095 secundo
1209 3055 1275 3096 bis

244 3121 441 3173 ponitur,
482 3120 648 3174 Asl'erie.
690 3121 832 3164 Primo
872 3124 1024 3164 dicitur
1053 3137 1063 3165 z
1091 3126 1273 3179 Afferle,

247 3191 405 3244 afferte,
418 3196 587 3246 propter
598 3205 691 3243 v0s3
709 3194 910 3235 secundo:
925 3194 1096 3248 Afferoe,
1112 3196 1273 3250 afferte,

246 3266 415 3315 propter
434 3263 667 3316 proximos
691 3262 848 3315 Primo,
872 3265 1015 3318 afferte
1032 3266 1145 3317 filios
1168 3269 1276 3310 arie-

248 3337 361 3385 tum,
381 3335 433 3376 ad
450 3336 670 3385 meritum3
700 3336 881 3377 secundo
894 3369 907 3387 ,
929 3337 1075 3390 afferte
1094 3339 1274 3391 9loriam

248 3408 286 3446 et
315 3405 530 3458 honorem,
551 3407 603 3448 ad
623 3406 881 3460 exemplum.

103 3486 230 3514 Proximi
301 3474 434 3516 Nota:
462 3476 570 3518 Sunt
596 3476 711 3518 enim
735 3477 919 3530 proximi
946 3478 1066 3530 honi;
1102 3481 1202 3520 sunt
1233 3483 1275 3522 et

293 3559 300 3577 ¹
322 3557 480 3590 Richard.
507 3558 548 3590 de
568 3560 602 3592 S.
623 3559 724 3600 vict„
750 3559 826 3592 Not.
855 3560 890 3592 in
917 3561 1007 3594 hunc
1032 3562 1214 3603 psalmum.
1235 3579 1273 3588 —

1369 495 1537 536 nomini
1576 493 1682 545 effus.
1719 493 1934 534 Laudibus
1970 493 2078 533 Deus
2117 493 2391 546 glorificatur,

1368 565 1508 605 unde:
1542 564 1699 617 Afferie
1729 564 1903 607 Domino
1931 563 2139 617 aleriam:
2169 565 2392 617 operibus,

1366 636 1506 676 unde:
1531 635 1689 688 Afferie
1713 636 1889 678 Domino
1908 636 2101 678 honorem
2112 648 2129 689 ,·
2150 648 2225 688 pro
2241 636 2360 677 bonis
2383 651 2392 678 :

1369 707 1527 760 Asl'orie
1550 708 1728 749 Domino
1748 708 1927 760 gloriam
1945 708 2112 750 nomini
2134 707 2225 759 ejus
2241 739 2251 758 ,
2276 709 2323 748 ut
2343 708 2395 749 ad

1367 778 1612 831 exemplum
1640 779 1767 820 vestri
1796 779 1853 818 ita
1872 779 2048 830 faciant,
2071 782 2112 819 et
2130 778 2394 831 disciplinam

1366 850 1515 891 Christi
1532 852 1759 901 honorent3
1784 862 1859 903 pro
1876 850 1995 890 malis
2012 864 2021 891 ς
2040 849 2197 902 Afferie
2215 849 2393 892 Domino

1364 921 1544 974 qloriam
1564 923 1732 964 nomini
1751 922 1868 974 ejus,
1893 924 1940 962 ut
1958 921 2153 975 quamvis
2172 921 2224 962 ad
2242 934 2393 963 exem-

1363 992 1481 1045 plum
1514 993 1641 1035 vestri
1673 993 1733 1034 ita
1759 1005 1845 1034 non
1875 993 2053 1044 faciant,
2089 992 2237 1033 saltem
2269 992 2390 1034 disci-

1363 1063 1522 1117 plinam
1544 1064 1708 1105 Cnmsri
1726 1064 1912 1105 laudent.

1417 1135 1618 1188 Sequitur
1653 1147 1663 1175 :
1701 1136 1886 1179 Adoraie
1928 1135 2156 1178 Dominum
2193 1136 2241 1177 in
2278 1136 2391 1178 atrio

1363 1210 1509 1249 sancio
1541 1207 1648 1259 ejus.
1679 1206 1692 1228 Β
1719 1206 1843 1248 Prius
1873 1206 2032 1248 hostias
2065 1206 2217 1247 offerre
2236 1207 2390 1260 praeci-

1361 1277 1507 1329 pimur
1530 1291 1539 1327 ;
1589 1277 1736 1318 deinde
1783 1277 1960 1318 adorare
2001 1277 2207 1330 jubemur
2255 1276 2385 1318 intus.

1362 1346 1506 1399 Prius,
1525 1360 1578 1388 ne
1599 1349 1809 1389 intremus
1836 1347 1981 1398 vacui3
2004 1347 2187 1388 seeundo
2203 1379 2213 1399 ,
2235 1360 2288 1388 ne
2305 1350 2389 1389 ste-

1360 1430 1458 1459 mus
1478 1419 1612 1460 otiosi.
1631 1418 1739 1461 Sunt
1759 1422 1900 1459 autem
1919 1417 2216 1459 fluctuationes
2236 1418 2389 1458 mentis
2411 1430 2549 1478 Fluctua-

1358 1490 1575 1541 humanae,
1599 1493 1639 1531 et
1652 1491 1928 1543 cogitationes
1945 1501 2082 1541 vanae,
2103 1490 2172 1532 vel
2190 1501 2329 1542 vagae,
2349 1491 2390 1530 et
2410 1474 2530 1542 ΠῘζζῗίῗ

1359 1562 1551 1604 diversae.
1567 1562 1649 1604 Sed
1660 1576 1712 1604 ne
1727 1564 1890 1614 timeas,
1907 1563 2006 1616 quia
2024 1563 2078 1615 (v.
2095 1564 2130 1612 3)
2151 1573 2237 1605 vox
2252 1563 2391 1605 Domi-

1358 1636 1409 1677 ni
1419 1646 1546 1688 super
1559 1647 1694 1688 aquas
1706 1636 1875 1678 inultas.
1890 1635 1932 1676 Si
1946 1635 2070 1676 times
2085 1636 2134 1676 de
2147 1635 2391 1676 infirmitate

1357 1709 1454 1756 tua,
1477 1707 1619 1758 cogita
1639 1707 1742 1759 quia
1773 1706 1828 1759 (v.
1851 1707 1889 1759 4)
1923 1717 2010 1749 vose
2033 1706 2207 1748 Domini
2227 1707 2276 1748 in
2295 1707 2388 1748 vir-

1358 1780 1456 1836 tute.
1500 1778 1543 1818 Si
1583 1778 1706 1819 times
1747 1779 1798 1819 de
1841 1777 2209 1832 pusillanimitate,
2249 1777 2389 1829 cogita

1358 1850 1458 1903 quia
1478 1861 1564 1893 vooe
1586 1852 1760 1894 Domini
1772 1852 1821 1893 in
1843 1851 2178 1904 maynificeniia.
2202 1850 2247 1905 Si
2266 1850 2389 1891 times

1357 1921 1583 1962 elationem
1604 1922 1770 1973 mentis,
1793 1922 1836 1963 id
1857 1925 1934 1973 est,
1957 1923 2224 1976 superbiam,
2246 1921 2388 1973 cogita

1356 1991 1457 2044 quia
1480 1994 1534 2043 (v.
1555 1993 1591 2046 5)
1605 2003 1690 2035 vox
1705 1994 1878 2036 Domini
1897 1994 2205 2047 confrinqeniis
2224 1992 2384 2037 cedros.

1355 2061 1504 2104 Metuis
1546 2063 1756 2106 incentiva
1800 2064 1988 2106 libidinis
2007 2080 2017 2116 ;
2061 2065 2134 2106 sed
2175 2077 2383 2118 agnosce,

1355 2135 1453 2187 quia
1467 2136 1522 2187 (v.
1534 2135 1569 2188 7)
1581 2146 1668 2178 vox
1676 2137 1853 2179 Domini
1860 2136 2159 2180 intercidentis
2168 2136 2384 2190 flammam

1353 2206 1486 2257 iqnz's.
1520 2205 1598 2246 Hie
1625 2207 1789 2259 cogita,
1815 2210 1854 2248 et
1879 2207 1949 2248 hie
1971 2208 2131 2260 cogita,
2154 2210 2194 2248 et
2212 2207 2386 2248 habebis

1354 2277 1591 2318 remedium
1613 2281 1758 2319 contra
1777 2279 1989 2332 praedicta.
2006 2279 2097 2321 Non
2115 2280 2263 2320 timeas
2282 2279 2385 2320 flue-

1353 2348 1584 2389 tuationem
1615 2350 1791 2401 mentis,
1819 2350 1918 2403 quia
1945 2360 2030 2393 vooe
2056 2350 2233 2392 Domini
2257 2360 2385 2403 super

1353 2429 1487 2471 aquas
1519 2419 1704 2472 multas;
1738 2420 1812 2473 qui
1844 2420 2050 2461 convertit
2077 2432 2195 2460 mare
2227 2420 2271 2460 in
2298 2419 2382 2460 ari-

1352 2489 1472 2539 dam,
1514 2492 1555 2530 et
1596 2490 1648 2530 ad
1688 2502 1836 2532 vocem
1874 2492 1966 2544 ejus
2002 2491 2384 2543 congregabuntur

1352 2572 1474 2612 aquae
1495 2560 1538 2601 in
1561 2574 1697 2603 unum
1716 2561 1874 2613 locum,
1895 2565 1942 2615 ut
1961 2564 2160 2615 appareat
2182 2562 2314 2613 arida,
2339 2562 2383 2603 id

1352 2633 1433 2681 cst,
1465 2644 1610 2673 carens
1642 2632 1763 2674 fluxu
1793 2633 2015 2675 vitiorum.
2050 2633 2129 2674 Sed
2169 2633 2381 2685 quomodo

1350 2701 1430 2742 hoc
1449 2703 1520 2744 fiet
1539 2704 1557 2744 ἱ)
1579 2703 1643 2745 Ad
1663 2717 1811 2746 vocem
1831 2704 2021 2756 Domini,
2043 2705 2144 2758 quia
2163 2706 2273 2748 Deus
2293 2716 2381 2747 ma-

1343 2773 1519 2825 jestatis
1545 2775 1736 2818 intonuit
1756 2786 1883 2828 snper
1902 2786 2037 2829 aquas
2062 2776 2218 2819 multas
2239 2777 2294 2829 (v.
2320 2775 2375 2830 3).

1351 2847 1364 2869 ⁵
1387 2844 1626 2898 Aliquando
1651 2845 1813 2887 intonat
1845 2846 1895 2900 (a)
1927 2848 1975 2888 ut
1994 2845 2128 2898 Deus;
2151 2847 2378 2902 aliquando

1350 2915 1513 2957 intonat
1532 2919 1579 2958 ut
1595 2917 1820 2971 Dominus,
1844 2919 2012 2972 quando
2044 2920 2235 2961 minatur
2268 2920 2379 2961 mala

1350 2989 1525 3029 aeterna.
1554 2987 1718 3030 Intonat
1745 2991 1793 3031 ut
1822 2989 1932 3031 Deus
1949 3022 1959 3041 ,
1988 2990 2061 3044 qui
2092 2991 2207 3033 solus
2242 2993 2379 3045 potest

1349 3057 1449 3098 dare
1468 3058 1580 3100 bona
1599 3062 1770 3113 aeterna,
1787 3060 1856 3103 vel
1870 3061 1993 3114 mala,
2015 3062 2185 3115 quando
2198 3062 2375 3116 irrogat.

1349 3127 1457 3169 Mala
1470 3131 1717 3183 temporalia
1732 3133 1893 3173 intonat
1906 3135 1952 3173 ut
1968 3132 2187 3185 Dominus,
2206 3133 2377 3187 quando

1348 3199 1503 3252 aliquis
1529 3213 1631 3242 sano
1660 3214 1834 3256 corpore
1861 3203 2107 3245 conteritur.
2129 3203 2244 3245 Scias
2263 3203 2376 3256 quod

1348 3271 1458 3312 Deus
1479 3271 1721 3325 majestatis
1743 3274 1957 3326 intonuit,
1989 3275 2058 3316 vel
2084 3274 2251 3326 quando
2280 3273 2375 3327 quis

1348 3341 1498 3384 morbo
1519 3343 1659 3385 valido
1678 3344 1882 3397 corporiS,
1904 3345 1973 3387 vel
1988 3345 2144 3386 damno
2163 3347 2374 3398 tempora-

1346 3412 1452 3453 lium
1497 3414 1764 3467 compulsus,
1805 3404 1983 3468 pravam
2020 3415 2153 3457 vitam
2192 3414 2371 3466 deserit,

1346 3517 1358 3536 ²
1378 3518 1518 3558 Mami„
1538 3528 1574 3563 x,
1596 3523 1647 3555 28.
1665 3539 1707 3548 —-
1725 3522 1738 3545 ³
1758 3521 1930 3563 Richard.'‚
1949 3524 1987 3554 ut
2004 3531 2118 3563 supra.
2137 3539 2179 3547 —
2196 3522 2207 3542 ⁴
2229 3522 2313 3556 ibid.
2332 3539 2374 3547 —

1345 3565 1358 3588 ⁵
1374 3565 1459 3598 ibid.
1479 3584 1519 3591 —
1540 3569 1582 3610 (a)
1599 3568 1654 3603 Al.
1675 3569 1829 3603 intonuit.

2409 3003 2527 3032 Intonat

2421 3046 2512 3072 Deus.
