2633 3878
1035 219 1277 262 PSALMUS
1307 221 1480 264 CXVlll.

186 315 397 354 possumus
427 307 603 355 accipere
638 310 719 345 tam
749 308 798 344 de
833 307 984 355 capite,
1017 317 1139 355 quam
1169 307 1219 344 de

187 366 307 404 corde
328 367 377 416 (a)
400 381 408 406 :
433 380 522 406 eccc
542 369 761 417 persecutio
782 368 931 406 illativa
949 379 1089 416 poenae.

512 475 701 511 Articulus
727 477 892 520 quartus.

238 556 506 595 Professorum
521 556 721 593 sinceritas
734 556 966 603 elucidatur,
983 567 1076 594 cum
1090 567 1223 604 super-

192 618 349 656 additur
370 630 379 654 :
400 618 549 664 Adjttva
566 629 621 654 me
642 630 651 655 :
675 619 786 666 quod
804 617 960 655 videtur
987 629 1067 655 vox
1087 629 1226 666 perso-

191 690 251 717 nae
268 691 356 728 quae
376 680 576 718 contendit
595 679 636 716 in
656 691 805 727 agone,
826 680 891 717 vel
910 680 1090 727 agonizat
1108 680 1148 716 in
1169 679 1226 717 al-

192 742 403 780 tercatione
439 753 512 790 pro
547 741 640 779 fidei
675 742 875 779 catholicae
909 741 1149 779 defensione.
1183 744 1226 779 Et

192 805 307 850 nota,
328 803 439 851 quod
460 804 524 841 tali
544 813 721 852 personae
742 803 828 840 talis
848 814 928 840 vox
948 804 1128 851 congruit
1156 803 1224 841 tri-

191 864 284 911 plici
310 865 481 911 ratione,
513 865 704 913 quoniam
730 865 922 912 aspiciens
950 866 990 902 in
1024 869 1225 903 auctorem

191 926 309 971 fidei,
331 930 368 964 et
386 930 746 965 consummatorem
765 931 782 965 J
788 938 920 973 esum,
940 931 1070 976 potest
1093 940 1226 966 secure

193 989 321 1027 dicere
343 1001 352 1025 ε
373 989 527 1036 Adjuva
549 1000 612 1026 me
640 989 915 1036 dimicantem,
936 990 1196 1028 lubricantem
1215 1019 1227 1036 ,

192 1051 482 1089 mendicantem
498 1064 507 1088 ε
524 1052 711 1089 dimicare
726 1053 912 1090 convenit
925 1053 1113 1091 affectivae
1125 1081 1136 1099 ,
1150 1054 1229 1091 for-

191 1114 278 1151 titer
295 1115 496 1151 aemulanti
515 1125 588 1162 pro
615 1114 695 1151 fide
711 1127 722 1161 ;
750 1115 947 1152 lubricare
969 1116 1151 1163 congruit
1169 1116 1230 1152 in-

191 1176 419 1222 tellectivae,
440 1176 623 1213 debiliter
642 1177 859 1224 speculanti
878 1189 924 1214 ex
949 1178 1052 1225 fide3
1073 1178 1230 1215 mendi-

192 1249 281 1275 care
300 1239 485 1286 competit
504 1238 713 1285 effectivae,
744 1239 1030 1277 miraculorum
1063 1240 1230 1287 gratiam

193 1299 428 1338 fiducialiter
458 1301 673 1349 postulanti
706 1301 747 1338 in
782 1301 876 1339 fide.
913 1304 964 1339 De
997 1303 1127 1351 primo
1160 1313 1231 1351 per

193 1362 436 1399 Psalmistam
465 1363 605 1400 dicitur
628 1365 666 1400 ¹:
703 1364 931 1411 «Videant,
965 1365 1033 1412 qui
1062 1364 1232 1402 oderunt

194 1436 276 1470 me,
306 1428 343 1462 et
368 1425 672 1472 confundantur,
709 1427 902 1474 quoniam
938 1429 980 1464 tu
995 1455 1006 1472 ,
1043 1427 1229 1474 Domine,

195 1487 377 1534 adjuvisti
416 1499 498 1534 mc,
533 1492 569 1525 et
598 1489 823 1526 consolatus
854 1500 894 1526 es
920 1500 1008 1525 me:
1031 1502 1048 1523 »
1073 1491 1157 1526 Vox
1178 1492 1234 1526 est

194 1550 382 1586 affectivae
413 1551 564 1587 virtutsss
592 1562 665 1598 pro
698 1551 777 1588 fide
814 1551 963 1587 sortiter
994 1550 1228 1587 aemulantis.

195 1601 254 1649 De*
267 1613 440 1649 secundo
460 1623 530 1660 per
552 1613 786 1660 prophetam
805 1613 985 1660 psallitur
1003 1613 1016 1634 2
1037 1626 1047 1649 .·
1075 1626 1093 1646 «
1113 1612 1149 1649 Si
1171 1612 1230 1648 di·

196 1674 334 1712 cebam
356 1687 365 1711 ε
388 1676 511 1712 Motus
531 1677 587 1711 est
616 1686 686 1722 pes
705 1686 836 1721 meus,
857 1674 1130 1711 misericordia
1150 1677 1228 1720 tua,

197 1737 358 1774 Domine
373 1766 384 1783 ,
408 1738 470 1784 adj
479 1738 623 1774 uvabat
641 1748 705 1774 me
726 1749 733 1773 :
753 1752 769 1771 n
792 1748 871 1774 vox
890 1740 945 1773 est
962 1736 1232 1782 intellectivae,

197 1810 245 1835 ex
263 1798 342 1836 fide
356 1799 538 1836 debiliter
551 1800 798 1848 speculantis
819 1801 870 1836 De
887 1799 999 1836 tertio
1014 1810 1084 1846 per
1103 1799 1232 1846 ipsum

197 1861 378 1898 scribitur
393 1863 406 1884 ³
430 1874 438 1898 :
462 1875 481 1895 «
495 1865 576 1908 Ego
598 1872 692 1899 vero
715 1872 861 1908 egenus
890 1864 927 1897 et
945 1871 1096 1909 pauper
1117 1871 1206 1897 sum
1224 1873 1231 1896 :

199 1925 321 1969 DeuS,
341 1923 489 1971 adJuva
508 1934 571 1960 me
594 1936 602 1961 :
627 1937 644 1958 »
666 1934 746 1960 vox
765 1926 820 1960 est
839 1922 1026 1960 effectivae
1040 1950 1053 1969 ,
1074 1922 1233 1969 signum

198 1985 277 2022 tide
297 1985 462 2033 dignum
481 1986 522 2022 in
541 1985 620 2023 fide
639 1985 874 2023 fiducialiter
893 1984 1140 2033 postulantis.

630 2092 802 2134 Epilogus.

246 2172 342 2209 Dicit
361 2182 454 2219 ergo
486 2171 679 2219 Propheta
698 2171 772 2208 sub
792 2170 921 2218 figura
944 2170 1115 2218 cujusvis
1141 2181 1232 2218 per-

198 2246 305 2273 sonae
331 2235 488 2280 fidelis,
516 2234 719 2271 veritatem
751 2233 845 2270 fidei
879 2233 1080 2270 catholicae
1109 2233 1233 2281 profi-

198 2297 336 2343 tentis,
370 2300 407 2334 et
432 2297 639 2334 falsitatem
669 2296 872 2344 pravitatis
892 2295 1089 2341 haereticae
1120 2295 1235 2332 refel-

197 2361 299 2405 lere,
319 2370 401 2397 non
419 2360 582 2408 propria
595 2388 607 2405 ‚
629 2359 700 2396 sed
720 2359 856 2395 divina
873 2358 1015 2395 virtute
1030 2386 1042 2404 ,
1072 2358 1234 2395 sinceri-

199 2426 256 2459 ter
275 2422 453 2458 enitentis
475 2433 483 2458 :
509 2421 638 2458 Omnia
657 2421 831 2457 mandata
853 2424 916 2456 tua
929 2448 941 2466 ,
971 2423 1165 2467 quantum
1183 2420 1235 2456 ad

199 2483 480 2520 mandatorum
495 2482 788 2519 universitatem
804 2481 1030 2518 difformem
1047 2494 1056 2527 3
1078 2483 1233 2534 Veritas,

201 2548 391 2594 quantum
425 2545 477 2581 ad
511 2544 688 2593 ipsorum
723 2543 925 2580 veritatem
963 2542 1232 2590 conforme1n3

200 2610 326 2654 Iniqui
341 2611 519 2655 persecuti
537 2610 619 2644 sunt
637 2617 689 2643 me
701 2634 712 2652 ,
730 2607 923 2653 quantum
941 2605 994 2642 ad
1013 2604 1235 2641 infidelium

202 2670 456 2707 temeritatem
476 2669 720 2715 deformem3
757 2668 900 2714 AdJuva
929 2678 983 2704 me
998 2696 1007 2709 ,
1043 2669 1235 2715 quantum

202 2732 254 2770 ad
273 2732 534 2770 sinceritatem
553 2731 734 2769 fidelium
754 2730 1002 2767 deiformem.

564 2878 783 2906 vssnsicums
806 2871 886 2905 v11.'

253 2986 310 3020 87.
327 2984 559 3020 paulominus
566 2983 891 3019 consummaverunt
904 2991 970 3026 me,
983 2979 1236 3017 etc.Vidimus

204 3045 467 3083 fabulationes
485 3043 696 3092 judaicas,
728 3046 764 3080 et
794 3041 1058 3080 cavillationes
1087 3041 1237 3078 haereti-

205 3119 293 3155 cas,
327 3107 486 3144 duobus
516 3106 698 3142 versibus
729 3104 942 3152 praemissis
973 3106 1233 3151 praenotatas;

204 3170 412 3207 videamus
431 3167 714 3204 stimulationes
730 3166 988 3211 extrinsecas,
1010 3165 1049 3201 in
1068 3175 1236 3213 praesen-

205 3232 252 3269 tis
269 3243 404 3269 versus
429 3230 491 3268 bis
509 3229 614 3267 binis
644 3228 893 3277 portionibus
914 3227 1166 3274 subnotatas,
1196 3227 1237 3264 in

206 3294 352 3343 quibus
375 3292 547 3330 seriatim
572 3294 708 3328 notare
731 3301 942 3339 possumus
966 3289 1138 3327 hostium
1164 3289 1237 3326 im-

206 3359 362 3405 petum,
381 3355 583 3393 incautum
599 3353 801 3402 spiritum,
822 3355 859 3389 et
877 3362 1013 3389 casum
1039 3351 1234 3398 subitum,

252 3439 372 3472 1Ρειιῖ.
394 3447 521 3480 mxxv,
546 3439 595 3470 17.
622 3455 657 3460 —
687 3438 698 3456 ²
718 3437 808 3469 Psol.
835 3444 940 3476 xc1u,
969 3437 1019 3467 18.
1046 3453 1080 3459 --
1111 3435 1122 3454 ³
1149 3436 1236 3467 Psal.

211 3500 310 3532 inx,
336 3490 426 3520 6.-
450 3487 463 3508 ⁸
489 3488 498 3519 1
525 3486 650 3524 Mami.y
680 3493 725 3526 iv,
753 3487 803 3516 51.
824 3501 865 3509 ·-
893 3487 903 3503 ⁵
926 3484 1025 3522 Dan„
1049 3492 1106 3526 1x,
1125 3485 1177 3516 24.
1199 3501 1238 3508 -

2246 231 2324 270 429

1296 314 1435 357 praeter
1454 311 1663 347 mortalem
1683 312 1894 350 interitum.
1921 316 2018 351 Nam
2037 325 2328 364 nonnunquam

1299 375 1486 409 tentantes
1500 374 1688 409 tentatum
1703 375 1943 422 praecipitant
1953 376 1992 412 in
2005 380 2224 425 peccatum,
2234 388 2332 426 prae-

1299 435 1357 470 ter
1377 434 1514 472 mortis
1532 438 1698 472 reatum.

1643 541 1827 576 Articulus
1845 543 1999 587 primu&

1348 621 1503 657 Hostilis
1522 622 1690 669 impetus
1710 623 1966 670 praesignatur
1985 625 2154 664 dicendo
2177 639 2185 663 :
2208 629 2335 665 Paulo-

1300 685 1417 719 mae'nus
1437 689 1780 722 consummaverunt.
1814 686 2066 725 paulominus
2085 699 2335 727 consumma-

1301 755 1366 790 re,
1386 748 1442 781 est
1461 745 1513 782 ad
1529 745 1836 784 indeliberatum
1854 749 2003 794 peccati
2025 760 2259 787 consensum
2280 751 2337 787 in-

1303 806 1472 852 clinare;
1495 817 1588 843 nam
1608 818 1678 854 per
1698 819 1934 846 consensum
1956 810 2218 849 deliberatum
2239 823 2335 850 con-

1303 871 1523 904 summatur
1549 871 1769 916 peccatum.
1806 870 1912 907 L'ndc
1941 873 2160 910 notandum
2181 903 2193 920 ‚
2227 874 2335 921 quod

1304 930 1455 978 peccati
1476 932 1764 968 consummatio
1785 933 1960 969 consistit
1978 933 2019 970 in
2053 936 2222 973 ternario
2236 964 2248 981 ,
2282 937 2336 973 vi-

1306 992 1448 1029 delicet
1467 992 1507 1028 in
1525 993 1688 1029 rationis
1708 994 1936 1042 operatione
1949 1023 1961 1041 ,
1981 996 2078 1042 juris
2102 998 2334 1045 praejudica-

1305 1053 1426 1100 tione,
1447 1058 1484 1090 et
1499 1054 1644 1100 judicis
1660 1055 1932 1102 indignatione
1950 1069 1957 1093 :
1975 1067 2146 1105 quorum
2167 1059 2338 1106 primum

1305 1118 1454 1163 spectat
1490 1116 1542 1153 ad
1574 1119 1730 1161 actum;
1760 1118 2002 1164 secundum,
2035 1120 2088 1156 ad
2118 1121 2336 1168 maculam3

1305 1178 1463 1215 tertium
1477 1205 1489 1224 ,
1512 1178 1565 1215 ad
1584 1183 1749 1216 reatum.
1778 1181 1827 1216 De
1847 1180 1999 1227 primo*
2019 1193 2027 1218 :
2049 1196 2066 1216 «
2080 1184 2339 1220 Consumma-

1306 1243 1447 1277 vcrunt
1468 1241 1602 1277 omnia
1623 1252 1762 1289 opera,
1786 1253 1874 1289 quae
1893 1242 2068 1280 fecerunt
2085 1257 2122 1280 2»
2142 1256 2230 1282 ecce
2252 1256 2341 1282 con-

1307 1303 1613 1340 summationem
1639 1306 1833 1351 quantum
1853 1305 1905 1341 ad
1926 1307 2195 1353 operationem
2216 1336 2226 1353 ,
2248 1309 2340 1355 quia

1307 1364 1483 1413 profecto
1514 1368 1593 1402 tam
1625 1367 1849 1414 bonorum,
1873 1379 1994 1416 quam
2027 1371 2225 1408 malorum
2245 1383 2340 1409 con·

1307 1428 1518 1464 summatio
1541 1431 1596 1464 est
1614 1428 1790 1476 ipsorum
1812 1431 2003 1478 operatio.
2029 1434 2078 1469 De
2099 1433 2274 1471 secundo
2295 1435 2307 1456 ⁵
2331 1448 2339 1471 :

1312 1503 1329 1523 «
1346 1490 1600 1537 Septuaginta
1619 1491 1894 1529 hebdomades
1914 1493 2155 1532 abbreviata}
2175 1499 2265 1532 sunt
2282 1507 2343 1533 su-

1307 1562 1379 1599 per
1407 1552 1604 1600 populum
1626 1555 1756 1596 tuum,
1794 1558 1829 1591 ct
1854 1566 1972 1603 super
2001 1556 2139 1593 urbem
2169 1561 2343 1594 sanctam

1308 1618 1417 1651 tuam
1431 1643 1441 1659 ‚
1465 1618 1504 1651 ut
1525 1619 1820 1654 consummetur
1849 1619 2117 1666 praevaricatio
2138 1649 2148 1665 ‚
2172 1624 2207 1658 et
2222 1620 2343 1658 finem

1309 1677 1474 1724 accipiat
1492 1681 1713 1724 peccatum,
1731 1682 1768 1715 et
1787 1679 1963 1717 deleatur
1983 1682 2169 1730 iniquitas
2186 1696 2194 1720 :
2213 1697 2230 1717 ι)
2256 1694 2344 1720 ecce

1308 1739 1457 1787 pcccati
1476 1742 1860 1779 consummationem
1891 1755 1962 1791 per
1987 1745 2086 1791 Juris
2112 1747 2343 1793 praevariea-

1310 1801 1477 1847 tionem,
1505 1802 1596 1849 justi
1617 1804 1980 1850 praejudicationem
1998 1834 2010 1852 ‚
2042 1809 2079 1844 et
2110 1807 2345 1854 injustorum

1308 1863 1639 1910 justificationem.
1663 1868 1713 1903 De
1735 1868 1872 1904 tertioG
1896 1881 1903 1905 :
1931 1883 1949 1903 «
1968 1869 2105 1907 Adhuc
2120 1871 2343 1919 paululum,

1309 1926 1593 1975 modicumque
1616 1956 1628 1974 ,
1673 1932 1710 1965 et
1747 1932 2088 1969 consummabitur
2125 1933 2344 1981 indignatio

1310 1999 1421 2035 mea,
1451 1988 1562 2027 furor
1587 2000 1699 2027 meus
1719 2002 1838 2039 super
1868 1993 1994 2030 scelus
2021 2005 2158 2032 eorum
2184 2008 2192 2032 :
2216 2010 2234 2031 >›
2257 2006 2344 2032 ecce

1308 2050 1457 2098 peccati
1486 2053 1869 2090 consummationem
1895 2066 1966 2102 per
1988 2056 2134 2102 Judicis
2163 2057 2346 2105 indigna-

1312 2113 1474 2150 tionem.

1626 2163 1816 2200 Arm-ulus
1841 2166 2026 2203 secundus.

1362 2242 1540 2277 incautus
1559 2240 1716 2288 spiritus
1741 2243 1975 2291 assignatur,
1996 2245 2242 2292 adjiciendo:
2265 2249 2344 2294 Me,

1310 2302 1351 2338 id
1372 2304 1449 2348 est,
1472 2302 1652 2349 spiritum
1671 2315 1805 2341 meum
1825 2305 1927 2343 intra
1950 2318 2026 2344 me.
2050 2310 2092 2344 Et
2111 2309 2345 2356 notandum,

1312 2363 1424 2411 quod
1450 2364 1706 2411 paulominus
1727 2369 1994 2406 consummari
2023 2370 2211 2417 contingit
2234 2371 2347 2418 spiri-

1310 2429 1393 2462 tum
1413 2437 1484 2473 per
1506 2426 1742 2464 incautelam
1762 2431 2063 2477 conturbatum,
2090 2432 2346 2479 flagellatum,

1310 2490 1551 2534 protractum
1573 2501 1580 2524 :
1603 2489 1670 2536 qui
1691 2491 1947 2529 conturbatur
1967 2494 2198 2541 nescienter,
2216 2496 2348 2542 flagel-

1310 2548 1413 2586 latur
1439 2549 1680 2597 ignoranter,
1705 2553 1946 2598 protrahitur
1967 2554 2256 2602 insensibiliter,
2277 2567 2346 2593 seu

1311 2611 1685 2658 imperceptibiliter.
1709 2615 1758 2650 De
1779 2614 1909 2662 primo
1928 2617 1966 2652 ⁷:
1992 2630 2009 2650 «
2029 2617 2193 2662 Nescivi,
2214 2618 2346 2655 anima

1310 2683 1401 2709 mea
1433 2673 1682 2711 conturbavit
1708 2686 1772 2712 mc
1803 2680 1966 2725 propter
1995 2678 2210 2727 quadrigas
2239 2681 2345 2718 Ami—

1311 2734 1443 2771 nadab
1465 2746 1473 2771 :
1507 2749 1524 2768 »
1549 2746 1636 2773 ecce
1661 2738 1909 2776 conturbatio
1937 2741 2161 2788 nescientis,
2187 2747 2347 2791 propter

1311 2797 1503 2844 impetum
1537 2799 1863 2846 concupiscentiae
1890 2802 2123 2850 popularis:
2154 2815 2225 2852 per
2251 2816 2348 2853 qua-

1312 2857 1443 2905 drigas
1475 2859 1579 2896 enim
1608 2863 1766 2898 notatur
1801 2862 2071 2911 impetuositas
2082 2878 2093 2912 ;
2125 2866 2345 2904 Aminadab

1312 2923 1444 2957 autem
1464 2921 1741 2969 interpretatur
1765 2938 1782 2958 α
1805 2925 1944 2972 populi
1969 2927 2048 2964 mei
2068 2929 2344 2976 concupiscen—

1313 2982 1378 3028 tia,
1393 2983 1456 3020 vel
1473 2983 1668 3021 voluntas.
1692 2999 1710 3020 »
1729 2987 1779 3023 De
1798 2988 1973 3025 secundo
1992 2989 2219 3028 scribitur⁸:
2239 3005 2257 3025 «
2273 2992 2347 3029 Ad-

1312 3055 1470 3081 versum
1491 3056 1551 3083 me
1572 3046 1687 3084 laetati
1709 3051 1812 3094 sunt,
1828 3051 1865 3086 et
1885 3056 2166 3098 convenerunt,
2187 3063 2347 3099 congre-

1313 3109 1403 3153 gata
1423 3110 1512 3144 sunt
1531 3119 1650 3156 super
1670 3121 1733 3147 mc
1753 3110 1923 3158 flagella,
1939 3115 1975 3149 et
1994 3113 2198 3161 ignoravi:
2222 3130 2238 3147 »
2258 3125 2347 3152 ecce

1312 3167 1526 3215 flagellatio
1553 3169 1784 3217 ignorantis.
1814 3175 1862 3210 De
1893 3174 2005 3212 tertio
2027 3177 2062 3212 ⁹:
2095 3189 2113 3210 α
2137 3178 2349 3214 Traxerunt

1313 3241 1398 3276 me,
1426 3235 1463 3268 et
1491 3242 1565 3279 ego
1598 3244 1680 3270 non
1708 3235 1836 3271 sensi:
1867 3249 1884 3269 n
1907 3247 1996 3273 ecce
2024 3239 2235 3285 protractio
2267 3249 2349 3276 non

1313 3294 1534 3340 sentientis,
1564 3295 1663 3333 sicut
1687 3297 1828 3334 accidit
1852 3309 1923 3346 pcr
1948 3298 2207 3346 improvisam
2227 3302 2349 3338 tenta-

1314 3355 1462 3393 tionem
1483 3358 1709 3395 conturbari
1730 3359 2068 3408 imaginationem,
2082 3360 2274 3409 flagellari
2293 3362 2351 3401 at-

1313 3439 1421 3473 ³1m..
1444 3447 1477 3481 x,
1499 3442 1550 3472 23.
1569 3458 1602 3463 -—
1627 3442 1636 3459 ⁷
1662 3441 1855 3483 Caul.,t'11,
1879 3446 1988 3475 11.—
2010 3445 2022 3464 ⁸
2043 3445 2133 3478 Psal.
2156 3455 2277 3489 xxxiv,
2298 3450 2348 3480 15.

1315 3504 1354 3511 —
1375 3490 1386 3506 ³
1408 3487 1518 3528 Ρι·ου.,
1541 3496 1643 3527 xxm,
1664 3491 1714 3523 35.
1740 3507 1780 3514 —
1800 3491 1843 3532 (a)
1864 3491 1942 3533 Leq.
1964 3501 2120 3534 corpore.

2386 819 2500 848 Peccati

2361 867 2499 888 eonsum-

2357 905 2446 932 matio
2471 903 2499 930 in

2364 944 2493 973 ternario

2357 985 2500 1013 consistit.

2383 2872 2498 2901 Amina-

2365 2913 2434 2942 dub.
