2633 3878
68 399 122 426 Via
131 407 190 427 ma-

49 440 154 468 larum.

52 1899 168 1934 Appeti-

24 1941 72 1967 tus
96 1949 165 1968 sen-

55 1989 65 2008 ε
71 1981 134 2009 itivi

41 2024 150 2058 partes.

1061 180 1303 222 PSALMUS
1333 182 1504 225 CXVlll.

544 315 608 350 Art
614 314 729 350 iculus
756 313 912 359 primus.

256 396 312 431 Ab
349 398 445 431 omm'
475 398 537 432 υία
570 397 678 431 mala.
711 397 805 431 Ecce
831 393 897 430 via
924 392 1160 440 iniquitatis,
1179 394 1246 431 via

207 457 494 504 vituperabilis,
515 457 581 493 via
600 455 793 501 vitabilis,
816 455 911 503 quia
938 454 1055 491 mala.
1079 457 1163 492 Haec
1189 459 1245 492 est

206 519 272 556 via
291 519 500 563 malorum,
522 519 591 567 qui
622 530 645 555 a
665 517 815 554 malitia
834 520 924 554 sunt
952 518 1141 565 perversi,
1162 529 1243 555 non

205 581 365 624 reversi,
385 581 449 618 vel
475 580 666 618 conversi.
689 580 796 616 Unde
827 579 1065 625 notandum,
1086 581 1199 629 quod
1219 592 1243 618 a

206 643 270 680 via
287 643 394 680 mala
414 643 579 691 quidam
597 645 883 691 pervertuntur,
905 642 975 679 sed
1001 653 1082 679 non
1106 652 1240 680 rever-

205 708 356 752 tantm-3
387 705 550 753 quidam
580 707 876 752 pervertuntur,
908 708 944 741 et
972 707 1236 751 revertuntur,

203 768 274 804 sed
307 778 387 805 non
415 769 718 812 convertuntur,
753 766 919 814 quidam
949 769 1240 814 pervertuntur,

202 833 465 875 revertuntur,
481 833 518 866 et
537 831 830 866 convertuntur.
848 829 964 866 Primi
981 832 1070 866 sunt
1086 829 1238 876 frigidi3

199 891 377 938 secundi,
402 891 543 939 tepidi3
560 891 674 937 tertii,
692 891 845 928 fervidi.
865 893 914 928 De
931 891 1058 937 primo
1076 893 1085 914 ¹
1106 904 1113 928 z
1136 891 1238 936 «Qui

201 953 348 1002 decipit
369 954 495 1000 justos
515 954 555 990 in
575 950 640 990 via
661 953 782 1000 mala,
814 953 853 989 in
884 953 1038 990 interitu
1059 965 1130 991 suo
1151 965 1238 991 cor-

198 1020 285 1054 ruet
306 1029 315 1054 z
336 1030 354 1051 n
385 1017 496 1066 quod
530 1018 714 1055 convenit
743 1017 966 1064 decipienti,
998 1020 1034 1054 et
1057 1017 1236 1066 decepto,

198 1091 268 1117 seu
287 1079 540 1128 pervertenti,
557 1082 594 1116 et
607 1091 809 1128 perverso,
823 1090 904 1116 non
920 1082 1048 1116 tamen
1063 1090 1234 1117 reverso.

198 1144 249 1179 De
269 1142 445 1179 secundo
467 1144 480 1164 ²
503 1155 511 1178 :
538 1155 555 1177 «
578 1145 806 1180 Revertatur
835 1143 1109 1190 unusquisque
1130 1153 1152 1178 a
1173 1142 1237 1179 via

196 1215 268 1242 sua
294 1204 423 1251 mala3
452 1219 470 1239 »
495 1205 609 1252 quasi
630 1205 733 1242 dicat
757 1218 765 1242 :
794 1206 1022 1241 Revertatur
1043 1215 1065 1240 a
1087 1204 1235 1250 malitia

195 1266 436 1313 desistendo,
459 1267 527 1315 qui
546 1278 754 1315 perversus
774 1267 900 1304 fuerat
916 1267 958 1304 in
978 1267 1128 1304 malitia
1149 1278 1235 1315 per-

195 1329 381 1366 sistendo.
410 1332 460 1366 De
485 1329 596 1366 tertio
617 1331 631 1352 ³
652 1342 660 1366 2
689 1345 704 1363 «
726 1330 1006 1367 Convertimini
1026 1330 1078 1366 ad
1099 1341 1161 1367 me
1184 1330 1232 1366 de

194 1391 268 1428 viis
283 1392 417 1428 vestris
438 1391 566 1438 malis,
588 1394 626 1429 et
653 1391 958 1440 cogitationibus
984 1392 1120 1429 vestris
1146 1403 1233 1440 pes-

193 1453 324 1501 simis3
353 1467 370 1489 »
400 1454 513 1502 quasi
537 1454 641 1491 dicat
671 1467 680 1491 :
711 1455 968 1491 Converte'mz'ni
996 1455 1044 1491 scd
1070 1467 1122 1491 me
1150 1466 1232 1492 non

191 1515 322 1552 solum
347 1516 481 1564 tepida
511 1517 778 1564 confessione,
799 1517 869 1554 sed
893 1516 1047 1554 fervida
1081 1517 1232 1565 profes-

190 1577 325 1626 sione3
348 1579 392 1615 de
410 1582 481 1616 rz'e's
500 1583 629 1616 vest-ris
650 1582 770 1624 malis,
794 1585 827 1616 ct
852 1582 1131 1626 cogitationibus
1151 1591 1231 1627 pes-

189 1642 305 1686 simis,
325 1641 438 1689 quasi
455 1641 559 1695 di-cat
585 1654 594 1678 :
617 1642 778 1679 Multum
800 1641 965 1689 diligite,
991 1642 1085 1690 quia
1104 1643 1230 1679 multa

190 1702 343 1740 dimitto
362 1703 489 1741 vobis.

510 1806 698 1842 Articulus
725 1806 910 1842 secundus.

233 1890 412 1927 Prohibui
430 1890 538 1938 pedes
558 1902 663 1928 meos.
693 1893 787 1928 Ecce
807 1892 930 1940 pedes
950 1892 1223 1939 sensualitatis,

185 1963 255 1990 seu
291 1954 422 2001 partes
455 1954 650 2001 appetitus
687 1954 898 2000 sensibilis,
948 1955 1059 2002 quus
1091 1958 1223 2001 partes

185 2018 275 2052 sunt
292 2015 502 2052 irascibilis
527 2017 563 2052 et
583 2016 926 2064 concupiscibilis3
949 2017 1042 2065 quia
1071 2016 1226 2054 videtur

183 2079 378 2126 appetitus
410 2078 590 2126 superior
620 2079 732 2126 quasi
759 2082 890 2126 caput,
911 2079 1106 2128 appetitus
1125 2079 1224 2116 infe-

182 2140 263 2178 rior
281 2141 396 2189 quasi
422 2140 557 2189 pedes.
600 2141 667 2178 Hic
705 2144 833 2189 potest
868 2141 996 2178 notari
1026 2153 1050 2179 a
1077 2142 1224 2190 quibus

182 2202 306 2240 dictos
321 2203 442 2251 pedes
463 2205 643 2251 oporteat
661 2203 879 2251 prohiberi.
907 2205 1005 2241 Sane
1040 2215 1063 2241 a
1096 2205 1222 2242 tribus

180 2265 270 2303 illos
283 2266 496 2314 prohibere
519 2266 725 2313 debemus,
747 2268 881 2314 utpote
898 2267 948 2304 ab
965 2267 1219 2314 informitate,

181 2338 204 2364 a
224 2327 486 2375 deformitate,
504 2328 555 2366 ab
588 2330 833 2366 enormitate.
861 2328 1144 2367 Informitatem
1163 2330 1223 2367 fa-

181 2390 232 2427 cit
250 2390 419 2438 privatio
457 2390 676 2428 laudabilis
709 2391 886 2438 habitus;
928 2391 1220 2429 deformitatem

181 2451 387 2500 acquisitio
424 2452 697 2500 vituperabilis
725 2452 908 2499 habitus3
944 2453 1220 2490 enormitatem

181 2515 481 2562 actusillicitus,
523 2515 574 2552 ab
609 2515 747 2552 habitu
784 2515 853 2552 tali
890 2516 1053 2553 elicitus.
1090 2517 1219 2555 Prima

180 2577 395 2625 prohibitio
415 2579 574 2614 notatur
593 2579 606 2600 ⁵
629 2588 637 2613 ε
661 2590 679 2612 «
700 2577 868 2615 Prohibe
894 2578 1038 2626 pedem
1065 2580 1177 2616 tuum
1195 2591 1219 2616 a

178 2639 354 2677 nuditate
362 2651 373 2686 ;
395 2653 412 2675 n
437 2639 505 2676 ubi
526 2650 597 2687 per
621 2639 737 2688 pedis
776 2639 995 2677 nuditatem
1031 2641 1217 2689 intelligi-

178 2713 267 2739 mus
288 2702 346 2738 vis
381 2702 701 2750 concupiscibilis
740 2702 1035 2750 informitatem,
1073 2704 1218 2742 scilicet

177 2765 743 2813 temperantiaeprivationem.
783 2765 963 2803 Secunda
999 2766 1215 2815 prohibitio

177 2827 352 2874 signatur
377 2828 390 2850 ⁸
413 2840 421 2864 ε
440 2827 539 2864 «Fili
558 2827 628 2873 mi,
649 2838 697 2864 ne
719 2827 900 2865 ambules
916 2839 1007 2866 cum
1028 2829 1094 2873 eis,
1117 2842 1134 2865 »
1161 2830 1216 2867 vi-

178 2889 319 2927 delicet
353 2889 583 2927 hominibus
631 2889 874 2937 criminosis;
912 2892 1058 2938 prohibe
1090 2893 1214 2939 pedem

178 2955 277 2988 tuum
296 2963 318 2989 a
335 2954 475 2988 semitis
495 2963 632 2999 eorum3
667 2953 778 3001 quasi
812 2953 916 2990 dicat
938 2966 946 2990 :
964 2953 1130 2991 Prohibe
1161 2955 1213 2991 vi-

175 3024 238 3051 res
257 3017 343 3051 tuas
363 3014 414 3051 ab
435 3025 574 3051 eorum
594 3015 759 3061 actibus.
789 3027 838 3053 ne
864 3016 1045 3064 acquiras
1080 3017 1213 3055 defor-

174 3087 259 3114 mes
277 3077 446 3114 habitus.
470 3077 596 3114 Tertia
614 3078 830 3126 prohibitio
866 3078 1042 3116 innuitur
1062 3079 1102 3116 in
1134 3079 1211 3117 hoc

174 3139 298 3176 verbo
321 3151 329 3176 :
351 3140 411 3176 Ab
429 3142 526 3176 omm'
544 3142 605 3177 via
631 3142 727 3176 mala
755 3141 927 3187 prohibui
957 3141 1063 3188 pedes
1094 3153 1208 3188 meos;

172 3201 249 3240 hoc
268 3204 354 3240 est:
391 3201 578 3239 Prohibui
608 3202 710 3239 vires
746 3213 855 3239 meas
889 3214 913 3240 a
943 3203 1121 3251 qualibet
1149 3216 1210 3242 ac-

172 3264 277 3302 tione
297 3264 446 3312 illicita,
467 3264 517 3302 ab
537 3263 675 3302 habitu
695 3264 888 3302 criminali
921 3264 1064 3303 elicita.

213 3363 221 3384 ¹
240 3363 350 3404 Ρνου.,
367 3366 620 3406 xxvlll‚10.—
635 3364 646 3383 ²
664 3364 800 3402 Jerem„
821 3372 924 3404 xvm,
946 3366 996 3396 11.
1010 3365 1076 3388 ——2
1092 3364 1208 3408 Zacli„

171 3418 197 3452 1,
218 3412 248 3442 4.
268 3429 310 3436 —
327 3412 341 3434 ¹·
356 3413 489 3454 Jerem„
511 3420 552 3454 11,
575 3414 627 3444 25.
648 3429 689 3436 —
707 3412 720 3435 ⁶
737 3412 848 3452 Pron„
868 3419 891 3453 1,
914 3414 964 3445 ¹5.
987 3430 1029 3436 —
1047 3413 1059 3430 ⁶
1082 3412 1206 3455 Emi„

172 3464 252 3500 xvi,
271 3460 322 3491 28.
347 3478 386 3483 -
405 3459 417 3482 ⁷
437 3461 548 3500 Prov„
569 3467 671 3501 xxxx,
697 3461 746 3492 18.
768 3478 806 3484 —
826 3459 840 3481 ⁸
861 3458 950 3492 psal.
973 3467 1095 3501 cxxvi,
1116 3462 1146 3492 1.
1170 3477 1204 3484 -

2276 201 2353 239 447

1660 319 1845 358 Articulus
1871 325 2013 360 tertius.

1374 399 1415 433 Ut
1437 399 1650 437 custodiam.
1690 404 1782 439 Ecce
1815 406 1994 443 custodia
2026 408 2250 456 voluntatis,
2283 421 2353 448 seu

1319 460 1514 507 appetitus
1533 462 1792 511 rationabilis,
1814 467 1925 512 cujus
1955 470 2064 506 actus
2094 474 2151 507 est
2173 471 2350 520 diligere,

1319 524 1354 557 et
1378 533 1447 568 per
1484 534 1729 572 consequens
1767 528 1977 566 custodire.
2014 531 2214 580 Quidquid
2247 535 2352 572 enim

1318 583 1497 621 voluntas
1539 586 1678 634 diligit,
1712 589 1787 626 sibi
1835 590 2039 637 diligendo
2076 595 2293 643 conjungit,
2317 599 2354 634 et

1318 646 1597 693 conjungendo
1629 651 1810 688 custodit.
1842 654 1884 689 Et
1904 659 2011 700 nota,
2034 656 2144 702 quod
2166 657 2353 705 tripartita

1316 708 1491 745 custodia
1506 709 1647 757 legitur
1661 712 1699 748 in
1720 714 1927 762 Scriptura,
1949 716 2095 754 scilicet
2112 718 2352 768 voluntaria,

1317 771 1530 818 meritoria,
1561 777 1597 810 et
1625 774 1881 814 frustratoria.
1913 778 1980 815 llla
2015 780 2193 818 custodia
2211 781 2352 820 dicitur

1314 832 1553 881 voluntaria,
1597 847 1683 884 quae
1721 840 1899 885 procedit
1936 852 1983 877 ex
2024 842 2244 890 voluntate;
2278 845 2349 881 sed

1314 895 1381 932 illa
1401 897 1579 935 custodia
1617 899 1758 936 dicitur
1796 902 2008 950 meritoria,
2045 915 2132 952 quae
2168 906 2351 953 procedit

1315 968 1363 994 ex
1388 958 1590 997 voluntate
1618 962 1788 999 formata
1817 964 2003 1002 charitate
2013 979 2022 1011 ;
2045 967 2114 1004 illa
2140 979 2233 1005 vero
2260 980 2348 1007 cus-

1313 1021 1421 1058 todia
1447 1022 1589 1060 dicitur
1601 1022 1857 1073 frustratoria,
1880 1039 1967 1075 quse
1995 1029 2172 1076 procedit
2197 1041 2244 1067 ex
2276 1043 2346 1068 vo-

1311 1081 1457 1120 luntate
1488 1095 1570 1122 non
1603 1086 1770 1124 formata
1791 1089 1988 1126 charitate.
2025 1093 2073 1128 De
2114 1092 2243 1140 prima
2262 1105 2347 1131 cus—

1311 1146 1419 1182 todia
1439 1146 1579 1184 dicitur
1593 1159 1616 1185 a
1638 1150 1801 1187 Domino
1819 1152 1832 1172 ⁶
1850 1164 1860 1187 ι
1886 1165 1902 1184 «
1920 1154 2132 1202 Usquequo
2153 1144 2234 1192 non
2260 1157 2346 1193 vul-

1311 1208 1357 1244 tis
1385 1210 1581 1248 custodire
1621 1213 1809 1250 mandata
1849 1216 2001 1251 mea?»
2042 1226 2130 1254 ecce
2167 1219 2345 1256 custodia

1309 1270 1544 1309 voluntaria.
1582 1276 1632 1310 De
1663 1276 1839 1312 seeundo
1881 1288 1976 1314 vero
2009 1278 2213 1326 legitur⁷:
2240 1282 2343 1326 «Qui

1309 1335 1477 1371 custodit
1501 1335 1646 1383 legem,
1668 1337 1807 1375 beatus
1845 1342 1914 1386 est,
1938 1353 1953 1373 »
1995 1340 2037 1377 id
2078 1345 2145 1389 est,
2178 1342 2344 1381 beatitu-

1309 1395 1399 1433 dine
1421 1397 1563 1444 dignas
1586 1411 1594 1434 :
1617 1410 1705 1436 ecce
1735 1401 1914 1438 custodia
1932 1403 2144 1441 meritoria.
2162 1407 2211 1443 De
2234 1407 2343 1444 tertia

1307 1458 1361 1495 sic
1381 1459 1534 1496 canitur
1554 1471 1576 1497 a
1603 1461 1805 1500 psalmista
1830 1464 1843 1486 ⁸
1865 1477 1873 1500 :
1899 1479 1915 1498 «
1934 1465 2009 1501 Nisi
2043 1466 2228 1504 Dominus
2259 1479 2342 1506 cus-

1306 1520 1464 1558 todierit
1482 1521 1691 1570 civitatem,
1713 1523 1855 1562 frustra
1891 1526 2038 1573 vigilat,
2077 1529 2142 1575 qui
2175 1529 2343 1566 custodit

1306 1593 1394 1620 eam
1405 1597 1416 1631 3
1430 1598 1446 1618 n
1467 1585 1578 1632 quasi
1599 1585 1724 1622 dicat:
1744 1587 1822 1623 ¹Nisi
1837 1588 2023 1625 Dominus
2043 1591 2238 1628 custodiat
2251 1591 2342 1629 civi·

1305 1648 1438 1692 tatem,
1459 1646 1707 1684 infundendo
1729 1649 1962 1686 custodienti
1987 1651 2228 1698 charitatem,
2246 1653 2342 1690 frus-

1302 1709 1362 1744 tra
1378 1707 1526 1754 vigilat,
1554 1711 1747 1756 quantum
1773 1710 1824 1747 ad
1844 1713 2152 1759 promerendam
2181 1714 2341 1753 felicita-

1302 1771 1394 1814 tem,
1411 1771 1478 1818 qui
1500 1771 1670 1808 custodit
1690 1783 1778 1809 eam
1811 1784 1883 1821 per
1914 1773 2126 1812 informem
2158 1776 2338 1815 volunta-

1301 1834 1380 1868 tem
1403 1844 1410 1868 :
1430 1843 1518 1870 ecce
1540 1834 1722 1872 custodia
1746 1834 2004 1874 frustratoria.

1635 1983 1823 2020 Arte'eulus
1850 1989 2015 2030 quartus.

1351 2084 1467 2120 Verba
1495 2089 1568 2121 tua.
1590 2088 1684 2123 Ecce
1715 2088 1838 2125 verba
1859 2089 2030 2127 veritatis
2055 2101 2136 2128 non
2157 2090 2336 2130 acciden-

1298 2145 1398 2192 talis,
1416 2147 1485 2184 sed
1521 2150 1932 2198 supersubstantialis,
1955 2152 2003 2190 de
2036 2164 2116 2202 qua
2147 2155 2335 2204 scriptum

1297 2209 1414 2246 est⁹z
1443 2223 1460 2243 «
1490 2210 1637 2248 Veritas
1676 2212 1724 2248 de
1768 2215 1869 2251 terra
1900 2218 1985 2251 oria
2021 2220 2089 2253 est.
2117 2230 2133 2250 ι)
2152 2220 2194 2254 Et
2225 2220 2334 2265 nota,

1297 2272 1407 2319 quod
1424 2273 1595 2310 veritatis
1615 2274 1739 2312 verba
1769 2279 1858 2313 sunt
1884 2277 2094 2326 mirabilia,
2124 2290 2334 2318 conserva-

1293 2333 1405 2379 bilia,
1444 2336 1631 2374 amabilia
1660 2350 1668 2373 :
1705 2338 1902 2376 mirabilia
1930 2340 2108 2388 quidem,
2139 2345 2331 2390 quantum

1294 2396 1345 2432 ad
1365 2407 1526 2435 causam
1547 2399 1803 2444 materialem,
1826 2402 1919 2449 quia
1941 2403 2117 2450 loquitur
2147 2405 2197 2442 de
2217 2405 2331 2443 intel-

1292 2457 1526 2496 lectualibus
1547 2462 1719 2509 nataris3
1743 2465 2330 2515 conservabiliaautem,quan-

1292 2521 1376 2556 tum
1409 2521 1462 2558 ad
1499 2533 1659 2560 causam
1690 2523 1913 2571 formalem,
1948 2527 2041 2574 quia
2079 2528 2256 2576 loquitur
2287 2531 2328 2567 in

1291 2583 1538 2621 sensualibus
1558 2586 1714 2633 figuris3
1737 2588 2113 2636 amabiliatandem,
2134 2595 2327 2639 quantum

1291 2645 1342 2681 ad
1363 2657 1522 2683 causam
1561 2647 1737 2694 finalem,
1777 2650 1870 2698 quia
1908 2651 2084 2699 loquitur
2121 2653 2170 2690 de
2209 2654 2325 2691 bonis

1289 2708 1484 2754 confertis,
1525 2711 1728 2757 coagitatis
1766 2715 1803 2749 et
1839 2713 2209 2761 supereffluentibus
2228 2727 2326 2764 prze-

1287 2770 1459 2808 mioram
1496 2774 1702 2810 mensuris.
1744 2776 1792 2811 De
1814 2775 1943 2823 primo
1962 2777 1989 2798 ¹⁰
2012 2789 2020 2812 :
2047 2790 2065 2812 «
2088 2779 2231 2816 Omnes
2252 2781 2325 2816 tes-

1288 2832 1496 2870 timonium
1516 2834 1573 2871 illi
1595 2835 1758 2882 dabant,
1785 2840 1822 2874 et
1842 2837 2090 2877 mirabantur
2125 2840 2166 2878 in
2193 2841 2325 2879 verbis

1288 2895 1435 2943 gratiae,
1457 2908 1544 2945 quae
1565 2899 1835 2946 procedebant
1866 2900 1915 2938 de
1937 2912 2004 2939 ore
2026 2902 2148 2950 ipsius
2167 2915 2174 2940 :
2193 2918 2209 2938 »
2234 2915 2322 2942 ecce

1286 2958 1409 2995 verba
1427 2958 1639 2997 mirabilia.
1663 2963 1712 2998 De
1738 2962 1914 3000 secundo
1936 2965 1962 2986 ¹¹
1987 2975 1995 3000 ε
2016 2977 2034 2999 α
2054 2965 2172 3003 Maria
2192 2969 2322 3004 autern

1286 3021 1546 3058 conservabat
1584 3022 1720 3060 omnia
1756 3024 1879 3062 verba
1915 3025 2011 3073 haec,
2049 3026 2254 3065 conferens
2281 3028 2321 3064 in

1285 3083 1405 3120 corde
1425 3095 1498 3121 suo
1521 3097 1529 3120 :
1552 3099 1568 3119 »
1595 3095 1684 3122 ecee
1706 3086 1828 3123 verba
1849 3088 2153 3126 conservabilia.
2173 3091 2223 3126 De
2243 3093 2319 3126 ter-

1284 3145 1336 3181 tio
1357 3144 1383 3166 ¹²
1405 3157 1446 3182 z«
1463 3146 1624 3195 Sapiens
1638 3147 1678 3184 iu
1697 3148 1827 3185 verbis
1840 3149 2012 3198 seipsum
2029 3151 2242 3188 amabilem
2262 3151 2319 3188 sa-

1283 3207 1344 3244 cit.
1367 3221 1384 3242 »
1404 3207 1470 3245 Hic
1489 3211 1622 3246 autem
1655 3209 1825 3258 sapiens,
1856 3210 1936 3248 imo
1969 3212 2174 3260 sapientia,
2209 3216 2317 3251 tanto

1283 3270 1559 3308 amabiliorem
1588 3283 1628 3309 se
1648 3272 1753 3318 facit,
1776 3275 1925 3321 quanto
1952 3275 2188 3313 amabiliora
2213 3279 2317 3324 sunt,

1282 3343 1370 3381 quae
1387 3333 1580 3382 promittit
1599 3345 1608 3371 :
1627 3345 1716 3372 ecce
1737 3335 1860 3373 verba
1879 3335 2081 3374 amabilia.

1281 3416 1294 3438 ⁹
1313 3416 1404 3450 Psal.
1423 3425 1569 3458 LxxxW,
1593 3419 1641 3451 ¹2.
1661 3435 1702 3443 —
1730 3420 1754 3441 ¹⁰
1780 3419 1870 3460 Luc„
1898 3428 1944 3461 nr,
1971 3422 2022 3454 22.
2049 3440 2084 3445 —
2113 3423 2136 3445 ¹¹
2164 3422 2314 3466 Luc.,11,

1280 3466 1332 3498 22.
1347 3482 1386 3490 --
1406 3465 1433 3487 ¹²
1453 3464 1574 3504 Eccli.,
1596 3466 1644 3497 ¹3.

2398 484 2516 520 Appeti-

2372 528 2418 552 lus
2427 527 2512 553 ratio-

2372 566 2488 597 nabilis.

2370 919 2508 946 Custodia

2369 961 2470 996 trifilex
2477 981 2484 989 .

2399 2236 2494 2264 Verba

2353 2277 2494 2305 veritatis.
