2633 3878
322 269 400 308 468

651 387 836 424 Articulus
860 386 1011 431 primus.

365 477 427 513 Vis
450 473 587 512 audire
608 471 800 508 audacem
824 465 986 504 militem
1015 463 1117 499 eirca
1140 463 1283 504 Deum,
1307 461 1343 495 et

318 538 429 587 quasi
450 538 585 574 contra
604 532 814 570 Dominum
829 528 1072 569 milit-antem,
1088 522 1223 560 divina
1236 521 1343 557 bona

315 600 476 637 viriliter
491 595 736 643 exigentem?
754 591 852 629 Audi
868 587 1110 626 Psalmistam
1126 584 1341 621 dicentem:

314 663 461 708 Adjura
481 672 553 706 me,
582 659 727 695 scilicet
745 657 785 692 in
811 664 899 691 mea
927 647 1245 693 necessitate,.de
1272 649 1343 682 ture

315 725 447 772 gratiae
460 722 652 770 largitate.
668 722 709 756 Et
723 720 829 762 nota,
849 713 959 762 quod
981 711 1166 749 Dominus
1184 709 1344 755 adevat

314 790 504 834 quantum
524 783 576 820 ad
596 780 849 822 intellectum,
871 775 922 814 ad
942 774 1138 819 affectum,
1160 771 1212 807 ad
1232 770 1344 806 effee-

314 852 418 893 tum3
440 843 661 895 praestando
682 839 904 884 consilium,
919 835 1117 880 solatium,
1133 832 1339 870 auxilium.

314 912 363 946 De
380 909 509 957 primo
524 908 553 942 ¹:
570 919 588 941 ι(
602 903 759 951 Adjuvit
773 912 878 946 eum,
893 914 911 934 »
923 899 1068 936 seilicet
1087 894 1222 939 David,
1239 907 1257 927 α
1274 895 1343 928 Do-

311 971 441 1007 minus
460 970 501 1006 in
521 967 683 1012 cunctis,
703 965 754 1001 ad
774 974 861 1012 quse
880 960 1142 1009 pertraxerat,
1164 970 1180 991 »
1198 954 1344 991 scilicet

310 1032 533 1081 praestando
573 1028 793 1066 consilium.
832 1028 882 1061 De
916 1020 1089 1059 secundo
1104 1048 1113 1063 ‚
1147 1018 1216 1054 ubi
1250 1016 1343 1052 dicit

311 1096 465 1134 Amasai
486 1095 537 1132 ad
559 1092 680 1130 David
694 1089 729 1125 ²:
758 1105 773 1121 «
794 1087 963 1133 Adiuvat
983 1087 1017 1120 te
1035 1082 1222 1120 Dominus
1243 1082 1341 1116 Deus

310 1162 412 1203 tuus,
432 1172 450 1190 ι)
474 1156 617 1193 seilicet
634 1150 856 1201 praestando
874 1146 1071 1185 solatium.
1095 1146 1145 1180 De
1166 1142 1276 1179 tertio
1299 1143 1312 1163 ⁸
1330 1154 1337 1177 ;

314 1235 330 1254 «
347 1220 412 1258 Dei
432 1218 579 1266 quippe
599 1219 668 1260 est,
690 1218 726 1251 et
746 1213 956 1259 adjuvare,
978 1212 1014 1246 et
1035 1208 1076 1244 in
1095 1207 1230 1253 sugam
1250 1214 1340 1241 con-

307 1285 471 1327 vertere,
492 1294 509 1314 »
527 1278 673 1315 scilicet
688 1273 923 1323 praestando,
943 1271 1006 1308 vel
1023 1268 1209 1316 negando
1230 1266 1340 1304 auxi-

306 1344 416 1380 lium.

622 1386 808 1423 Arlz'culas
836 1381 1021 1419 secundus.

354 1468 416 1503 Vis
453 1465 590 1503 audire
621 1472 806 1510 rapacem
844 1459 1030 1504 militem,
1068 1467 1150 1494 non
1186 1457 1338 1492 tantum

304 1530 413 1568 bona
433 1527 581 1566 cunctis
609 1525 786 1573 exposita
809 1522 1050 1568 exigentem,
1072 1519 1143 1555 sed
1168 1520 1204 1555 et
1229 1517 1338 1554 bona

304 1591 450 1630 Sanctis
486 1588 657 1637 reposita
694 1584 941 1632 rapientem?
973 1581 1074 1619 Audi
1104 1579 1338 1627 prophetam

303 1653 534 1701 psallentem
562 1663 570 1686 :
590 1652 637 1686 Et
656 1650 774 1685 sah-us
795 1658 868 1692 ero,
884 1644 995 1693 quasi
1017 1643 1120 1679 dicat
1142 1654 1150 1678 :
1178 1643 1337 1687 Propter

303 1715 412 1752 bona
433 1713 564 1761 gratiae
579 1721 661 1747 non
681 1710 840 1757 quiesco
864 1719 872 1743 :
895 1706 963 1742 sed
984 1707 1021 1741 et
1044 1705 1203 1751 insuper
1229 1702 1337 1738 bona

303 1776 439 1824 gloriae
457 1773 705 1821 concupisco.
730 1768 892 1806 Attende
913 1767 1078 1805 militem
1105 1766 1243 1803 aeriter
1262 1763 1335 1799 mi-

301 1840 496 1884 litantem,
517 1847 662 1883 magna
680 1834 936 1881 flagitantem,
959 1833 994 1867 et
1020 1829 1194 1866 maxima
1221 1825 1337 1873 rapti-

304 1905 461 1939 tantem.
483 1902 562 1936 Hoc
583 1901 713 1934 autem
735 1893 944 1939 contingit,
966 1891 1061 1939 quia
1081 1900 1201 1937 quem
1221 1897 1336 1924 orans

300 1963 488 2007 unxerat,
511 1960 672 2008 plorans
691 1956 844 2005 pungit.
866 1957 909 1991 Et
936 1956 1050 1998 nota,
1080 1950 1191 1999 quod
1209 1949 1336 1996 lacry-

300 2035 457 2062 marum
478 2023 603 2070 gratia
616 2049 627 2066 ‚
656 2021 736 2057 sive
758 2015 1009 2065 compunctio
1027 2014 1256 2061 lacrymosa
1275 2011 1334 2047 di-

301 2087 398 2123 citur
416 2085 600 2133 raptitare
629 2082 809 2125 salutem,
831 2078 1022 2127 quoniam
1050 2078 1175 2113 armat
1202 2073 1334 2110 hom‘-

299 2159 391 2185 nem
414 2147 466 2184 ad
490 2146 595 2183 illius
620 2142 941 2186 similitudinem,
969 2139 1037 2187 qui
1061 2138 1334 2186 propugnator

299 2215 356 2249 est
380 2210 432 2249 ad
451 2208 629 2246 salutem.
654 2206 759 2244 Facit
781 2214 954 2251 namque
980 2202 1072 2239 flere
1093 2212 1183 2237 cum
1202 2200 1334 2245 flente,

297 2273 379 2321 pati
406 2283 496 2309 cum
521 2270 690 2319 patiente
707 2297 718 2314 ,
750 2267 881 2304 vivere
911 2276 1000 2300 cum
1028 2263 1207 2300 vivente:
1240 2262 1334 2298 flere

300 2335 482 2383 quidem,
522 2335 713 2380 quantum
745 2329 797 2366 ad
830 2327 1034 2364 hominem
1073 2324 1329 2370 exteriorem,

298 2397 378 2445 pati
412 2398 562 2439 autem,
595 2395 786 2441 quantum
823 2390 874 2427 ad
912 2388 1138 2425 interiorem
1152 2399 1162 2433 3
1201 2386 1332 2422 vivere

298 2459 478 2504 tandem,
501 2460 692 2505 quantum
711 2455 764 2491 ad
792 2452 1045 2490 dulcedinem
1070 2450 1227 2497 spiritus
1247 2449 1333 2496 pin-

297 2522 490 2569 guiorem.
509 2521 558 2556 De
580 2518 709 2566 primo
730 2515 824 2552 dicit
843 2511 1214 2561 psalmogra1)hus¹':
1235 2523 1253 2545 «
1267 2512 1332 2548 Os-

297 2583 412 2621 tende
437 2581 578 2619 faciem
610 2582 741 2624 tuam,
771 2580 806 2614 et
835 2576 933 2613 salvi
960 2576 1117 2612 erimus.
1139 2588 1156 2609 »
1180 2573 1333 2610 Faciem

298 2644 526 2688 ostendere,
558 2644 615 2678 est
634 2639 931 2677 similitudinem
954 2636 1067 2674 faciei
1087 2635 1330 2683 impendere.

297 2705 428 2751 Qualis
447 2703 588 2741 faciei?
608 2701 809 2748 Numquid
827 2699 1017 2736 ridentis?
1038 2700 1135 2740 Non,
1158 2697 1229 2733 sed
1246 2706 1332 2744 pre-

298 2779 360 2805 ces
377 2777 467 2804 cum
489 2765 674 2812 lacrymis
694 2761 912 2806 offerentis,
939 2764 975 2797 et
993 2759 1159 2797 salutem
1176 2758 1333 2795 validis-

298 2831 394 2866 sime
425 2827 635 2876 capientis,
668 2825 765 2862 sicut
793 2823 974 2860 scribitur
1004 2822 1054 2859 ab
1084 2821 1271 2869 Apostolo
1291 2822 1330 2857 ⁵:

303 2904 320 2925 ι(
337 2890 410 2936 Qui
430 2890 471 2925 in
492 2889 631 2925 diebus
655 2886 782 2923 carnis
809 2897 887 2923 suae
915 2894 1051 2932 preces
1078 2882 1331 2931 supplicatio-

299 2962 447 2999 nesque
468 2950 520 2987 ad
541 2959 644 2987 eum.
669 2948 736 2994 qui
755 2949 887 2994 posset
904 2946 1018 2982 illum
1032 2945 1185 2982 salvum
1204 2945 1332 2982 faeere

299 3025 322 3052 a
341 3015 484 3057 morte,
506 3021 597 3048 cum
617 3010 788 3045 clamore
808 3008 940 3045 valido
968 3010 1004 3044 et
1028 3007 1213 3054 lacrymis
1243 3006 1332 3043 offe-

298 3086 410 3121 renS,
450 3072 655 3111 exauditus
693 3073 748 3106 est
784 3080 856 3117 pro
894 3079 964 3105 sua
1000 3069 1231 3106 reverenda.
1258 3082 1275 3103 »
1303 3069 1331 3105 Ο

299 3140 446 3186 quanta
464 3135 614 3172 virtutis
642 3131 851 3177 violentia,
874 3134 1022 3178 quanta
1044 3131 1178 3167 salutis
1202 3130 1331 3177 direp-

299 3200 376 3236 tiva
403 3197 577 3246 potentia
607 3195 679 3232 fuit
708 3194 749 3230 in
778 3193 847 3230 illa
873 3192 1067 3238 clamosa,
1092 3192 1329 3239 lacrymosa,

296 3259 609 3299 reverentissima
635 3254 907 3304 Redemptoris
941 3253 1142 3290 instantia!
1183 3255 1234 3290 De
1270 3263 1330 3289 se-

298 3323 427 3359 cundo
456 3321 588 3358 scribit
609 3318 818 3366 Apostolus
837 3318 875 3353 ⁶:
904 3329 922 3350 «
948 3315 1149 3353 Justificati
1177 3315 1218 3351 in
1245 3326 1330 3352 san·

299 3384 415 3431 guine
435 3383 576 3431 ipsius,
605 3381 701 3418 salvi
720 3379 865 3417 erimus
889 3377 939 3416 ab
964 3377 1023 3416 ira
1048 3388 1118 3426 per
1143 3377 1286 3425 ipsum.
1309 3393 1325 3412 »

344 3469 354 3488 ¹
388 3467 398 3497 1
436 3465 604 3505 paralip„
644 3470 753 3502 xv111,
791 3464 823 3494 6.
854 3479 894 3485 —
931 3461 941 3480 ²
978 3460 1076 3500 ibid„
1113 3468 1172 3500 xi,
1207 3461 1256 3491 18.
1290 3478 1329 3485 —

298 3515 357 3546 ²11
378 3511 547 3552 ΡαναΙιῬ.,
568 3518 647 3549 xxV,
668 3513 698 3541 8.
720 3527 759 3533 —
778 3510 788 3527 ⁴
809 3509 900 3540 Psal.
922 3516 1039 3547 Lxxix,
1061 3510 1090 3539 4.
1115 3526 1154 3531 -
1179 3509 1188 3526 '²
1209 3507 1328 3547 Helm,

1016 245 1291 289 EXPOSITIO
1324 244 1376 287 IN
1404 244 1758 288 PSALTERIUM.

1421 338 1463 373 ln
1487 336 1676 383 sanguine
1701 332 1837 372 Christi
1861 331 2066 379 justificari
2085 330 2254 377 videtur,
2274 331 2342 379 qui
2365 329 2447 378 pati

1419 409 1510 436 cum
1533 399 1724 447 patiente,
1754 401 1790 435 et
1807 396 2041 444 sanguinare
2070 404 2164 432 cum
2188 395 2446 440 sanguinante

1419 464 1600 498 meretur.
1626 460 1727 505 Quid
1746 459 1851 497 enim
1870 459 2077 507 lacrymae,
2097 455 2172 494 nisi
2191 455 2348 502 sanguis
2366 456 2450 492 ani-

1419 524 1523 558 mae?
1547 524 1596 558 De
1623 522 1734 559 tertio
1760 521 1992 559 scribitur⁷:
2019 534 2036 554 «
2060 517 2329 563 Reconciliati,
2350 515 2448 553 salvi

1419 584 1563 620 erimus
1582 584 1623 620 in
1642 585 1721 621 vita
1740 584 1876 631 ipsius.
1901 597 1918 617 »
1946 586 1988 621 ln
2006 582 2086 619 vita
2105 579 2242 618 Christi
2261 577 2449 616 vivificari

1419 645 1674 692 dignoscitur,
1691 645 1758 692 qui
1777 647 1866 693 post
1885 643 2269 682 collamentationem
2288 642 2325 678 et
2345 649 2449 676 com-

1417 707 1641 754 passionem
1659 706 1709 743 ab
1735 706 1821 753 ipso
1842 705 1978 744 Christi
2008 705 2145 753 spiritu
2169 701 2323 741 dulcius
2347 702 2450 749 aspi-

1418 770 1540 805 ratur.

1762 816 1948 851 Articulus
1975 815 2116 850 tertius.

1465 891 1527 928 Vis
1547 891 1684 928 audire
1705 902 1888 939 sagacem
1906 890 2082 936 militem,
2101 899 2182 926 non
2199 889 2328 926 solum
2342 887 2450 926 bona

1415 952 1532 990 bonis
1559 953 1731 1001 reposita
1762 952 2002 1001 rapientem,
2033 951 2103 988 sed
2134 953 2170 988 et
2196 950 2305 988 bona
2331 949 2449 987 honis

1415 1014 1620 1052 recondita
1649 1015 1838 1062 sagaciter
1865 1013 2199 1062 perscrutantem?
2226 1011 2325 1049 Audi
2348 1011 2451 1050 Psal-

1414 1077 1681 1124 mographum
1719 1076 2064 1114 subscribentem:
2098 1077 2145 1111 Et
2179 1075 2378 1112 meditabor
2409 1076 2449 1111 in

1409 1138 1733 1185 justificationibus
1748 1141 1834 1175 tuis.
1850 1138 1886 1176 Si
1900 1138 2005 1175 enim
2025 1137 2206 1174 meditari
2227 1137 2284 1174 est
2302 1137 2449 1174 secreta
2467 1155 2603 1185 Medum

1414 1200 1592 1245 scrutari,
1613 1201 1643 1237 si
1663 1200 1961 1246 justificationes
1980 1202 2134 1238 secretae
2153 1201 2243 1236 sunt
2261 1199 2445 1246 actiones,
2467 1197 2548 1233 quid.

1415 1264 1581 1308 constat,
1612 1262 1723 1310 quod
1747 1262 1976 1309 hujusmodi
1998 1261 2199 1309 meditari,
2226 1263 2282 1298 est
2300 1262 2447 1299 secreta

1415 1324 1614 1361 dominica
1639 1325 1885 1372 perscrutari.
1915 1324 1953 1361 Si
1980 1325 2142 1372 quaeris,
2169 1334 2257 1371 quae
2278 1325 2367 1360 sunt
2390 1334 2447 1360 se·
2466 1341 2549 1367 Bona
2564 1347 2607 1367 se-

1414 1388 1518 1424 creta
1537 1387 1645 1424 bona
1665 1387 1754 1433 Dei,
1784 1388 1826 1423 ut
1851 1386 1978 1434 possis
2005 1386 2075 1424 illa
2093 1385 2321 1423 meditando
2342 1395 2447 1423 scru-
2465 1379 2608 1449 mets-pei

1413 1449 1514 1486 tari?
1534 1449 1722 1486 Indicabo
1743 1449 1814 1487 tibi
1832 1450 1940 1488 bona
1952 1448 2226 1496 hujuscemodi
2240 1447 2444 1496 tripartita,
2473 1429 2584 1489 ”aas

1412 1511 1454 1549 in
1481 1511 1648 1549 cellariis
1675 1512 1799 1549 tribus
1825 1511 2057 1549 abscondita
2079 1523 2087 1548 :
2115 1510 2296 1548 videlicet
2322 1510 2445 1548 laten·
2463 1504 2599 1572 {futan-

1412 1575 1490 1609 tem
1513 1575 1745 1620 potestatem
1770 1574 1812 1610 in
1837 1574 1972 1611 divina
1990 1576 2151 1619 natura3
2171 1573 2356 1610 latentem
2374 1582 2444 1609 ve·
2503 1563 2511 1572 ⁶

1411 1634 1566 1671 ritatem
1599 1636 1641 1671 in
1678 1637 1892 1683 scriptura;
1932 1636 2119 1673 latentem
2152 1634 2368 1672 bonitatem
2403 1634 2444 1671 in

1413 1699 1605 1734 creatura.
1627 1698 1668 1734 In
1687 1700 1827 1734 natura
1847 1697 2067 1744 specialiter
2086 1696 2315 1734 meditando
2336 1706 2443 1733 scru-

1412 1761 1512 1805 tare,
1536 1759 1600 1795 vel
1623 1759 1834 1797 scrutando
1854 1759 2044 1797 meditare
2063 1759 2260 1806 fastigium
2279 1760 2446 1807 potesta-

1412 1820 1480 1867 tis;
1500 1820 1541 1858 in
1560 1821 1773 1869 scriptura,
1794 1821 2035 1869 praesagium
2057 1821 2228 1858 veritatis
2239 1833 2250 1867 3
2276 1820 2317 1857 in
2337 1830 2445 1858 crea-

1411 1884 1516 1925 tura,
1549 1883 1760 1929 vestigium
1786 1883 1985 1920 honitatis.
2009 1881 2222 1929 Fastigium
2246 1881 2447 1930 potestatis

1409 1944 1449 1980 in
1491 1947 1631 1981 natura
1674 1944 1838 1982 scrutari
1878 1944 2128 1990 deliberavit,
2176 1944 2245 1992 qui
2281 1944 2379 1981 dixit
2400 1942 2415 1965 ⁸
2434 1956 2444 1981 ι

1415 2019 1432 2040 «
1450 2006 1665 2043 Meditabor
1697 2007 1738 2043 in
1768 2009 1825 2052 te,
1858 2006 1951 2054 quia
1975 2006 2080 2043 fuisti
2107 2005 2263 2053 adjutor
2281 2016 2442 2043 meus.»

1410 2068 1645 2115 Praesagium
1680 2068 1851 2106 veritatis
1883 2069 1924 2104 in
1962 2067 2158 2115 Scriptura
2185 2067 2348 2105 scrutari
2384 2067 2444 2105 di-

1410 2132 1629 2178 gnoscitur,
1652 2132 1701 2168 de
1731 2143 1812 2179 quo
1830 2131 1970 2168 dicitur
1990 2131 2025 2167 ⁹:
2053 2143 2071 2165 «
2094 2134 2136 2169 ln
2154 2131 2243 2178 lege
2263 2131 2346 2178 ejus
2364 2142 2447 2168 me-

1410 2195 1610 2233 ditabitur.
1626 2208 1643 2230 »
1657 2195 1872 2242 Vestigium
1887 2194 2072 2232 bonitatis
2092 2193 2133 2230 in
2152 2195 2329 2230 creatura
2343 2204 2446 2231 scru-

1408 2258 1480 2294 tari
1507 2257 1727 2305 proposuit,
1760 2257 1829 2305 qui
1856 2257 2026 2295 cantavit
2045 2257 2098 2294 ¹0:
2126 2271 2143 2293 «
2162 2257 2377 2295 Meditabor
2403 2257 2446 2294 in

1410 2319 1595 2356 omnibus
1621 2319 1808 2367 operibus
1836 2321 1932 2366 tuis,
1963 2322 2000 2356 et
2030 2319 2071 2356 in
2097 2319 2444 2357 adinventionibus

1410 2380 1485 2418 tuis
1505 2381 1738 2428 exercebor,
1765 2394 1783 2416 »
1808 2381 1850 2418 id
1871 2383 1940 2428 est,
1967 2381 2174 2428 vestigium
2199 2380 2385 2418 bonitatis
2402 2380 2444 2417 in

1408 2442 1596 2489 operibus
1615 2442 1823 2480 creationis
1844 2445 1881 2480 et
1899 2442 2153 2481 recreationis
2169 2442 2386 2480 scrutabor.

1727 2548 1916 2584 Articulus
1956 2551 2122 2594 quartus.

1455 2633 1517 2670 Vis
1543 2633 1680 2671 audire
1705 2633 1872 2670 militem
1898 2633 2161 2681 pertinacem,
2189 2644 2271 2671 non
2298 2633 2444 2671 solum-

1408 2695 1530 2732 modo
1551 2695 1659 2732 bona
1685 2695 1844 2733 latentia
1874 2695 2189 2743 perquirentem,
2222 2695 2293 2733 scd
2320 2697 2357 2733 et
2382 2690 2447 2732 fuss

1409 2757 1555 2803 gientia
1569 2757 1898 2804 persequentem?
1914 2756 2014 2794 Audi
2030 2757 2262 2804 scripturam
2279 2767 2443 2805 sequen-

1410 2821 1507 2854 tem:
1527 2819 1684 2865 Semper,
1701 2829 1745 2856 ac
1765 2818 1797 2854 si
1815 2818 1920 2855 dicat
1937 2819 2135 2866 potenter:
2157 2819 2265 2855 Bona
2282 2818 2443 2856 latentia

1408 2880 1633 2918 meditabor
1643 2880 1907 2927 ineffabiliter,
1919 2891 1988 2918 seu
1995 2880 2270 2928 perscrutabor
2276 2880 2442 2929 pertina-

1408 2942 1523 2989 citer3
1545 2942 1735 2990 quoniam
1753 2942 1917 2979 inventis
1934 2953 2089 2990 semper
2105 2942 2339 2980 invenienda
2357 2953 2442 2980 suc-

1407 3004 1563 3050 cedunt,
1583 3004 1754 3042 collectis
1774 3015 1928 3052 semper
1943 3004 2167 3051 colligenda
2180 3007 2440 3048 succrescunt,

1407 3069 1444 3102 et
1463 3066 1619 3103 affectui
1639 3068 1730 3114 post
1747 3066 1856 3103 bona
1881 3065 2158 3104 desiderabilia
2176 3065 2374 3113 volitanti,
2395 3076 2441 3103 ac

1406 3127 1619 3165 intellectui
1633 3129 1722 3175 post
1731 3128 1896 3176 pulchra
1911 3127 2216 3166 considerabilia
2226 3127 2438 3175 cursitanti,

1406 3189 1623 3227 innumerae
1642 3192 1801 3236 turmae,
1821 3190 1982 3228 infinitae
2002 3193 2165 3228 catervae
2183 3189 2383 3227 bonorum
2402 3191 2440 3225 et

1405 3251 1661 3298 pulchrorum
1681 3252 1899 3300 praevolant
1929 3255 1966 3290 et
1986 3254 2245 3301 praecurrunt.
2262 3253 2306 3290 Et
2323 3252 2437 3295 nota,

1406 3313 1517 3360 quod
1550 3324 1632 3351 non
1666 3317 1723 3351 est
1754 3314 1882 3361 gravis
1912 3314 1994 3352 haec
2030 3312 2336 3362 sempiternitas,
2367 3311 2438 3349 sed

1406 3375 1538 3413 suavis
1572 3375 1698 3414 tribus
1733 3376 1782 3414 de
1821 3377 1973 3414 causis:
2013 3377 2174 3423 propter
2209 3373 2435 3420 veritatem,

1406 3468 1439 3499 v,
1459 3461 1489 3491 7.
1506 3477 1546 3484 —
1564 3460 1577 3483 θ
1594 3461 1698 3502 Rom„
1720 3467 1751 3502 v,
1772 3462 1802 3492 9.
1824 3477 1864 3484 --
1884 3461 1895 3478 ⁷
1916 3458 2016 3501 lhid„
2033 3461 2085 3493 10.
2102 3476 2138 3483 -
2160 3459 2172 3479 ⁰
2191 3445 2277 3492 Ρὲαῖ.
2298 3465 2384 3498 an,
2403 3457 2436 3489 7.

1406 3526 1444 3531 —
1464 3511 1475 3526 ⁹
1496 3507 1589 3539 Psat.
1612 3516 1635 3548 ι,
1651 3510 1681 3539 2.
1704 3525 1739 3531 —-
1763 3509 1787 3527 ¹⁸
1806 3507 2034 3547 Psal.1„xxv1,
2056 3509 2104 3540 13.
