2633 3878
223 245 298 283 108

222 331 308 371 imo
329 330 338 350 ¹
364 342 372 366 :
401 341 420 364 «
440 325 485 364 ln
505 333 590 375 quo
619 319 685 361 die
713 318 943 373 comederis
958 349 970 368 ,
993 318 1127 357 morte
1147 326 1243 355 mo-

220 400 354 441 rieris.
371 411 389 434 υ
417 394 532 436 Unde
551 393 717 444 lignum
738 389 921 430 scientiae
943 390 1061 441 potes
1084 385 1240 433 videre,

220 482 302 511 non
335 465 614 511 manducare,
642 462 741 515 quia
772 461 1009 501 destrueres
1039 454 1243 509 quidquid

220 539 407 580 Christus
436 536 552 584 fecit,
589 537 630 575 et
668 543 834 573 necesse
865 531 973 570 esset
1006 527 1245 568 subintrare

219 612 415 658 mortem,
438 606 564 660 quia²
588 605 757 644 «littera
776 600 939 642 occidit.
959 613 977 635 »
1005 598 1120 639 Unde
1142 597 1245 637 Pau-

220 681 285 721 lus
304 680 409 721 dixit
428 680 442 701 ³
470 693 478 718 :
508 694 526 716 «
548 676 639 728 Ego
662 673 816 714 Paulus
844 672 951 720 dico,
974 669 1087 722 quod
1109 668 1142 707 si
1162 667 1246 708 cir-

221 749 529 799 cumcidimini,
553 746 741 788 Christus
766 743 825 784 nil
850 742 973 783 vobis
1000 740 1198 794 proderit.
1221 752 1240 775 ι)

222 823 416 863 Doctores
451 823 595 861 autem
632 816 691 856 illi
729 815 956 867 signantur
999 823 1073 864 per
1109 810 1246 850 Adam

220 891 547 940 foecundantem,
560 888 634 942 qui
645 886 939 928 incumbentes
950 894 1078 935 super
1089 881 1243 932 legem,

221 962 341 1015 quasi
355 963 542 1002 amantes
557 970 752 1007 uxorem,
771 955 1043 997 comederunt
1060 952 1110 992 de
1128 951 1154 991 li
1161 962 1248 1003 gno

221 1033 420 1082 scientiae,
443 1035 490 1072 ut
508 1031 650 1083 legem
668 1028 957 1075 observarent,
977 1028 1015 1065 et
1030 1034 1249 1064 consense-

222 1108 321 1146 runt
340 1103 537 1156 serpenti,
554 1102 627 1155 qui
645 1100 848 1141 suadebat
867 1097 1006 1148 legem
1023 1096 1249 1135 observan-

222 1176 318 1217 dam
343 1190 351 1216 :
373 1179 413 1215 et
427 1175 522 1215 inde
536 1176 627 1214 orta
641 1175 702 1213 est
717 1172 730 1192 ''
745 1169 921 1211 haeresis
936 1167 1246 1215 Ebionitarum,

222 1248 295 1299 qui
328 1246 551 1295 dixerunt,
589 1243 701 1296 quod
733 1241 819 1281 Lex
853 1238 1116 1280 observanda
1150 1249 1249 1277 cum

222 1317 455 1368 Evangelio
475 1318 605 1356 esset:
634 1316 674 1353 et
694 1313 773 1352 fuit
801 1314 943 1351 tantus
976 1309 1090 1349 zelus
1118 1308 1246 1359 legis,

222 1388 358 1442 quod⁵
379 1387 561 1428 «Petrus
578 1386 658 1426 iret
674 1383 846 1424 inillam
861 1379 1175 1420 simulationem
1198 1393 1206 1418 :
1226 1393 1245 1415 »

223 1461 294 1501 sed
317 1459 454 1511 gratia
474 1458 546 1498 Dei
573 1457 717 1509 ipsum
740 1452 940 1494 liberavit
963 1466 970 1490 :
996 1454 1036 1491 et
1061 1450 1157 1490 inde
1184 1462 1248 1489 se-

222 1532 368 1585 quitur
388 1530 548 1583 ejectio,
572 1527 684 1581 quod
709 1526 814 1566 Deus
842 1524 894 1564 ab
915 1523 976 1563 eis
1003 1520 1186 1571 recessit,
1210 1521 1251 1560 et

222 1602 397 1654 dispersi
427 1603 540 1650 sunt,
564 1602 603 1639 et
631 1596 839 1638 maledicti
872 1596 916 1635 in
941 1606 1065 1646 opere
1096 1604 1186 1642 suo,
1213 1593 1253 1631 et

223 1674 343 1726 quasi
364 1686 388 1713 a
406 1672 571 1713 duobus
585 1670 709 1719 ursis,
729 1668 821 1710 Tito
835 1670 874 1708 et
894 1665 1164 1718 Vespasiano,
1186 1664 1253 1703 de-

222 1744 359 1785 vorati
380 1746 493 1784 sunt.
517 1742 565 1782 Et
590 1742 647 1781 sic
667 1740 782 1790 Cain,
805 1738 960 1779 scilicet
980 1734 1164 1789 populus
1182 1733 1201 1774 J
1208 1746 1254 1773 u-

223 1815 431 1864 daeorum,
455 1813 616 1853 occisor
636 1811 778 1852 fratris
798 1809 878 1858 sui,
895 1808 1068 1859 signum
1087 1804 1251 1845 habuit.

223 1885 271 1926 In
288 1888 477 1937 tempore
498 1884 633 1936 cnlpae
648 1884 859 1935 purgatae,
877 1878 1067 1919 similiter
1082 1876 1254 1916 fuerunt

224 1957 304 1996 tria
327 1971 334 1996 :
357 1955 574 1996 fabricatio
587 1966 711 2002 arcte,
736 1950 918 1993 ostensio
938 1961 1076 1998 arcus,
1099 1947 1253 1988 divisio

223 2027 486 2079 linguarum.
504 2025 590 2066 Noe
606 2037 679 2077 per
694 2026 865 2064 centum
880 2032 1013 2061 annos
1034 2018 1255 2060 fabricavit

225 2111 389 2148 arcam,
411 2099 456 2138 in
487 2110 572 2150 qua
603 2097 689 2138 Noe
718 2107 816 2136 cum
849 2095 1009 2145 septem
1032 2090 1256 2131 animabus

225 2172 412 2212 salvatus
441 2174 517 2211 est.
558 2185 577 2208 «
611 2169 739 2221 Cujus
770 2170 923 2220 typum
954 2163 1067 2216 gerit
1095 2162 1253 2215 baptis--

226 2256 336 2288 mus,
351 2258 370 2281 n
397 2242 630 2283 secundum
651 2240 765 2293 quod
779 2239 879 2280 dicit
897 2237 1046 2277 heatus
1066 2224 1213 2276 Petrus
1226 2234 1253 2283 ⁶,

227 2318 267 2356 et
288 2315 491 2364 fluminis,
513 2316 554 2355 et
573 2312 772 2362 flaminis,
797 2313 837 2351 et
857 2307 1094 2360 sanguinis.

279 2385 326 2425 In
338 2397 450 2425 novo
465 2387 606 2425 autem
620 2383 885 2430 testamento,
899 2379 1088 2419 Clemens
1103 2377 1148 2416 in
1162 2387 1257 2415 arca

225 2456 452 2497 collocatus
486 2458 574 2505 est,
607 2454 709 2507 quia
734 2454 748 2475 ⁷
773 2453 1057 2505 praeparatum
1091 2450 1151 2488 est
1179 2447 1257 2487 sibi

225 2528 433 2580 templum
471 2537 761 2567 marmoreum
796 2521 998 2575 angelicis
1035 2519 1253 2570 manibus,

225 2602 265 2640 et
296 2599 367 2640 alii
395 2599 603 2640 submersi
635 2600 747 2639 sunt.
784 2595 902 2636 Unde
938 2593 1015 2634 fuit
1046 2603 1257 2643 magnum

227 2671 497 2721 miraculum,
520 2671 633 2723 quod
654 2682 728 2722 per
748 2670 809 2709 tot
828 2678 962 2707 annos
990 2663 1258 2717 aperiebatur

227 2755 360 2793 mare,
377 2742 508 2783 donec
522 2742 667 2794 piratae
682 2742 722 2780 et
735 2739 920 2779 latrones
934 2736 1258 2787 asportaverunt

227 2825 380 2866 corpus
399 2814 505 2865 ejus.
527 2812 654 2852 Aliud
680 2811 781 2858 suit,
803 2807 987 2850 ostensio
1017 2817 1140 2846 arcus
1158 2803 1194 2853 8;
1219 2806 1259 2843 et

227 2887 329 2924 tunc
359 2883 505 2924 eduxit
534 2882 641 2923 Deus
675 2881 781 2930 Noe,
811 2883 850 2920 et
880 2877 1041 2930 pepigit
1076 2887 1175 2915 cum
1209 2885 1259 2914 eo

228 2955 378 2996 foedus.
402 2953 453 2993 Et
482 2954 525 2993 in
551 2964 664 2994 novo
684 2953 933 2992 testamento
953 2948 1096 2989 decem
1118 2945 1259 2985 tribu—

228 3025 404 3066 lationes
433 3025 629 3074 fuerunt3
660 3022 773 3063 unde
808 3018 1031 3061 Christiani
1067 3018 1261 3070 poterant

229 3097 367 3138 dicere
387 3097 401 3119 ⁹
425 3111 434 3137 :
462 3112 481 3135 (ι
502 3096 689 3145 Domine,
709 3094 826 3135 salva
839 3104 930 3142 nos,
946 3091 1152 3143 perimus.
1170 3103 1188 3125 ›·›
1208 3087 1261 3128 Et

230 3170 332 3208 tunc
351 3168 527 3210 eductus
545 3170 607 3208 est
626 3164 944 3213 Constantinus,
976 3164 1018 3202 et
1045 3164 1260 3201 ostensum

231 3242 293 3279 est
307 3239 382 3279 sibi
397 3240 574 3292 signum
591 3239 725 3279 crucis
740 3237 782 3277 in
797 3236 915 3286 coelo,
932 3234 976 3274 in
993 3245 1077 3286 quo
1092 3233 1260 3273 vincere

230 3308 430 3359 debehat;
453 3313 494 3351 et
511 3313 613 3351 tunc
637 3308 800 3363 pepigit
825 3306 984 3355 foedus,
1007 3303 1121 3357 quod
1143 3313 1258 3342 nun-

276 3440 288 3462 ¹
310 3440 403 3479 Gen.,
429 3449 472 3481 11,
497 3443 545 3474 17.
567 3459 607 3465 —
637 3442 650 3462 Ξ
670 3442 696 3473 Η
719 3440 810 3479 Cor„
832 3446 893 3480 111,
914 3439 945 3470 6.
965 3453 1005 3459 -
1027 3436 1040 3458 3
1060 3433 1149 3472 Gal„
1173 3441 1205 3472 V>
1230 3435 1261 3464 2·

238 3504 278 3510 -—
302 3487 315 3508 Β
334 3488 435 3528 iren„
457 3488 539 3520 Ado.
558 3498 644 3520 omn.
662 3490 764 3528 Hoem,
783 3487 842 3519 lib.
864 3487 898 3526 Ι,
921 3494 950 3516 c.
968 3490 1064 3516 xxw.
1084 3498 1123 3504 —-
1142 3481 1155 3502 5
1171 3479 1260 3517 Gal.,

232 3541 274 3576 11,
305 3535 356 3568 13.
381 3552 420 3558 -
449 3536 460 3555 ⁶
483 3536 494 3567 l
518 3536 620 3575 Petr„
644 3543 697 3574 111,
725 3538 778 3568 21.
803 3552 842 3559 —
865 3534 880 3556 ⁷
907 3533 961 3573 Cf.
986 3528 1142 3571 Niceph.,
1173 3527 1262 3560 Hist.

919 220 1364 269 ILLUMINATIONES
1394 217 1653 261 ECCLESIAE

1317 322 1448 364 quam
1469 308 1758 350 Romanorum
1777 304 2006 358 imperium
2022 305 2345 356 persequeretur

1318 381 1587 422 Christianos.
1614 379 1732 420 Tunc
1751 376 1979 429 imperium
2005 373 2190 415 Nemrod
2215 372 2344 413 dissi-

1317 456 1465 506 patum
1484 454 1566 502 est,
1591 453 1632 491 et
1656 450 1785 490 turris
1804 446 2050 500 Babylonis,
2074 443 2227 485 scilicet
2260 441 2343 483 Ro-

1318 523 1461 572 mani,
1499 522 1550 562 ad
1585 533 1713 574 quam
1745 523 1846 561 tunc
1883 530 2032 559 omnes
2072 514 2345 568 aspiciebant.

1320 592 1452 633 Roma
1469 594 1612 632 autem
1633 591 1675 630 in
1696 588 1924 642 Scripturis
1940 587 2130 640 Babylon
2144 585 2251 626 dicta
2272 586 2346 624 est.

1373 663 1498 704 Facta
1517 664 1579 702 est
1596 661 1724 702 etiam
1744 661 1997 712 linguarum
2018 657 2184 707 divisio,
2207 658 2247 697 et
2274 654 2351 695 lin-

1321 746 1409 786 gua
1434 733 1604 773 hebraea
1629 731 1831 772 remansit
1865 731 1909 770 in
1937 730 2062 770 domo
2087 728 2286 777 hebraea,
2311 728 2353 766 et

1320 803 1523 845 remansit
1543 802 1747 843 confessio
1775 800 1927 843 Christi
1955 800 2000 840 in
2027 797 2184 852 populo
2213 796 2350 838 chris-

1320 875 1450 916 tiano.

1377 946 1424 986 ln
1445 949 1635 999 tempore
1658 944 1794 997 gentis
1813 943 1955 984 electae
1982 942 2063 983 tria
2085 942 2194 982 facta
2213 943 2313 982 sunt
2339 955 2348 981 ε

1324 1017 1543 1070 generatio
1592 1015 1935 1057 patriarcharum
1951 1046 1965 1065 ,
2011 1015 2236 1055 descensus
2281 1025 2353 1065 pa—

1322 1089 1561 1130 triarchalis
1577 1088 1748 1128 seminis
1767 1087 1811 1127 in
1827 1087 2080 1139 AEgyptum,
2097 1084 2266 1125 afflictio
2284 1096 2353 1137 po-

1323 1161 1428 1212 puli,
1450 1163 1490 1200 et
1503 1160 1693 1200 liberatio
1714 1161 1749 1211 ej
1758 1171 1820 1199 us.
1844 1158 1892 1198 ln
1904 1169 2014 1199 novo
2027 1157 2280 1197 testamento
2294 1154 2349 1194 si·
2371 1158 2512 1234 ἓξὲίοῗίῗ

1324 1231 1493 1281 militer,
1517 1230 1710 1271 Pontifici
1736 1230 1925 1270 Romano
1952 1229 2099 1269 datum
2120 1229 2181 1268 est
2208 1238 2354 1268 semen
2373 1239 2478 1267 Latini.

1323 1303 1543 1344 doctorum
1572 1301 1874 1341 altissimorum
1910 1300 1954 1339 in
1990 1311 2132 1351 graeca
2157 1300 2198 1339 et
2222 1298 2355 1338 latina

1323 1373 1489 1425 lingua,
1513 1373 1632 1426 quasi
1654 1371 1903 1425 patriarchae
1922 1370 2144 1411 duodecim
2168 1385 2176 1411 :
2204 1368 2353 1419 Graeci,

1324 1444 1603 1497 EpiphaniUS,
1635 1443 1829 1493 Basilius,
1863 1441 2094 1495 Gregorius
2125 1440 2356 1482 Nazianze-

1324 1528 1421 1567 nuS,
1445 1516 1673 1568 Gregorius
1685 1515 1913 1566 NyssenuS,
1933 1513 2205 1562 Athanasius,
2224 1512 2357 1565 Chry-

1325 1591 1553 1638 sostomus;
1573 1587 1725 1637 Latini,
1748 1586 2047 1639 Hieronymus,
2069 1585 2353 1637 Augustinus,

1326 1659 1526 1709 Hilarius,
1538 1657 1803 1706 Ambrosius,
1813 1656 1997 1707 Orosius,
2010 1655 2251 1707 Gregorius.
2262 1654 2358 1695 Post

1327 1730 1556 1783 imperator
1571 1729 1782 1770 descendit
1795 1727 2213 1779 Constantinopolim,
2230 1729 2271 1767 et
2287 1726 2357 1767 alii

1327 1805 1421 1855 post
1442 1814 1557 1852 eum,
1582 1804 1623 1841 et
1643 1801 1701 1840 ibi
1720 1800 1996 1840 obtinuerunt
2021 1800 2133 1840 bona
2158 1809 2354 1851 quaeque.

1329 1874 1495 1914 Mortuo
1528 1872 1820 1923 Constantino,
1855 1871 2038 1912 surrexit
2065 1870 2354 1919 Constantius,

1334 1960 1354 1983 (ι
1373 1945 1445 1997 qui
1463 1944 1491 1964 ¹⁰
1509 1944 1734 1995 ignorabat
1757 1942 1934 1995 Joseph,
1957 1956 1975 1979 n
2007 1942 2215 1995 pessimus
2239 1940 2359 1981 Aria-

1329 2027 1411 2055 nus
1435 2029 1443 2053 :
1467 2018 1507 2055 et
1526 2018 1617 2068 post
1631 2014 1966 2065 Valentinianus,
1983 2016 2024 2054 et
2036 2012 2228 2054 Julianus
2241 2023 2360 2065 apos-

1330 2089 1415 2126 tata
1447 2086 1680 2138 pessimus,
1713 2088 1754 2125 et
1785 2085 2029 2125 afflixerunt
2056 2085 2261 2138 populum
2287 2083 2359 2124 Dei

1332 2170 1406 2210 per
1426 2158 1612 2198 haereses
1632 2170 1766 2211 usque
1780 2157 1832 2198 ad
1853 2160 2020 2209 tempus
2035 2157 2270 2207 Theodosii,
2286 2157 2360 2209 qui

1331 2233 1459 2270 natus
1479 2233 1542 2271 est
1563 2231 1606 2270 in
1627 2229 1862 2279 Occidente,
1882 2229 1955 2282 qui
1971 2229 2048 2269 fuit
2068 2227 2362 2269 christianissi-

1332 2313 1455 2351 mus,
1486 2301 1560 2354 qui
1591 2301 1739 2353 dejecit
1763 2304 1805 2340 et
1832 2300 2063 2352 extirpavit
2092 2300 2290 2350 Arianos,
2321 2301 2362 2339 et

1332 2373 1558 2413 Ecclesiam
1581 2371 1783 2412 exaltavit
1802 2372 1843 2411 ¹¹.

1387 2445 1640 2497 intempore
1671 2446 1834 2496 quarto,
1860 2442 2015 2483 scilicet
2041 2442 2150 2494 legis
2168 2443 2359 2492 statutae,

1333 2515 1414 2556 fuit
1425 2515 1524 2555 latio
1537 2514 1660 2567 legis,
1671 2514 1894 2567 prostratio
1909 2514 2016 2554 hosti
2024 2525 2091 2554 um
2097 2545 2109 2564 ,
2124 2513 2362 2554 distributio

1333 2591 1373 2628 et
1400 2587 1635 2627 vendicatio
1660 2586 1974 2626 haereditatum.
2011 2585 2058 2625 In
2092 2597 2205 2627 novo
2231 2587 2362 2625 testa-

1334 2660 1492 2706 mento,
1509 2670 1534 2696 a
1551 2656 1688 2697 Leone
1704 2669 1838 2709 usque
1854 2656 1906 2697 ad
1921 2655 2190 2707 Gregorium,
2206 2656 2290 2697 lata
2301 2658 2364 2697 est

1332 2728 1403 2768 lex
1428 2727 1641 2777 canonica,
1667 2726 1849 2778 politica,
1873 2726 2115 2766 monastica.
2141 2726 2224 2767 Leo
2249 2727 2362 2766 enim

1333 2799 1488 2852 partim
1508 2811 1560 2839 ex
1580 2801 1762 2851 quatuor
1781 2797 1988 2849 conciliis,
2010 2798 2163 2851 partim
2184 2798 2272 2851 ipse
2290 2810 2362 2838 ca-

1334 2884 1467 2912 nones
1505 2870 1728 2911 ordinavit.
1770 2869 1876 2911 Item
1914 2870 2142 2923 prostratio
2173 2869 2362 2911 hostium

1335 2942 1527 2981 similiter
1560 2953 1635 2993 per
1663 2940 1977 2991 Justinianum,
2012 2940 2086 2993 qui
2125 2940 2360 2990 Vandalos,

1336 3013 1505 3064 Gothos,
1533 3012 1808 3064 Wisigothos,
1834 3011 2148 3064 Langobardos,
2171 3012 2244 3065 qui
2270 3012 2364 3052 illas

1334 3086 1475 3137 partes
1517 3083 1646 3123 ltaliae
1677 3083 1949 3133 invaserunt,
1987 3082 2218 3135 superavit.
2258 3082 2363 3123 Item

1336 3153 1572 3195 distributio
1592 3153 1866 3204 haereditatis,
1897 3153 2067 3206 quando
2094 3152 2239 3204 Gallia,
2269 3152 2363 3193 Bri-

1335 3225 1494 3275 tannia,
1521 3224 1758 3275 Germania,
1781 3236 1986 3266 conversa
2005 3227 2067 3265 est
2089 3224 2142 3265 ad
2170 3224 2297 3265 fidem
2316 3223 2363 3264 in

1336 3295 1613 3348 plenitudine,
1640 3297 1680 3335 et
1711 3294 1883 3335 dilatata
1900 3296 1963 3335 est
1983 3294 2164 3336 Ecclesia
2183 3294 2228 3334 in
2248 3293 2362 3335 Occi-

1336 3425 1427 3466 eccl„
1447 3425 1505 3456 lib.
1527 3425 1584 3466 111,
1605 3435 1635 3457 c.
1658 3432 1784 3457 XXVIII.
1799 3442 1841 3448 —
1860 3425 1871 3444 ⁸
1893 3424 1986 3464 Gen„
2006 3432 2054 3464 lx,
2076 3426 2125 3457 12.
2141 3442 2183 3448 -—
2198 3425 2212 3447 ⁹
2226 3424 2361 3466 Matth„

1339 3481 1411 3513 vni,
1425 3474 1476 3504 233.
1491 3490 1530 3495 —-
1547 3473 1573 3494 ¹⁰
1586 3471 1708 3510 Exod„
1725 3480 1746 3512 1,
1762 3473 1841 3503 8.—
1860 3472 1883 3493 ¹¹
1895 3473 1948 3512 Cf.
1964 3474 2093 3505 Socrat.
2111 3472 2194 3504 Hist.
2213 3473 2361 3514 tripart„

1337 3520 1396 3552 lib.
1417 3519 1474 3559 IX,
1494 3528 1523 3551 c.
1546 3527 1611 3558 x113
1634 3518 1789 3560 Niceph.,
1810 3518 1867 3551 lib.
1887 3520 1961 3561 Xll,
1983 3529 2013 3553 c.
2034 3527 2069 3552 lx
2089 3522 2124 3553 et
2142 3527 2198 3552 xv,
