2633 3878
268 317 343 354 424

268 402 349 448 ipse
381 397 618 435 consolabor
646 407 743 433 vos:
773 410 790 429 ›>
818 405 906 433 ecce
936 392 1198 431 consolatoria
1229 392 1297 429 de-

268 461 496 498 monstratio
518 459 671 507 speciei.
695 461 744 496 De
765 458 942 495 secundo
962 458 970 478 ¹
990 468 998 492 :
1027 469 1044 490 «
1069 454 1298 492 Consolabi-

267 526 328 560 tur
348 522 533 559 Dominus
559 521 649 557 Sion
666 549 679 566 ,
699 534 716 553 n
738 520 778 556 id
800 523 875 563 est,
901 519 1071 555 animam
1093 516 1299 564 speculati-

267 595 357 621 vam
392 597 399 619 ε
427 594 515 620 ecce
549 581 812 618 consolatoria
842 579 1048 616 illustratio
1085 578 1210 614 faciei.
1245 579 1296 614 De

268 646 379 683 tertio
400 644 435 681 ²:
465 644 740 681 «consolabor
767 653 858 687 eos,
890 644 925 678 ct
952 639 1160 678 laetificabo
1182 650 1204 676 a
1227 639 1297 675 do-

269 709 350 745 lore
383 718 480 744 suo:
503 721 520 741 »
542 717 629 743 ecce
664 704 927 741 consolatoria
969 701 1200 739 ministratio
1239 712 1298 737 rc-

270 769 389 817 quici.
411 768 531 805 Simul
545 771 673 804 autem
687 766 734 803 de
747 766 932 803 omnibus
946 765 1113 812 legimus
1128 765 1141 786 ³
1157 776 1164 799 ;
1185 776 1201 797 «
1218 765 1298 809 Ego

270 830 507 868 consolabor
536 840 633 873 vos,
655 842 672 861 »
706 830 898 876 quantum
924 827 975 863 ad
1004 826 1196 874 primum3
1226 839 1242 858 «
1261 825 1299 860 in

271 892 507 929 Hierusalem
521 919 532 936 ‚
546 905 563 925 »
583 891 622 927 id
644 894 698 928 est
712 919 721 935 ,
735 890 886 926 visione
906 889 1012 937 pacis
1029 902 1039 935 3
1059 902 1075 922 «
1092 891 1127 924 et
1145 889 1190 933 (α)
1212 897 1302 923 con-

270 953 494 991 solabimini
509 981 521 999 ,
543 956 579 990 et
598 952 781 989 videbitis
796 980 807 998 ‚
825 966 842 985 »
867 953 1056 999 quantum
1090 950 1141 986 ad
1167 959 1301 985 sccun-

272 1017 392 1062 dum;
416 1029 433 1051 «
451 1019 485 1052 et
507 1015 693 1062 gaudebit
713 1025 780 1051 cor
796 1017 1017 1059 vestrum,»
1039 1013 1228 1060 quantum
1249 1011 1299 1047 ad

273 1079 440 1116 tertium.

703 1124 869 1165 Epilogus.

321 1205 376 1241 Ait
398 1214 490 1249 ergo
511 1202 703 1249 Propheta
719 1230 728 1246 ,
757 1211 825 1237 seu
856 1199 987 1247 potius
1013 1198 1140 1234 fidelis
1171 1197 1303 1234 anima

273 1276 388 1313 super
407 1264 500 1301 fidei
525 1274 603 1300 suae
623 1262 791 1299 exilitate
813 1262 1069 1309 compuncta,
1092 1270 1189 1296 voce
1208 1269 1302 1307 pro-

274 1327 427 1375 phetica
450 1339 457 1363 :
483 1328 715 1371 Defecerant,
749 1322 993 1360 ostendendo
1015 1324 1145 1359 actum
1166 1321 1304 1358 diffici-

274 1390 370 1436 lem,
394 1401 472 1438 quo
491 1388 679 1434 credidit3
706 1388 811 1423 Oculi
842 1389 932 1431 mei,
972 1384 1219 1422 ostendendo
1250 1385 1305 1420 in-

275 1453 472 1489 tellectum
493 1450 718 1498 disparilem
736 1477 747 1494 ,
778 1448 888 1495 cujus
921 1450 1114 1494 conceptu
1146 1450 1181 1483 et
1211 1457 1304 1483 con-

275 1525 390 1551 sensu
411 1513 597 1558 credidit;
629 1513 670 1547 In
701 1512 877 1556 eloquium
915 1512 1036 1552 ίυιιηι,
1059 1508 1305 1546 ostendendo

275 1576 478 1613 mats-riam
492 1573 757 1616 umbratilem,
774 1582 894 1619 quam
912 1570 1101 1615 credidit3
1120 1571 1279 1606 Dicentes
1294 1582 1302 1606 :

279 1638 427 1680 Quando
459 1638 691 1673 consolaberis
726 1636 809 1670 me?
845 1632 1091 1670 ostendendo
1130 1631 1309 1668 notitiam

279 1699 601 1744 desiderabilem,
621 1699 782 1745 propter
801 1705 923 1742 quam
947 1693 1126 1731 credidit.

647 1845 866 1873 VERSICULUS
893 1845 947 1871 111.

330 1955 386 1989 83.
423 1951 515 1994 Qum
546 1953 662 1994 factus
689 1960 764 1985 sum
784 1950 875 1983 sicut
895 1952 973 1983 uter
993 1949 1030 1983 in
1049 1949 1208 1993 pruina,
1239 1949 1309 1982 etc.

282 2013 485 2050 lnsinuatis
520 2011 699 2058 superius
720 2008 984 2055 ,incitamentis
1013 2008 1197 2053 duobus,
1226 2018 1312 2055 quae

282 2078 370 2112 sunt
396 2074 478 2121 spei
507 2073 709 2116 debilitas,
740 2073 777 2109 et
796 2070 890 2107 fidei
924 2070 1098 2116 exilitas3
1127 2070 1190 2105 hic
1219 2069 1313 2105 insi-

283 2139 424 2173 nuatur
444 2135 596 2171 tertium
610 2162 621 2180 ‚
643 2133 754 2181 quod
779 2135 835 2170 est
854 2132 1000 2169 amoris
1029 2131 1196 2168 inanitas
1215 2143 1223 2167 ε
1244 2130 1314 2167 ubi

968 302 1241 345 EXPOSlTlO
1273 302 1326 344 IN
1356 303 1705 347 PSALTERiUM.

1371 393 1532 439 inutilis,
1550 397 1666 443 atque
1685 394 1985 441 abominabilis;
2005 394 2096 442 quia
2114 406 2194 433 non
2214 398 2398 445 cogitavit

1371 455 1585 502 imaginem
1601 457 1782 503 inditam,
1802 467 1874 493 nec
1890 456 2187 494 similitudinem
2207 458 2396 507 additam,

1372 518 1441 554 sed
1476 519 1758 566 turpitudinem
1792 518 2045 566 prohibitam.
2080 520 2130 555 De
2166 519 2296 567 primo
2328 532 2399 568 per

1372 579 1613 616 psalmistam
1634 581 1773 617 dicitur
1793 583 1805 603 ¹·
1825 593 1833 617 :
1857 596 1872 613 «
1893 583 2039 627 Homo,
2070 592 2160 618 cum
2182 582 2228 627 ,in
2247 582 2398 621 honore

1373 645 1496 687 esset,
1517 653 1598 679 non
1618 642 1821 689 intellexit5
1853 647 2102 691 comparatus
2131 647 2187 682 est
2214 645 2400 692 ,iumentis

1372 704 1664 751 insipientibus,
1692 707 1728 741 et
1753 704 1890 740 similis
1914 705 2036 742 factus
2062 708 2117 743 est
2140 706 2236 753 illis;
2260 720 2278 742 »
2302 717 2348 745 ac
2368 709 2401 745 si

1374 766 1567 802 diceretur
1586 768 1716 813 aperte
1737 778 1744 802 ε
1767 768 1913 812 Homo,
1933 767 2002 814 qui
2020 777 2102 804 non
2121 768 2304 814 cogitavit
2324 769 2399 807 ho-

1372 838 1510 864 norem
1530 827 1713 875 imaginis
1744 827 1908 873 divinee,
1934 838 2139 876 comparat·
2149 829 2178 865 it
2193 829 2398 868 horrorem

1374 889 1640 926 similitudinis
1660 890 1899 936 jumentinae.
1922 892 1972 927 De
2004 891 2178 927 secundo
2207 902 2277 939 per
2307 893 2399 929 Pro-

1373 951 1532 999 phetam
1559 952 1738 998 psallitur
1757 953 1793 988 5:
1821 965 1837 985 «
1855 954 1996 990 Omnes
2023 952 2336 1000 declinaverunt,
2355 953 2402 990 si-

1374 1013 1457 1048 mul
1489 1013 1644 1050 inutiles
1674 1014 1764 1051 facti
1794 1016 1882 1050 sunt
1892 1027 1901 1060 3
1923 1028 1940 1048 n
1967 1014 2078 1061 quasi
2105 1014 2235 1051 dicat:
2260 1017 2403 1052 Omnes

1373 1077 1597 1122 peccatores
1630 1076 1943 1122 declinaverunt,
1977 1076 2194 1113 deserendo
2227 1076 2403 1114 divinam

1375 1137 1671 1175 similitudinem
1678 1150 1689 1184 3
1711 1139 1827 1175 simul
1851 1139 2007 1176 inutiles
2028 1139 2117 1176 facti
2139 1141 2248 1186 sunt,
2268 1139 2403 1176 deme-

1375 1199 1500 1236 rendo
1523 1199 1697 1237 divinam
1725 1200 2020 1238 beatitudinem.
2048 1203 2099 1238 De
2127 1202 2238 1239 tertio
2267 1201 2405 1238 scribi*-

1377 1265 1438 1299 tur
1457 1262 1491 1298 6;
1518 1274 1535 1295 α
1556 1262 1657 1298 Facti
1683 1264 1772 1298 sunt
1797 1263 2100 1309 abominabiles,
2124 1263 2222 1300 sicut
2245 1274 2292 1300 ea
2319 1274 2406 1312 quae

1379 1323 1620 1370 dilexerunt3
1643 1337 1659 1358 »
1684 1324 1796 1371 quasi
1820 1324 1948 1361 dicat:
1970 1325 2071 1361 Facti
2091 1327 2180 1361 sunt
2199 1324 2406 1362 abomina-

1379 1386 1501 1430 biles,
1533 1385 1631 1422 sicut
1663 1396 1709 1422 ea
1741 1397 1828 1433 quae
1866 1385 2082 1433 cogitantes
2116 1386 2405 1423 affectaverunt.

1379 1450 1475 1484 Nam
1501 1448 1569 1495 qni
1591 1448 1735 1495 cogitat
1754 1448 2055 1494 abominabilia,
2075 1449 2111 1485 et
2133 1447 2300 1494 affectat,
2322 1458 2409 1484 ma-

1382 1510 1532 1546 culatur
1552 1510 1602 1546 ab
1623 1510 1669 1546 iis
1684 1521 1771 1557 quae
1788 1510 2010 1557 speculatur
2021 1522 2031 1556 ;
2052 1510 2121 1557 qui
2139 1520 2233 1547 vero
2252 1509 2410 1558 cogitat,

1381 1572 1451 1608 sed
1482 1582 1563 1608 non
1592 1572 1765 1618 affectat,
1798 1582 1879 1609 non
1916 1571 2134 1609 maculatur
2162 1573 2213 1609 ab
2249 1572 2296 1609 iis
2323 1582 2411 1620 quae

1382 1634 1617 1683 speculatur.

1700 1733 1880 1769 Articulus
1906 1732 2089 1768 secundus.

1432 1823 1626 1865 Quantum
1647 1821 1698 1857 ad
1718 1821 1957 1865 secundum,
1978 1820 2159 1857 subditur
2167 1832 2178 1867 3
2200 1822 2300 1858 Sicut
2322 1822 2412 1857 uter.

1385 1883 1529 1928 Quaeris
1559 1882 1758 1930 qualiter?
1788 1882 2023 1918 Delectando
2058 1881 2294 1919 bestialiter:
2330 1883 2417 1919 uter

1387 1946 1535 1993 quippe
1564 1943 1766 1981 conficitur
1796 1944 1844 1980 de
1865 1943 1972 1980 corio
1999 1943 2191 1980 animalis.
2220 1943 2322 1988 Quid
2345 1944 2416 1981 ita-

1389 2018 1465 2055 que
1484 2017 1556 2054 per
1578 2008 1703 2042 utrem
1721 2006 1862 2042 rectius
1883 2005 2123 2052 intelligitur,
2145 2015 2267 2053 quam
2287 2005 2417 2042 delec-

1388 2070 1481 2106 tatio
1500 2069 1699 2106 bestialis‘?
1714 2067 1982 2106 indubitanter
1996 2078 2090 2114 ergo
2107 2066 2230 2104 factus
2248 2068 2304 2104 est
2317 2066 2414 2103 sicut

1388 2135 1474 2168 uter
1482 2144 1492 2177 3
1522 2131 1615 2178 quia
1638 2129 1863 2177 cogitando,
1887 2129 2099 2166 delectatus
2117 2131 2174 2165 est
2191 2128 2411 2165 bestialiter.

284 2198 498 2245 Propheta,
518 2201 707 2244 tanquam
723 2205 894 2243 persona
914 2204 1048 2230 amore
1064 2193 1200 2230 illicito
1222 2193 1315 2229 irre-

286 2261 375 2305 tita,
398 2262 435 2296 et
467 2269 600 2295 amore
627 2257 793 2303 gratuito
825 2256 996 2299 inanita,
1029 2258 1067 2291 et
1094 2254 1316 2290 custodiens

287 2325 418 2359 tamen
442 2319 660 2356 secundum
681 2318 914 2355 exteriorem
938 2317 1141 2353 hominem
1161 2315 1317 2362 justitiae

1390 2193 1465 2230 Sed
1489 2195 1603 2238 nota,
1635 2193 1746 2240 quod
1775 2192 1944 2238 legimus
1968 2191 2009 2227 in
2028 2191 2232 2239 Scripturis
2247 2193 2324 2227 tres
2343 2190 2417 2227 cir·
2463 2206 2544 2236 utris

1393 2255 1643 2292 cumstantias
1677 2253 1789 2298 utris,
1821 2264 1892 2301 per
1925 2264 2023 2301 quas
2056 2252 2310 2299 intelligimus
2342 2247 2574 2296 trasenna-mv

1393 2316 1631 2354 differentias
1657 2314 1936 2352 delectationis.
1958 2314 2138 2361 Legimus
2164 2314 2270 2350 enim
2291 2315 2419 2350 utrem
2450 2289 2548 2356 *322ae

287 2384 393 2420 viam
414 2382 580 2423 duram,
603 2380 699 2416 sicut
717 2379 839 2416 vitula
872 2379 989 2415 docta
1015 2377 1178 2424 diligere
1211 2377 1318 2413 tritu-

288 2456 398 2489 ram,
433 2443 491 2480 sui
522 2442 750 2478 inanitatem
789 2440 933 2477 amoris
980 2440 1019 2476 in
1058 2438 1318 2475 amaritudine

290 2506 420 2544 cordis
438 2505 646 2551 recogitat,
678 2506 714 2540 ct
740 2503 876 2539 recitat
895 2503 935 2538 in
960 2502 1020 2537 his
1041 2501 1170 2537 verbis
1192 2512 1200 2536 τ
1224 2501 1321 2544 Quia

291 2572 411 2613 factus
429 2578 520 2611 sum,
541 2569 626 2611 etc.;
641 2576 686 2602 ac
703 2566 733 2602 si
749 2565 979 2612 loqueretur
998 2562 1167 2610 apertius
1186 2574 1194 2598 ε
1218 2564 1321 2598 Reus

293 2641 380 2667 sum
394 2629 485 2666 dicti
506 2631 634 2664 reatus
648 2656 656 2670 ,
681 2626 870 2674 quoniam
890 2625 1117 2669 inclinatus,
1142 2623 1319 2671 inquina-

295 2696 371 2737 tus,
409 2690 698 2737 conglutinatus
730 2688 910 2732 interius,
948 2686 1016 2722 sed
1050 2685 1322 2732 disciplinatus

296 2753 462 2791 exterius
483 2765 490 2787 :
517 2752 724 2788 inclinatus
744 2750 904 2797 quidem
925 2759 995 2796 per
1016 2747 1292 2793 cogitationem
1311 2760 1321 2789 ‚-

298 2816 523 2863 inquinatus
558 2825 628 2861 per
668 2813 1001 2850 delectationem:
1037 2810 1324 2857 conglutinatus

297 2889 368 2925 per
387 2877 709 2921 consensionem,
744 2875 813 2911 sed
842 2873 1110 2920 disciplinatus
1140 2883 1210 2919 per
1241 2883 1326 2908 mo·

298 2949 386 2975 rum
406 2937 640 2974 exteriorum
662 2936 1000 2983 compositionem.

630 3041 810 3075 ,trct'culus
840 3041 989 3084 primus.

347 3130 540 3173 Quantum
566 3125 616 3161 ad
649 3123 842 3170 primum,
873 3121 1014 3157 dicitur
1047 3133 1052 3155 z
1083 3123 1177 3165 Quia
1209 3124 1326 3164 linctus

300 3202 388 3227 sum.
412 3192 480 3226 Per
509 3197 626 3236 quem
652 3187 780 3221 actum
796 3185 814 3219 Ῠ
835 3186 903 3220 Per
929 3182 1151 3218 interiorem
1183 3182 1326 3228 cogita-

300 3257 409 3298 tum,
439 3251 690 3288 inclinantem
726 3248 899 3284 animam
928 3246 978 3282 ad
1010 3247 1226 3293 peccatum.
1261 3245 1327 3281 Hic

301 3314 425 3351 notari
446 3315 596 3361 potest,
627 3310 754 3359 qualis
774 3309 898 3346 factus
921 3310 996 3352 est,
1026 3307 1087 3344 cui
1115 3306 1202 3343 talis
1223 3307 1328 3353 cogi-

303 3379 400 3413 tatus
424 3377 533 3413 inest.
568 3377 703 3411 Factus
732 3374 787 3409 est
819 3371 924 3409 enim
954 3371 1133 3417 J'umento
1162 3369 1326 3415 similis,

350 3473 489 3511 ΙΖαι.·Ιι.,
513 3481 535 3513 1,
557 3474 603 3504 Π.
620 3490 661 3496 —
681 3474 690 3490 ²
706 3472 842 3511 let-em„
862 3477 957 3506 xxm,
980 3470 1027 3501 13.
1044 3485 1084 3491 ——
1103 3468 1116 3489 ³
1136 3468 1212 3506 lsa„
1235 3475 1327 3506 L‘xw,

306 3522 355 3551 ¹13.
378 3538 412 3541 —
434 3520 446 3541 ¹·
472 3518 562 3550 Psal.
587 3526 717 3558 Χινυῐ,
750 3520 802 3557 ι3,
831 3520 881 3548 21.
908 3535 949 3539 —
977 3522 988 3535 ·
1011 3515 1096 3546 Psal.
1125 3520 1206 3549 xiii,
1233 3515 1262 3544 3.
1290 3530 1330 3535 —

302 3561 622 3604 §Ose.‚1<‚⁴2s».—
646 3567 654 3583 '‘
676 3565 768 3596 Gen..
792 3572 862 3602 xxi,
884 3565 934 3594 19.
956 3580 997 3585 -—
1017 3569 1027 3580 ¹³
1046 3563 1264 3600 Jos.‚1x‚l·;.

1393 2389 1527 2426 aquae,
1554 2380 1681 2414 utrem
1700 2376 1800 2422 vini,
1829 2379 1955 2413 utrem
1974 2375 2110 2412 lactis:
2139 2375 2313 2423 primum
2332 2374 2419 2423 qui-

1395 2441 1487 2477 dem
1516 2440 1556 2475 in
1585 2441 1682 2487 potu
1714 2438 1869 2486 parvuli
1902 2437 2094 2484 lsmaelis;
2131 2436 2348 2473 secundum
2378 2436 2420 2472 in

1396 2512 1588 2539 consensu
1614 2499 1839 2548 improvido
1868 2499 2036 2545 Israelis;
2065 2498 2222 2535 tertium
2244 2498 2286 2534 in
2305 2508 2421 2535 occu-

1396 2564 1480 2601 bitu
1495 2564 1629 2600 Sisarae
1642 2561 1829 2610 principis
1848 2561 2029 2597 infidelis.
2040 2560 2147 2597 Unde
2165 2570 2236 2608 per
2248 2559 2423 2607 primurn

1397 2625 1625 2672 intelligitur
1646 2624 1850 2661 delectati0
1871 2622 1952 2667 illa,
1973 2633 2061 2670 quae
2081 2621 2255 2659 consistit
2277 2621 2319 2658 in
2337 2631 2424 2658 sen-

1398 2689 1575 2725 sualitate
1601 2687 1684 2723 sola
1693 2699 1702 2731 ;
1730 2696 1800 2733 per
1824 2684 2042 2721 secundum
2068 2684 2156 2730 illa,
2187 2694 2274 2731 quae
2301 2682 2426 2719 existit

1398 2752 1439 2787 in
1457 2750 1657 2787 voluntate
1672 2747 1929 2784 indeliberata
1940 2759 1950 2792 3
1969 2756 2040 2793 per
2057 2745 2213 2782 tertium
2231 2744 2319 2790 illa,
2340 2755 2427 2791 quae

1400 2810 1566 2859 persistit
1594 2810 1634 2845 in
1662 2809 1861 2845 voluntate
1892 2807 2119 2844 deliberata.
2141 2806 2269 2843 Prima
2298 2805 2428 2843 delec-

1400 2873 1493 2909 tatio
1516 2874 1571 2908 est
1589 2870 1771 2916 venialis,
1799 2869 1893 2918 quia
1912 2870 2062 2906 constat
2087 2868 2127 2905 in
2153 2870 2263 2916 parte
2288 2866 2428 2904 animae

1401 2933 1640 2978 irrationali,
1685 2931 1959 2968 irrationaliter
2002 2931 2187 2978 operante
2199 2942 2210 2976 ;
2255 2927 2430 2966 secunda

1402 3006 1562 3043 quoque
1582 2993 1765 3039 venialiS,
1787 2992 1978 3041 quoniam
1998 2993 2102 3029 extat
2119 2991 2160 3028 in
2181 2992 2291 3039 parte
2310 2989 2429 3027 ratio-

1403 3058 1481 3094 nali
1502 3067 1582 3094 non
1602 3055 1843 3092 rationaliter
1864 3056 2072 3101 opcrantc;
2094 3053 2204 3090 tertia
2219 3063 2312 3089 vero
2329 3061 2432 3089 mor-

1404 3120 1504 3165 talis,
1526 3118 1619 3166 quia
1639 3119 1782 3165 perstat
1800 3117 1840 3152 in
1865 3119 1974 3163 parte
1994 3114 2175 3151 rationali
2191 3112 2432 3151 rationaliter

1405 3183 1605 3229 operante,
1627 3179 1706 3215 sive
1728 3178 1983 3223 deliberante,
2004 3188 2072 3213 seu
2090 3175 2359 3213 ratiocinante.
2380 3176 2431 3211 De

1403 3243 1531 3291 primo
1546 3244 1572 3278 ⁷:
1590 3241 1769 3286 «Videris,
1782 3253 1800 3274 ›>
1812 3239 1955 3276 scilicet
1969 3241 2083 3285 Agar,
2106 3231 2294 3285 «puteum
2303 3245 2429 3282 aquae,

1405 3305 1500 3341 abiit
1529 3306 1565 3341 et
1596 3303 1773 3350 implevit
1804 3303 1950 3346 utrem,
1989 3299 2175 3346 deditque
2214 3306 2338 3344 puero
2370 3295 2430 3332 bi-

1404 3367 1517 3409 bere,
1535 3379 1553 3400 »
1576 3365 1721 3402 scilicet
1740 3363 1886 3401 ismaeli
1903 3375 1911 3398 :
1935 3372 2023 3398 ecce
2046 3363 2128 3397 uter
2148 3369 2260 3406 aquae
2275 3358 2314 3394 in
2333 3359 2430 3405 potu

1405 3428 1559 3474 parvuli
1594 3425 1777 3463 ismaelis.
1813 3426 1862 3460 De
1893 3422 2066 3459 secundo
2092 3422 2105 3443 ⁸
2131 3432 2139 3456 :
2165 3433 2181 3454 «
2213 3421 2318 3456 Utres
2349 3419 2429 3456 vini

1451 3569 1489 3599 st„
1514 3558 1607 3598 anq.
1629 3566 1688 3587 nom
1709 3554 1803 3586 habet
1827 3556 1868 3582 et.
