2633 3878
250 251 326 289 370

249 338 382 374 datum
398 332 511 369 fuerit
526 330 709 376 desuper.
728 329 778 363 De
801 325 974 362 secundo
997 327 1006 347 ¹
1026 337 1033 360 :
1061 338 1077 357 «
1097 323 1132 359 Si
1152 321 1276 358 Domi—

247 409 320 434 nus
353 404 519 440 magnus
548 390 737 433 voluerit,
767 388 902 435 spiritu
932 383 1194 430 intelligentiae
1218 392 1277 418 re-

248 458 371 507 plebit
391 456 516 499 illum,
540 457 575 490 et
593 453 675 500 ipse
692 454 881 498 tanquam
899 448 1044 485 imbres
1059 446 1180 482 mittet
1196 444 1275 480 elo-

249 521 341 567 quia
361 516 558 565 sapientiae
573 526 662 551 sure.
684 528 700 547 n
720 515 802 549 Haec
819 511 951 547 missio
972 509 1014 544 fit
1031 508 1080 544 ab
1101 504 1275 542 interiori

248 581 413 618 exterius
436 575 760 619 transfundendo,
782 573 934 621 quoties
954 569 1144 617 sapientia
1164 567 1277 603 deor-

248 654 335 679 sum
356 641 498 678 emissa
517 650 539 675 a
561 638 724 675 Domino
747 637 786 672 in
801 644 972 678 servum,
992 633 1276 678 consequenter

245 716 316 752 per
338 702 539 750 eloquium
561 712 584 737 a
603 710 716 736 servo
746 695 1028 734 transfunditur
1054 693 1095 730 in
1116 701 1274 729 conser-

246 777 354 802 vum.
378 767 427 801 Dc
446 764 556 801 tertio
570 762 604 798 ²:
632 775 649 795 «
670 759 863 797 Dimittam
883 757 1092 794 adversum
1113 764 1176 791 me
1198 753 1277 790 elo-

247 829 384 876 quium
412 837 554 863 meum.
587 839 604 859 »
641 826 722 859 Hrec
748 820 924 858 dimissio
948 819 990 855 fit
1015 819 1066 855 ab
1096 816 1276 854 exteriori

247 891 406 927 interius
426 886 689 930 refundendo,
717 895 807 921 cum
828 881 1104 920 transfundens
1123 879 1277 926 sapien-

246 953 339 988 tiam
359 951 526 988 extcrius
547 950 599 986 ad
618 946 936 985 informationem
954 943 1129 987 alterius,
1150 940 1276 977 refun-

247 1014 302 1050 dit
331 1024 418 1050 eam
449 1012 608 1049 interius
637 1010 688 1047 ad
715 1007 1032 1046 informationem
1055 1004 1113 1040 sui
1138 1002 1274 1050 ipsius,

246 1081 287 1113 ut
304 1077 371 1123 qui
390 1076 502 1112 docet
516 1075 652 1119 alium,
669 1073 807 1109 doceat
821 1074 856 1107 et
873 1070 1056 1116 seipsum.
1074 1069 1157 1102 Non
1172 1064 1277 1101 enim

247 1138 390 1174 debent
416 1137 607 1173 indociles
631 1146 713 1171 esse
741 1134 940 1176 doctores,
962 1128 1180 1165 secundum
1200 1130 1276 1163 Au-

246 1200 388 1247 gustini
409 1198 676 1235 testimonium
695 1196 735 1231 in
754 1195 857 1231 libro
877 1194 925 1229 ad
946 1193 1142 1233 Dulcitt'um
1164 1192 1190 1222 ³.

576 1301 764 1337 Articulus
786 1300 948 1345 quartus.

294 1389 488 1432 Quantum
509 1384 560 1421 ad
584 1383 779 1426 ultimum,
795 1379 1067 1428 perscribitur:
1090 1379 1133 1414 In
1155 1379 1278 1412 timore

247 1456 321 1487 tuo.
339 1450 404 1486 Hie
419 1452 474 1485 est
492 1447 607 1484 timor
621 1443 860 1488 reverentiae,
878 1442 945 1489 qui
959 1439 1111 1477 reducit
1124 1450 1146 1475 a
1163 1449 1277 1475 servo

246 1513 287 1549 in
308 1511 539 1553 Dominum,
560 1519 678 1556 quem
700 1505 885 1542 Dominus
905 1502 1122 1539 introduxit
1140 1501 1180 1537 in
1198 1511 1279 1536 ser-

246 1586 365 1612 vum:
398 1573 589 1622 quoniam
620 1571 670 1607 ab
694 1570 779 1617 ipso
809 1566 964 1608 omnia,
996 1567 1032 1601 et
1058 1565 1099 1601 in
1126 1563 1277 1610 ipsum,

249 1640 407 1674 testante
444 1633 628 1681 Dionysio
663 1632 704 1668 in
733 1631 835 1667 libro
869 1630 910 1665 cle
951 1629 1088 1664 Coeleszz'
1123 1627 1273 1661 Hz'erar-

248 1701 328 1736 chia
356 1700 380 1734 ³.
412 1695 641 1733 Reverentia
673 1703 848 1740 namque
876 1689 1048 1734 reducit,
1077 1687 1187 1735 quod
1217 1697 1278 1722 sa-

248 1760 394 1808 pientia
413 1757 641 1795 introduxit.
665 1759 706 1792 Et
726 1758 838 1799 nota,
859 1752 968 1800 quod
988 1751 1104 1787 timor
1124 1750 1193 1785 iste
1214 1748 1278 1783 di-

249 1825 346 1860 citur
377 1820 615 1870 principium
647 1817 801 1854 causale
832 1815 1029 1863 sapientias
1060 1811 1279 1849 secundum

247 1885 440 1932 triplicem
462 1881 746 1924 causalitatem,
766 1879 946 1915 videlicet
966 1875 1174 1919 initialem,
1195 1873 1277 1909 for-

248 1947 415 1991 malem,
441 1945 625 1982 finalem:
661 1943 755 1991 quia
786 1940 1018 1989 sapientiam
1046 1939 1187 1983 initiat,
1214 1948 1276 1973 sa-

248 2009 436 2057 pientiam
459 2007 694 2054 disciplinat,
716 2005 947 2053 sapientiam
966 2003 1140 2042 coronat,
1158 2002 1195 2036 et
1214 2009 1279 2035 co-

247 2070 430 2108 ronando
451 2070 710 2106 consummat.
735 2070 783 2103 De
804 2066 933 2114 primo
953 2063 1096 2110 legitur
1110 2063 1141 2098 ⁵:
1170 2076 1186 2095 «
1202 2060 1278 2098 lni-

247 2134 345 2170 tium
365 2132 562 2180 sapientiae
580 2131 694 2166 timor
714 2128 880 2165 Domini.
902 2141 919 2162 »
945 2129 1023 2163 Hoc
1049 2125 1187 2162 timore
1205 2123 1280 2159 ini-

248 2197 363 2232 tiatur
384 2194 594 2242 sapientia,
618 2191 781 2240 quando
801 2190 1013 2237 requiritur
1034 2190 1071 2224 et
1094 2185 1279 2233 recipitur

250 2270 339 2294 cum
355 2256 586 2294 reverentia.
613 2257 661 2291 De
683 2253 856 2290 secundo
874 2253 910 2287 ⁶:
939 2264 956 2284 «
975 2251 1105 2286 Timor
1125 2247 1279 2284 Domini

251 2319 458 2366 disciplina
479 2316 688 2364 sapientiae:
706 2330 722 2349 »
743 2325 831 2351 ecce
846 2314 974 2350 forma
992 2311 1189 2358 sapientiae
1201 2310 1280 2345 dis-

250 2380 459 2428 ciplinalis,
476 2390 544 2415 seu
555 2377 762 2425 disciplina
772 2374 961 2412 formalis.
978 2373 1215 2420 Sapientiam
1231 2372 1275 2418 (α)

249 2453 438 2489 namque,
459 2452 580 2489 quam
601 2440 716 2476 timor
733 2449 814 2475 non
833 2437 989 2482 format,
1012 2438 1141 2471 tumor
1154 2434 1280 2470 defor—

249 2508 342 2541 mat.
375 2504 480 2540 Unde
506 2502 696 2550 sapientia
723 2511 813 2537 cum
844 2502 997 2536 tumore
1027 2497 1156 2542 inflat,
1190 2507 1281 2532 cum

251 2568 390 2604 timore
410 2566 588 2602 aedificat.
612 2567 661 2601 De
679 2563 791 2600 tertio
804 2563 842 2597 ⁷:
869 2574 886 2595 «
907 2562 1062 2597 Corona
1080 2557 1279 2606 sapientiae

251 2630 367 2666 timor
390 2628 555 2665 Domini.
581 2641 597 2662 n
624 2627 740 2662 Plane
761 2624 951 2672 sapientia
972 2621 1191 2659 timentium
1213 2631 1280 2657 co-

251 2691 454 2728 ronabitur
466 2703 477 2736 ;
500 2689 690 2737 sapientia
714 2687 948 2724 tumentium
972 2682 1279 2721 conculcabitur.

252 2754 401 2790 Primus
431 2752 556 2789 Adam
590 2761 780 2788 coronam
803 2748 1000 2796 sapientiae
1030 2744 1279 2792 concupivit:

252 2816 322 2851 sed
349 2815 442 2861 quia
469 2815 651 2850 timorem
675 2812 828 2849 Domini
858 2820 940 2846 non
970 2807 1198 2852 custodivit,
1228 2806 1283 2842 in—

252 2877 385 2913 venire
421 2887 503 2913 non
540 2875 667 2923 potuit
705 2873 817 2921 quod
855 2871 1044 2919 quaesivit.
1083 2868 1284 2905 Secundus

253 2939 378 2976 Adam
394 2938 508 2974 nobis
523 2937 699 2984 aperiens
718 2936 824 2971 viam
837 2934 1001 2978 honam,
1020 2941 1136 2978 super
1151 2928 1284 2966 omnia

255 3001 363 3037 dona
395 2998 610 3047 spiritualia
640 2997 771 3045 posuit
801 2997 903 3032 hanc
935 3004 1149 3037 coronam,
1186 2991 1285 3027 sicut

253 3065 379 3110 patet,
412 3061 481 3098 ubi
502 3063 514 3083 ⁸
546 3059 755 3108 propositis
788 3058 903 3094 donis
942 3055 1103 3103 Spiritus
1140 3052 1284 3097 sancti,

255 3125 534 3173 superponitur
561 3136 578 3155 «
605 3121 764 3169 Spiritus
796 3118 947 3155 timoris
972 3116 1138 3153 Domini.
1166 3131 1183 3148 »
1216 3115 1284 3151 Cui

256 3188 373 3224 etiam
391 3187 664 3223 Ecclesiasticus
685 3181 867 3228 congruit
881 3180 916 3216 ⁹:
944 3193 961 3213 ι(
979 3179 1122 3225 Timor,
1143 3177 1283 3224 inquit,

255 3249 409 3286 Domini
429 3258 468 3285 se
488 3244 738 3294 superposuit
755 3243 815 3289 (b).
839 3256 856 3277 »

301 3365 312 3386 ¹
334 3362 450 3399 Eccli„
480 3369 610 3400 xxxtx,
632 3361 664 3391 9.
690 3375 729 3381 —
752 3358 766 3379 ²
791 3356 868 3396 doh,
893 3364 936 3395 x,
960 3358 988 3387 t.
1015 3371 1055 3377 —
1086 3354 1097 3372 ³
1122 3355 1222 3393 Aug„
1245 3350 1290 3382 acl

259 3410 381 3442 Dulcit.
415 3410 453 3440 dc
483 3411 552 3441 octo
585 3409 699 3449 quoest.
734 3423 775 3429 ——
810 3405 823 3426 ¹·
855 3404 968 3444 Dion,
997 3402 1036 3433 de
1068 3400 1147 3433 Coel.
1182 3400 1287 3441 Hier„

258 3466 288 3489 c.
326 3465 349 3488 1.
384 3474 424 3479 —
457 3458 467 3475 ⁵
499 3455 592 3487 Psal.
628 3463 687 3495 cx,
720 3455 771 3486 10.
803 3468 843 3476 —-
878 3454 890 3470 ⁶
926 3454 1032 3489 Prov.‚
1069 3456 1127 3490 XV,
1165 3449 1216 3479 33.
1247 3464 1288 3471 —

260 3506 269 3524 '¹
295 3504 406 3539 Eccli„
440 3506 517 3544 1532.
541 3522 579 3528 —
604 3503 617 3525 8
645 3504 723 3541 ssa„
752 3509 808 3541 xi,
835 3502 864 3533 3.
885 3516 926 3523 —
955 3502 967 3517 ⁹
987 3497 1108 3538 Ecclz'.,
1128 3503 1207 3534 xxv,
1239 3497 1286 3528 14.

939 232 1211 276 Exl‘ost'rto
1242 230 1293 272 IN
1325 228 1675 272 PSALTERIUM.

1776 357 1947 399 Epilogus.

1398 441 1453 475 Ex
1470 436 1667 485 praedictis
1685 437 1811 483 potest
1828 434 2040 470 clarescere
2059 444 2193 470 sensus
2210 435 2375 481 prophe-

1348 500 1445 536 ticus
1464 499 1505 535 in
1524 500 1598 535 hac
1617 500 1745 546 parte;
1768 496 1862 545 quia
1882 496 2096 544 Propheta,
2119 506 2256 542 gerens
2276 496 2375 532 ima-

1347 569 1476 614 ginem
1499 567 1638 603 animae
1658 566 1861 611 timoratae,
1882 565 1935 601 ita
1954 564 2086 612 psallit
2103 563 2267 600 Domino
2286 573 2376 599 cum

1347 632 1508 668 timore:
1530 632 1673 675 Statue,
1697 630 1842 666 scilicet
1865 629 2126 677 producendo
2146 640 2217 676 per
2239 630 2377 676 poten-

1347 695 1461 740 tiam3
1493 695 1599 730 Servo
1627 696 1708 737 tuo,
1739 691 1883 728 scilicet
1911 691 2200 728 introducendo
2225 700 2297 738 per
2316 700 2377 726 sa-

1347 755 1554 803 pientia1n3
1577 755 1767 799 Eloquium
1788 756 1903 796 tuum,
1929 753 2075 789 scilieet
2094 754 2145 789 ad
2166 762 2377 789 conservos

1349 816 1609 853 conducendo
1642 826 1713 862 per
1745 815 2034 862 eloquentiam3
2074 817 2116 850 In
2148 817 2274 851 timore
2299 817 2376 860 tuo,

1348 878 1492 914 scilicet
1511 878 1563 914 ad
1583 879 1619 913 te
1638 877 1865 914 reducendo
1885 887 1955 924 per
1974 875 2246 913 reverentiam.

1709 1024 1923 1051 VERSICULUS
1948 1024 2013 1050 vn.

1397 1131 1456 1166 39.
1479 1129 1641 1175 Amputa
1666 1129 1905 1175 opprobrium,
1933 1130 2004 1163 etc.
2034 1126 2380 1170 Quemadmodum

1349 1201 1485 1227 versus
1507 1190 1657 1237 primus
1687 1189 1892 1237 supposuit
1918 1189 2099 1225 timorem
2125 1189 2298 1236 primum
2313 1216 2324 1234 ,
2346 1191 2382 1224 et

1349 1252 1546 1289 secundus
1561 1251 1794 1297 secundum,
1808 1252 1861 1287 sie
1876 1252 1945 1287 iste
1963 1252 2097 1288 tertius
2109 1251 2296 1299 supponit
2311 1253 2382 1287 ter-

1350 1315 1461 1351 tium.
1504 1313 1729 1361 Suspicatur
1762 1313 1866 1349 enim
1899 1313 2155 1350 meticulosus
2194 1314 2348 1349 animus
2369 1339 2381 1357 ,

1351 1376 1463 1424 quod
1481 1376 1609 1412 malus
1634 1378 1805 1423 putetur,
1833 1377 1869 1411 et
1889 1386 1959 1422 per
1979 1385 2225 1422 consequens
2252 1373 2383 1410 minus

1351 1443 1502 1475 ametur
1512 1450 1524 1483 3
1549 1438 1750 1474 etidcirco
1783 1437 1979 1485 supplicat
2004 1437 2196 1482 Domino,
2229 1438 2272 1472 ut
2299 1436 2382 1471 haec

1351 1501 1522 1548 suspicio
1542 1503 1765 1548 amputetur
1784 1511 1793 1536 t
1817 1500 1926 1547 quod
1945 1502 2050 1547 patet
2068 1499 2154 1535 luce
2173 1498 2315 1535 clarius
2335 1509 2383 1534 ex

1352 1567 1522 1611 quatuor
1541 1563 1691 1600 actibus
1706 1591 1719 1608 ,
1747 1574 1848 1610 quos
1868 1563 2039 1599 continet
2068 1562 2137 1598 iste
2157 1571 2293 1598 versus
2306 1587 2319 1605 ,
2347 1563 2384 1596 et

1351 1625 1441 1662 ideo
1465 1625 1773 1673 quadripartitus
1791 1627 1846 1661 est
1860 1626 1974 1661 tenor
1990 1625 2086 1670 ejus.
2106 1623 2147 1660 Hi
2167 1624 2257 1659 sunt
2277 1625 2384 1659 actus

1351 1687 1530 1734 malitiae,
1561 1687 1746 1724 bonitatis
1762 1715 1773 1733 ‚
1801 1687 2001 1732 falsitatis,
2039 1685 2211 1722 veritatis
2237 1696 2246 1721 ε
2276 1685 2384 1720 actus

1351 1749 1535 1794 malitiae,
1567 1752 1624 1786 est
1655 1749 1807 1785 malum
1837 1752 2000 1796 putare3
2035 1750 2143 1784 actus
2171 1746 2384 1792 bonitatis,

1351 1812 1502 1848 bonum
1521 1815 1724 1859 reputare3
1745 1814 1853 1848 actus
1873 1810 2047 1848 falsitatis
2060 1838 2070 1856 ,
2090 1810 2235 1846 falsum
2254 1809 2384 1856 impu-

1351 1877 1459 1921 tare3
1497 1876 1604 1910 actus
1629 1874 1820 1919 veritatis,
1852 1873 1996 1909 falsum
2030 1874 2247 1919 amputare.
2278 1870 2386 1906 Unde

1353 1947 1444 1972 cum
1464 1939 1571 1972 aetus
1599 1935 1758 1972 malitiae
1779 1946 1850 1982 per
1876 1938 2007 1972 actum
2039 1933 2217 1970 falsitatis
2242 1932 2385 1969 infera-

1352 2000 1428 2044 tur,
1450 1998 1545 2045 petit
1565 1998 1675 2046 quod
1688 2026 1699 2044 ,
1719 2009 1790 2045 per
1810 2000 1941 2034 actum
1960 1996 2153 2041 veritatis,
2182 1997 2289 2032 actus
2311 1993 2386 2031 fal—

1353 2060 1473 2097 sitatis
1493 2060 1706 2104 auferatur,
1727 2062 1763 2096 et
1779 2063 1885 2096 actus
1900 2058 2086 2096 bonitatis
2107 2057 2384 2102 subinferatur,

1353 2123 1451 2160 sicut
1469 2123 1509 2159 in
1526 2122 1799 2170 prosecutione
1818 2122 1960 2159 clarius
1983 2121 2215 2158 declaratur.

1690 2226 1878 2261 Articulus
1902 2227 2052 2271 primus.

1401 2312 1515 2346 Actus
1523 2309 1693 2345 veritatis
1706 2311 1958 2357 praenotatur,
1969 2319 2058 2344 cum
2071 2306 2212 2343 dicitur
2225 2318 2233 2342 :
2248 2306 2384 2353 Ampu-

1357 2371 1601 2418 ta,quoniam
1614 2373 1817 2417 amputare
1832 2371 1975 2407 falsum
1983 2370 2034 2406 ad
2043 2368 2212 2406 veritatis
2220 2367 2386 2416 pertinet

1355 2436 1498 2470 actum.
1522 2435 1563 2470 Et
1582 2435 1695 2477 nota,
1718 2433 1828 2480 quod
1848 2432 1947 2469 falsa
1977 2431 2146 2479 triplicia
2164 2433 2253 2466 sunt
2277 2429 2386 2477 prin-

1356 2495 1531 2543 cipaliter
1554 2495 1799 2542 amputanda
1832 2506 1840 2530 :
1875 2504 2047 2542 quorum
2074 2493 2153 2530 alia
2183 2493 2382 2536 humana,

1356 2557 1434 2595 alia
1460 2568 1582 2603 vana,
1613 2557 1691 2593 alia
1721 2559 1810 2593 sunt
1840 2555 2019 2604 profana.
2051 2558 2092 2592 ln
2122 2554 2260 2602 primis
2287 2553 2387 2590 fallit

1357 2620 1482 2658 carnis
1503 2619 1843 2667 concupiscentia3
1871 2619 1912 2654 in
1931 2617 2091 2663 mediis,
2113 2616 2324 2664 superbia3
2345 2616 2386 2652 in

1356 2682 1519 2728 ultimis,
1530 2681 1708 2729 perfidia.
1727 2683 1776 2717 De
1790 2680 1927 2728 primis
1938 2679 1966 2702 ¹⁰
1984 2691 1992 2715 :
2010 2694 2026 2712 «
2038 2679 2074 2716 Si
2088 2690 2157 2726 pes
2169 2682 2257 2715 tuus
2278 2689 2387 2714 scan-

1358 2744 1499 2781 dalizat
1519 2747 1573 2789 te,
1595 2745 1756 2790 amputa
1776 2742 1902 2778 illum.
1921 2754 1939 2776 »
1964 2743 2032 2777 Pes
2052 2740 2191 2777 veteris
2215 2740 2387 2776 hominis

1358 2808 1414 2842 est
1433 2806 1594 2842 affectus
1623 2804 1811 2845 carnalis,
1833 2803 1902 2850 qui
1922 2801 2176 2847 scandalizat,
2197 2812 2289 2837 cum
2307 2801 2385 2848 spi-

1356 2869 1475 2904 ritum
1501 2867 1743 2914 colaphizat;
1772 2866 1842 2902 sed
1861 2867 2099 2913 amputatur,
2123 2865 2221 2901 dum
2247 2864 2387 2901 timore

1358 2931 1503 2968 securis
1517 2930 1569 2966 ad
1588 2930 1763 2966 radicem
1783 2930 1936 2966 arboris
1955 2929 2090 2977 positae
2109 2929 2317 2965 resecatur.
2337 2929 2387 2964 De

1358 2992 1499 3028 mediis
1515 2991 1539 3013 ¹¹
1560 3003 1568 3028 :
1590 3004 1608 3026 «
1625 2994 1712 3038 Fac,
1732 2992 1908 3037 Domine,
1925 2994 1968 3027 ut
1987 2991 2123 3038 gladio
2141 2990 2304 3038 proprio
2325 3000 2387 3026 su-

1358 3054 1496 3102 perbia
1515 3055 1598 3101 ejus
1624 3056 1858 3101 amputetur.
1878 3068 1895 3086 »
1926 3053 2117 3100 Superbia
2142 3052 2275 3100 gladio
2295 3062 2387 3099 pro-

1359 3116 1448 3163 prio
1469 3117 1708 3164 amputatur,
1728 3115 1825 3151 dum
1844 3117 2006 3162 pensato
2026 3114 2109 3161 ejus
2127 3113 2304 3162 periculo
2325 3113 2388 3149 de-

1360 3179 1516 3214 vitatur.
1539 3182 1587 3214 De
1606 3177 1754 3214 ultimis
1775 3178 1802 3200 1²
1825 3189 1833 3213 :
1858 3190 1875 3211 «
1891 3177 2210 3224 Amputabuntur
2240 3185 2390 3213 cornua

1361 3240 1538 3276 altaris.»
1562 3242 1718 3276 Cornua
1737 3239 1934 3286 siquidem
1955 3238 2085 3275 altaris
2115 3239 2387 3285 amputantur,

1362 3312 1452 3338 cum
1472 3301 1714 3338 cruciformis
1732 3301 1862 3347 figura
1875 3328 1887 3346 ,
1916 3311 1984 3336 seu
2009 3299 2184 3336 crucifixi
2207 3297 2357 3334 cultura
2368 3308 2381 3343 ‚⁴

1361 3364 1401 3400 in
1416 3363 1656 3400 diabolicam
1686 3361 1985 3400 transformatur
2000 3374 2012 3408 ;
2039 3360 2150 3408 quod
2177 3359 2233 3396 illi
2246 3369 2387 3407 perpe-

1362 3465 1403 3471 -
1424 3448 1451 3469 ¹⁹
1479 3448 1597 3486 Marc„
1616 3454 1670 3486 lx,
1690 3447 1741 3477 44.
1759 3461 1798 3468 —
1819 3445 1840 3466 ¹¹
1866 3443 1996 3484 Jadz‘th,
2018 3452 2066 3483 lx,
2088 3444 2138 3474 12.
2155 3459 2196 3465 —-
2220 3442 2242 3461 ¹²
2261 3442 2387 3484 Amos„

1364 3503 1418 3534 111,
1431 3496 1522 3526 14.-
1533 3495 1576 3535 (a)
1589 3493 1681 3525 Edit.
1692 3490 1953 3532 Ven.Sapientia.
1964 3489 2053 3532 —(b)
2063 3489 2138 3530 Leq.
2149 3498 2250 3530 super
2259 3490 2386 3522 omnia.
