2633 3878
1046 229 1290 273 PSALMUS
1321 231 1476 273 CXVlll
1487 261 1496 272 .

194 323 397 361 hominem
422 323 474 360 ad
501 322 685 369 seipsum.
716 324 766 358 De
794 319 1000 358 secundo¹
1032 331 1040 356 ε
1072 332 1090 353 «
1108 322 1230 357 Bene-

194 385 383 434 placitum
402 388 458 422 est
476 385 641 421 Domino
670 383 768 420 fides
789 387 825 420 et
846 381 1122 428 mansuetudo,
1145 396 1163 417 »
1188 382 1230 419 id

196 451 270 493 est,
291 448 390 486 nulli
410 457 552 484 nocere
587 446 690 482 dicto
720 444 783 481 vel
810 444 926 481 facto.
960 443 1073 480 Fides
1101 444 1226 490 enim,

196 513 287 548 teste
306 510 431 547 Tullio
447 512 476 555 ²,
497 511 553 546 est
571 507 788 545 constantia
801 507 840 543 in
861 505 998 552 verbo,
1023 517 1112 554 quae
1130 506 1231 543 nulli

195 575 310 610 nocet
329 573 453 618 diet03
474 570 738 608 mansuetudo
755 580 849 607 vero
866 579 946 605 non
965 571 1080 606 nocet
1099 568 1200 606 facto
1217 581 1226 605 :

195 646 283 672 ecce
304 634 484 672 divinum
503 633 797 682 beneplacitum
816 631 1006 669 ordinans
1026 631 1231 668 hominem

195 697 246 735 ad
266 697 507 745 proximum.
530 698 579 733 De
602 695 714 732 tertio
731 696 744 716 ²³
766 709 775 731 :
802 708 819 729 «
851 694 957 740 Filii,
978 693 1136 731 obedite
1156 704 1229 741 pa-

193 760 369 798 rentibus
384 769 455 807 per
472 758 627 802 omnia;
649 758 725 795 hoc
743 757 848 794 enim
865 756 1158 804 beneplacitum
1176 758 1232 794 est

194 823 359 860 Domino
383 835 390 859 z
413 836 431 857 n
461 821 571 870 quod
603 821 780 869 accipere
814 831 1049 868 possumus,
1075 822 1151 856 tam
1182 820 1230 857 de

192 884 422 932 parentibus
439 883 678 929 carnalibus,
695 893 815 931 quam
829 882 1096 930 spiritualibus
1113 895 1123 919 ε
1142 893 1230 920 ecce

194 949 372 986 divinum
403 949 693 997 beneplacitum
725 948 914 984 ordinans
945 948 1149 985 hominem
1179 948 1231 986 ad

192 1011 414 1059 praelatum.

522 1110 709 1145 Articulus
736 1111 902 1156 quartus.

241 1199 299 1236 Ad
320 1201 505 1247 quartum
525 1200 695 1247 spectat,
716 1199 827 1246 quod
845 1200 964 1235 restat
985 1210 993 1235 ε
1016 1200 1063 1234 Ec
1086 1198 1232 1244 judicia

195 1265 259 1299 {ua
278 1262 360 1298 doce
379 1272 454 1304 me,
477 1261 747 1308 adjudicando
778 1261 875 1298 mihi
907 1272 1095 1298 coronam
1118 1261 1231 1308 justi-

195 1324 267 1361 tiae.
290 1326 373 1361 Haec
389 1324 539 1371 Judicia
558 1327 650 1360 tunc
679 1324 886 1368 docentur,
917 1335 1008 1360 cum
1037 1323 1232 1360 mercedis

194 1386 338 1424 fiducia
359 1397 430 1435 per
450 1386 604 1434 privata
619 1386 770 1434 judicia
796 1386 984 1423 divinitus
1009 1386 1229 1424 exhibetur.

195 1452 237 1487 Et
261 1452 374 1495 nota,
406 1449 517 1498 quod
546 1449 708 1497 praefata
732 1449 883 1496 judicia
914 1451 1004 1486 sunt
1027 1449 1231 1496 jucunda,

193 1512 364 1557 munda,
387 1514 424 1548 et
442 1511 654 1559 profunda.
685 1513 810 1556 Quare
827 1512 1031 1558 jucunda?
1061 1513 1154 1559 quia
1182 1513 1232 1549 de

192 1573 388 1610 felicitate.
422 1574 548 1618 Quare
574 1573 751 1609 munda?
777 1574 874 1618 Quia
900 1574 983 1610 sine
1012 1574 1230 1621 iniquitate.

193 1636 318 1680 Quare
337 1634 562 1682 profunda?
584 1635 683 1679 Quia
702 1646 751 1671 ex
780 1635 1045 1682 investigabili
1074 1636 1229 1683 pietate.

194 1700 244 1734 De
263 1697 393 1746 primo
408 1698 445 1733 ¹⁰:
472 1710 491 1732 «
508 1697 606 1742 Quia
623 1697 774 1744 judicia
789 1700 858 1734 tua
874 1698 1064 1745 jucunda.
1084 1712 1100 1732 »
1123 1699 1234 1743 Quae-

193 1771 285 1797 nam
296 1760 537 1807 jucundiora
550 1760 714 1807 judicia,
737 1772 859 1808 quam
878 1760 1035 1797 felicem
1045 1761 1231 1807 jucundi-

193 1826 311 1861 tatem
330 1826 367 1860 et
380 1824 599 1870 jucundam
618 1823 844 1861 felicitatem
864 1824 1159 1871 adjudicantia?
1180 1826 1231 1861 De

193 1886 368 1923 secundo
389 1887 402 1908 ⁵
424 1898 432 1922 :
467 1900 486 1920 «
507 1886 709 1933 Cognovi,
738 1887 922 1932 Domine,
951 1886 1045 1934 quia
1069 1886 1232 1933 aequitas

190 1948 341 1995 judicia
360 1951 426 1986 tua
448 1961 456 1985 :
487 1963 504 1983 »
535 1948 604 1985 ubi
625 1950 756 1986 autem
776 1951 902 1986 totum
927 1952 1094 1997 occupat
1111 1949 1233 1997 aequi-

193 2014 266 2057 tas,
285 2011 442 2048 nullum
461 2012 582 2049 habet
599 2011 734 2049 locum
753 2012 951 2060 iniquitas.
980 2014 1028 2049 De
1057 2012 1170 2049 tertio
1190 2014 1231 2050 in

193 2074 272 2111 alio
312 2073 491 2120 psallitur
520 2074 609 2111 loco
641 2075 654 2096 ⁶
686 2087 694 2111 :
731 2088 747 2108 «
774 2074 928 2111 Judicia
963 2077 1030 2111 tua
1064 2074 1231 2123 abyssus

191 2136 328 2173 multa.
349 2150 366 2171 η
391 2136 427 2172 Si
452 2136 633 2184 abyssus,
658 2136 758 2184 quid
774 2136 1037 2184 profundius?
1064 2137 1094 2173 si
1112 2138 1229 2185 abys-

191 2210 255 2236 sus
293 2199 435 2246 multa,
476 2199 575 2247 quid
611 2199 925 2245 investigabilius
960 2199 1229 2247 profunditate

190 2261 403 2310 praedicta?
416 2262 517 2307 Quid
538 2262 605 2299 illa
624 2262 766 2310 pietate
785 2261 1037 2310 profundius,
1057 2262 1155 2311 quid
1174 2262 1230 2299 in-

190 2325 471 2372 vestigabilius,
494 2335 574 2373 qua
591 2325 805 2362 damnatur
823 2325 989 2371 vanitas,
1005 2327 1047 2362 ut
1059 2325 1230 2362 salvetur

190 2387 357 2424 veritas?

622 2434 794 2476 Epilogus.

238 2510 297 2548 Ait
309 2521 404 2558 ergo
421 2511 628 2560 Propheta,
641 2513 831 2559 tanquam
845 2521 1015 2558 persona
1029 2510 1227 2548 desiderio

189 2572 418 2610 desiderans
449 2572 675 2610 charitative
709 2573 920 2620 disponere
948 2571 1186 2620 proferenda
1215 2585 1223 2609 z

194 2635 433 2679 Voluntaria,
466 2638 660 2684 quantum
691 2636 742 2672 ad
774 2634 994 2683 composita
1026 2635 1224 2682 studiose;

192 2697 275 2734 Oris
293 2700 373 2743 mei,
396 2701 589 2747 quantum
607 2699 658 2736 ad
680 2699 762 2746 ipsa
784 2698 986 2746 proposita
1006 2697 1201 2735 fructuose
1213 2711 1224 2745 ;

189 2761 419 2806 Beneplacita
447 2763 522 2807 fac,
545 2763 708 2806 Domine,
733 2763 925 2808 quantum
946 2760 997 2797 ad
1018 2760 1088 2798 illa
1107 2772 1224 2808 repo-

189 2822 262 2859 sita
282 2823 473 2869 gratiose;
504 2825 552 2860 Et
576 2825 721 2870 judicia
748 2828 812 2860 tua
839 2824 920 2859 doce
945 2835 1009 2870 me,
1032 2827 1224 2872 quantum

189 2884 240 2920 ad
261 2895 399 2922 eorum
418 2885 580 2933 praemia
599 2886 772 2933 reposita
791 2885 975 2933 gloriose.

548 3033 767 3062 VERSICULUS
787 3035 871 3061 11¹1.

238 3137 319 3173 109.
337 3139 467 3173 Anima
481 3148 557 3174 mea
572 3139 788 3174 inmanibus
808 3141 911 3183 meis,
930 3141 1000 3175 ete.
1015 3138 1224 3183 Quomodo

187 3197 292 3235 lucet
309 3198 476 3236 charitas
494 3199 598 3236 viam
622 3200 817 3237 moralem
839 3200 1103 3248 disponendo,
1123 3211 1223 3248 qua-

188 3261 381 3298 ternarius
399 3261 508 3309 prior
528 3261 721 3308 distinxit,
744 3262 913 3310 qualiter
942 3265 1072 3299 autem
1105 3262 1221 3310 lucet,

187 3322 310 3360 vitam
329 3325 537 3363 mortalem
575 3325 829 3374 exponendo,
867 3325 1140 3374 quaternarius
1159 3326 1222 3364 hic

232 3422 240 3440 ¹
261 3422 383 3464 Eccli„
401 3432 425 3463 1,
446 3425 574 3457 34.-²
594 3424 676 3466 Cic„
695 3424 736 3457 de
756 3425 864 3467 Offic.,
881 3425 938 3457 lib.
959 3427 982 3458 l.
998 3443 1038 3449 —
1058 3426 1069 3444 ³
1086 3425 1222 3469 Coloss„

191 3475 248 3508 1¹¹,
269 3470 319 3502 20.
345 3489 384 3494 -
412 3472 425 3494 ⁸
446 3471 533 3505 Psal.
556 3472 639 3513 hoc,
661 3475 709 3506 39.
735 3491 773 3496 —
801 3474 811 3491 ⁵
835 3473 932 3505 ibid..
960 3475 1010 3505 75.
1033 3491 1070 3496 -
1100 3475 1112 3491 ⁶
1131 3474 1220 3506 Psal.

189 3523 293 3557 xxxv,
314 3519 344 3550 7.
365 3536 405 3542 -
425 3520 434 3537 ’
454 3520 590 3561 Mami„
611 3527 681 3562 xw,
700 3522 752 3554 25.
776 3538 816 3544 —
840 3521 854 3543 ³
869 3521 978 3562 Pron„
1000 3530 1105 3563 xviii,
1129 3524 1159 3555 8.
1185 3540 1218 3545 -

2262 241 2338 278 457

1305 320 1519 367 distinguit.
1541 319 1715 357 Charitas
1735 331 1876 368 nempe
1898 322 2016 358 vitam
2033 322 2122 361 facit
2143 335 2340 373 exponere

1304 394 1377 431 pro
1397 382 1490 419 fidei
1505 382 1764 428 confessione,
1783 394 1854 430 pro
1869 384 2044 431 pei-fidite
2060 386 2338 435 confutatione,

1303 455 1377 492 pro
1398 445 1679 482 mandatorum
1700 446 2011 493 conservatione,
2033 450 2116 496 'pro
2155 451 2341 488 consilio-

1305 518 1394 544 rum
1415 507 1769 552 consummatione,
1789 507 1886 544 sicut
1905 511 2016 545 tenor
2037 520 2221 548 versuum
2247 523 2340 560 qua-

1304 571 1394 606 tuor
1431 570 1583 606 disscrit
1619 570 1850 606 successive.
1893 571 2043 607 Primus
2088 583 2222 610 versus
2249 575 2340 612 arti—

1306 631 1439 667 culum
1477 632 1650 679 primum
1689 631 1879 678 edisserit,
1919 632 2016 669 dum
2063 634 2161 681 quid
2200 635 2240 672 in
2271 637 2339 675 tali

1305 693 1469 730 articulo
1487 693 1533 729 sit
1550 694 1811 741 perdendum,
1836 697 1872 731 et
1893 694 1990 742 quid
2021 696 2340 745 custodiendum,

1305 755 1442 803 aperit.
1465 756 1564 792 Sane
1585 756 1750 792 carnalis
1770 757 1848 793 vita
1868 767 1949 793 non
1969 758 2234 796 custodienda
2269 763 2340 806 est,

1305 819 1375 855 sed
1393 818 1608 866 perdenda.
1632 820 1847 867 Spiritualis
1881 823 2012 857 autem
2032 821 2113 858 vita
2145 833 2226 860 non
2254 834 2340 870 per-

1306 880 1438 918 denda
1452 884 1521 927 est,
1537 881 1606 918 sed
1627 881 1899 918 custodienda.
1917 884 2079 929 Quaeris,
2098 895 2178 932 quo
2191 885 2341 922 modo?

1306 943 1478 980 Carnalis
1497 943 1578 980 vita
1599 943 1816 980 custoditur
1836 945 2053 992 parcendo,
2076 946 2253 993 perditur
2273 958 2341 995 pa-

1305 1006 1438 1043 tiendo
1450 1019 1461 1052 ;
1510 1006 1722 1054 spiritualis
1769 1006 1849 1043 vita
1890 1007 2069 1054 perditur
2121 1008 2341 1054 diffitendo,

1306 1069 1523 1107 custoditur
1548 1069 1710 1107 firmiter
1730 1069 1970 1107 confitendo.

1641 1178 1829 1213 Articulus
1851 1179 2007 1224 primus.

1355 1261 1559 1298 Carnalem
1614 1262 1735 1299 vitam
1793 1264 2124 1302 contemnendam
2181 1269 2343 1314 propter

1308 1325 1428 1360 Deum
1444 1325 1638 1372 aperiens,
1659 1325 1712 1362 ait
1733 1337 1741 1362 :
1763 1326 1896 1362 Anima
1916 1338 2009 1373 mea,
2030 1327 2072 1364 id
2102 1330 2172 1373 est,
2194 1328 2342 1366 anima-

1305 1384 1353 1422 lis
1373 1386 1473 1431 vita3
1494 1387 1571 1423 hoc
1591 1390 1647 1424 est
1669 1387 1763 1434 vita,
1787 1399 1909 1436 quam
1930 1389 1998 1426 diu
2032 1390 2229 1427 custodire
2259 1401 2341 1428 non

1306 1448 1410 1486 valet
1437 1452 1574 1485 natura
1600 1449 1812 1494 defectiva,
1833 1461 1905 1487 nec
1939 1451 2007 1488 diu
2043 1453 2239 1490 custodire
2259 1454 2343 1492 vult

1308 1511 1432 1557 gratia
1450 1512 1690 1559 provectiva.
1713 1514 1755 1549 Et
1774 1515 1881 1559 nota,
1897 1514 2008 1561 quod
2030 1514 2115 1551 talis
2141 1515 2274 1553 anima
2302 1516 2343 1553 in

1310 1573 1377 1609 tali
1399 1574 1563 1610 articulo
1580 1576 1802 1621 constituta,
1823 1586 1904 1611 non
1926 1578 1981 1612 est
2001 1587 2024 1613 a
2044 1578 2247 1614 tormentis
2266 1578 2342 1615 sal-

1307 1636 1453 1681 vanda,
1492 1647 1564 1672 nec
1612 1637 1894 1675 blandimentis
1936 1638 2231 1685 effoeminanda,
2270 1649 2343 1678 nec

1307 1698 1581 1735 emolumentis
1603 1699 1887 1746 temporalibus
1924 1700 2129 1739 dilatanda
2159 1715 2167 1739 :
2203 1713 2252 1739 ne
2272 1703 2344 1740 sal-

1306 1762 1419 1797 vetur
1438 1760 1490 1797 ad
1511 1761 1796 1809 perditionem3
1827 1774 1874 1800 ne
1897 1764 2158 1802 effoeminetur
2185 1765 2237 1803 ad
2261 1777 2344 1803 ma-

1307 1823 1547 1860 cerationem
1558 1837 1569 1869 ;
1590 1836 1640 1861 ne
1658 1825 1842 1862 dilatetur
1862 1826 1913 1863 ad
1932 1829 2119 1864 aeternam
2150 1828 2343 1865 confusio-

1306 1897 1410 1922 nem.
1431 1888 1481 1923 De
1502 1887 1631 1935 primo
1649 1887 1662 1907 ⁷
1686 1899 1694 1923 :
1721 1902 1738 1922 α
1753 1888 1826 1932 Qui
1852 1889 2019 1926 voluerit
2033 1890 2208 1927 animam
2228 1901 2340 1928 suam

1305 1951 1457 1987 salvam
1489 1951 1631 1998 facere,
1665 1951 1803 1999 perdet
1840 1963 1928 1990 eam
1960 1965 1969 1989 :
2002 1967 2019 1988 »
2057 1964 2145 1990 eece
2177 1954 2341 1993 salvatio

1306 2013 1447 2050 animae
1467 2014 1519 2051 ad
1538 2015 1818 2062 perditionem.
1840 2018 1889 2053 De
1916 2017 2140 2053 sccundoss:
2166 2017 2342 2055 «Animae

1306 2077 1637 2116 effoeminatorum
1678 2080 1878 2116 esurient:
1911 2093 1929 2114 n
1963 2091 2052 2117 ecce
2087 2080 2340 2118 effoeminatio

1305 2140 1358 2177 ad
1377 2141 1698 2178 macerationem.
1731 2144 1783 2179 De
1809 2142 1922 2179 tertio
1940 2144 1954 2165 ⁹
1976 2155 1983 2179 :
2011 2157 2029 2177 «
2048 2144 2112 2180 Vir
2147 2144 2342 2191 superbus

1304 2214 1386 2240 non
1407 2203 1673 2252 decorabitur,
1695 2205 1763 2253 qui
1787 2205 1979 2251 dilatavit,
2003 2206 2118 2254 quasi
2151 2205 2339 2253 infernus,

1304 2265 1479 2302 animam
1517 2278 1630 2304 suam
1670 2281 1678 2304 :
1710 2283 1726 2301 »
1770 2279 1860 2305 ecce
1878 2268 2054 2306 dilatatio
2074 2269 2127 2306 ad
2155 2271 2340 2307 aeternam

1304 2329 1590 2367 confusionem.

1619 2429 1810 2467 Articuzus
1834 2431 2021 2468 secundus.

1350 2516 1557 2554 Carnalem
1571 2517 1688 2555 etiam
1698 2519 1819 2556 vitam
1830 2519 2078 2566 perdendam
2086 2520 2336 2569 patefaciens,

1302 2576 1414 2614 addit
1443 2589 1450 2613 :
1475 2579 1517 2614 121
1549 2580 1716 2616 manibus
1754 2582 1841 2617 meis
1877 2591 2014 2628 seraper
2025 2594 2035 2628 ;
2067 2582 2181 2629 quasi
2201 2582 2336 2620 dicat:

1302 2640 1441 2677 Anima
1460 2642 1496 2677 et
1514 2641 1594 2678 vita
1614 2652 1694 2678 non
1717 2645 1773 2679 est
1791 2642 1955 2680 latenter
1975 2643 2160 2692 reposita,
2179 2645 2249 2682 sed
2268 2655 2339 2693 pa-

1301 2704 1425 2739 tenter
1443 2703 1631 2751 exposita.
1655 2706 1697 2741 Et
1715 2708 1822 2752 nota,
1843 2706 1953 2754 quod
1983 2707 2105 2744 vitam
2125 2707 2338 2745 animalem

1301 2765 1341 2802 in
1376 2766 1563 2803 manibus
1600 2778 1765 2815 ponere,
1797 2769 2011 2815 continere,
2043 2773 2200 2818 portare
2220 2770 2338 2808 debe-

1301 2839 1400 2865 mus.
1424 2829 1584 2876 Quaeris,
1606 2831 1802 2878 qualiLer?
1839 2834 1985 2869 Ponere
2025 2833 2207 2879 fidenter,
2245 2844 2338 2871 con-

1300 2891 1423 2928 tinere
1442 2891 1622 2938 fideliter,
1639 2896 1797 2940 portare
1817 2894 2022 2941 patienter.
2054 2898 2105 2932 De
2124 2896 2255 2943 primo
2281 2896 2307 2918 ¹⁰
2324 2909 2332 2933 :

1305 2966 1322 2986 «
1343 2953 1524 2991 Obedivit
1543 2954 1688 2992 ancilla
1725 2958 1791 2993 tua
1825 2957 1913 2994 voci
1945 2960 2033 3001 tuae,
2064 2961 2101 2995 et
2119 2959 2234 3006 posui
2255 2959 2336 2996 ani-

1301 3027 1408 3053 mam
1422 3027 1554 3053 meam
1568 3017 1607 3054 in
1628 3029 1749 3055 manu
1770 3022 1836 3056 tua
1851 3020 1920 3067 (a),
1944 3034 1961 3054 n
1986 3020 2100 3068 quasi
2121 3020 2225 3058 dieat
2240 3033 2248 3058 :
2263 3024 2333 3058 Ex-

1299 3079 1414 3126 posui
1434 3079 1554 3116 vitam
1577 3079 1807 3127 discrimini,
1829 3086 1990 3130 propter
2005 3082 2192 3120 fiduciam
2211 3094 2333 3131 quam

1300 3142 1447 3190 accepi.
1469 3141 1505 3180 Si
1532 3142 1673 3180 mulier
1704 3143 1875 3181 infidelis
1908 3145 2070 3183 confidit
2105 3145 2332 3184 obediendo

1298 3204 1420 3250 Sauli,
1453 3205 1659 3253 quomodo
1693 3206 1753 3243 vir
1784 3207 1914 3243 fidelis
1943 3207 2109 3253 diffidet,
2143 3207 2334 3245 obediens

1298 3266 1520 3304 Salvatori‘?
1542 3270 1591 3304 De
1605 3269 1779 3306 secundo
1800 3268 1826 3292 ¹¹
1850 3281 1858 3305 :
1884 3283 1900 3302 (ι
1920 3269 2011 3314 Quis
2033 3269 2224 3306 continuit
2255 3271 2333 3318 spi-

1297 3329 1416 3364 ritum
1448 3329 1486 3364 in
1523 3330 1706 3365 manibus
1743 3330 1851 3366 suis?
1880 3345 1897 3365 n
1927 3331 2002 3367 hoc
2037 3332 2331 3378 cst:Qnis,nisi

1297 3390 1440 3436 fidelis,
1458 3391 1649 3428 continuit
1665 3392 1846 3439 spiritum
1863 3393 1975 3440 quasi
2007 3404 2089 3430 non
2115 3395 2331 3442 perditum,

1298 3474 1465 3514 ⁹l111l11ic.,
1489 3484 1531 3515 ιι,
1553 3477 1582 3507 5.
1604 3493 1644 3498 -
1675 3477 1698 3494 '⁰
1723 3476 1731 3507 l
1761 3477 1850 3517 Ray„
1879 3485 2007 3519 xxviii,
2030 3480 2080 3511 21.
2103 3497 2143 3502 —
2169 3481 2187 3498 ¹¹
2216 3479 2330 3514 Prot)v

1298 3532 1380 3562 xxx,
1403 3525 1432 3554 4.
1457 3541 1489 3545 -
1506 3523 1552 3564 (α)
1575 3523 1669 3565 Vulq.
1693 3532 1782 3555 mea.
