2633 3878
85 1129 164 1155 Serti
177 1129 223 1154 tri-

85 1170 149 1203 plici
167 1177 223 1195 ser-

106 1210 194 1236 vitute

84 1251 222 1276 dicuntur

242 294 318 332 426

239 380 312 415 viri
331 389 410 415 non
429 380 561 425 parcet
582 377 622 412 in
643 376 707 412 die
727 373 930 418 vindictae,
950 382 1022 409 nec
1048 369 1267 417 acquiescet

241 441 474 487 cujusquam
493 438 689 486 precibus,
704 433 777 473 nec
793 434 975 481 suscipiet
994 443 1066 480 pro
1086 431 1265 477 redemp-

240 503 344 538 tione
364 501 469 537 dona
486 501 675 547 plurima:
698 513 715 532 n
738 499 791 534 ita
809 500 935 545 potest
955 494 1032 531 dici
1054 494 1101 529 de
1120 502 1265 539 sponso

240 563 436 607 Ecclesiae,
467 562 632 598 zelatore
657 560 829 607 J'ustitise,
856 558 923 605 qui
948 555 1046 592 nulli
1074 554 1198 601 parcit
1227 553 1266 589 in

239 624 421 660 vitiorum
446 624 710 670 correptione,
737 632 808 658 nec
835 622 889 655 est
913 619 1093 664 acceptor
1118 615 1266 663 precis,

240 685 297 722 vel
317 685 428 733 pretii
441 712 449 728 ,
471 684 533 721 vel
552 693 739 732 persona).

554 787 741 823 Articulus
763 784 948 821 secundus.

289 871 456 908 Servitus
481 869 671 918 protelata
696 866 942 904 subtenditur
972 866 1013 902 in
1040 865 1116 901 hoc
1142 873 1266 900 mem·

242 934 336 970 bro:
359 934 458 970 Servi
477 934 542 968 tui.
564 932 725 968 Servum
746 940 784 966 se
803 928 909 973 dicit,
927 927 996 964 sed
1013 926 1164 971 dolens,
1186 927 1267 960 tan-

242 1005 362 1042 quam
382 993 578 1040 subjectus
596 991 757 1028 vanitati
776 1001 855 1027 non
877 989 1033 1033 volens,
1055 991 1091 1024 et
1111 998 1134 1023 a
1153 986 1268 1022 servi-

242 1059 320 1093 tute
348 1055 607 1103 corruptionis
638 1053 795 1090 liberari
823 1051 980 1096 volens,
1011 1060 1093 1086 non
1117 1048 1265 1085 valens.

242 1118 316 1155 Sed
339 1121 450 1163 nota,
473 1117 582 1164 quod
610 1115 711 1152 servi
741 1115 867 1150 solent
892 1112 967 1148 dici
995 1110 1176 1148 servitute
1202 1109 1268 1145 tri-

244 1180 348 1227 plici,
363 1179 504 1215 scilicet
517 1178 697 1214 servitute
711 1178 876 1220 naturae,
893 1174 1073 1210 servitute
1088 1171 1265 1217 fortunae,

244 1242 423 1278 servitute
449 1239 693 1277 ohedienlife.
720 1237 847 1274 Prima
865 1235 1029 1272 servitus
1053 1236 1108 1270 est
1127 1232 1270 1280 prinei-

243 1304 352 1351 pium
373 1301 626 1346 demerendi3
658 1299 851 1343 secunda,
879 1308 951 1334 nec
976 1295 1176 1340 merendi,
1196 1305 1268 1330 nec

244 1364 496 1409 demerendi3
526 1363 651 1407 tertia,
677 1365 756 1398 tam
775 1358 972 1403 merendi,
1000 1367 1121 1405 quam
1141 1357 1269 1392 deme-

242 1426 366 1463 rendi.
386 1428 434 1462 De
453 1425 574 1462 servis
593 1427 739 1460 naturae
759 1423 1022 1469 competenter
1043 1418 1266 1466 exponitur,

243 1488 353 1536 quod
372 1486 606 1535 proponitur
629 1486 638 1506 ¹
657 1497 665 1521 z
691 1500 706 1517 «
734 1483 854 1520 Hodie
879 1483 1126 1518 increverunt
1145 1478 1267 1522 servi,

242 1551 308 1598 qui
328 1549 482 1595 fugiunt
501 1547 684 1584 dominos
702 1556 812 1582 suos:
834 1560 850 1578 »
869 1544 983 1592 quasi
1003 1543 1124 1579 dieat:
1146 1541 1268 1578 Hodie

242 1612 489 1648 increverunt
515 1608 617 1645 servi
642 1618 713 1655 per
738 1610 884 1644 naturae
909 1606 1099 1652 corruptae
1123 1614 1268 1651 propa-

243 1674 459 1720 gationem,
481 1671 548 1719 qui
568 1670 721 1717 fugiunt
739 1679 809 1716 per
829 1668 912 1715 ejus
939 1668 1087 1704 naturae
1105 1664 1269 1701 inelina-

242 1737 389 1772 tionem
418 1733 602 1770 dominos
628 1743 738 1777 SUOS,
768 1730 913 1766 scilicet
937 1728 1132 1776 appetitus
1153 1726 1267 1763 intel-

242 1798 403 1834 leeth-os
417 1824 428 1841 ,
450 1799 487 1832 et
511 1797 729 1842 sequuntur
748 1792 964 1829 sensitivos.
988 1792 1037 1826 De
1058 1788 1178 1825 servis
1196 1787 1270 1824 for-

243 1864 344 1896 tunae
366 1857 607 1904 intelligitur,
629 1855 739 1903 quod
765 1854 905 1900 legitur
922 1854 936 1874 ‘³
954 1865 961 1889 :
988 1866 1006 1887 «
1025 1851 1269 1897 Quicumque

243 1924 330 1957 sunt
346 1920 418 1956 sub
436 1920 533 1965 jugo
548 1917 664 1962 servi,
682 1916 865 1952 dominos
882 1925 974 1950 suos
995 1912 1102 1950 omni
1116 1913 1268 1948 honore

244 1983 385 2029 dignos
405 1981 652 2017 arbitrentur.
676 1992 693 2012 »
719 1980 768 2014 De
789 1976 908 2013 servis
931 1975 1174 2012 obedientiae.
1189 1974 1269 2010 die-

244 2049 326 2081 tum
351 2043 605 2090 dignoscitur,
633 2041 744 2089 quod
768 2041 909 2077 dicitur
933 2041 968 2076 ³:
999 2053 1017 2073 «
1044 2038 1151 2075 Servi
1182 2037 1271 2074 estis

244 2107 327 2152 ejus
348 2106 409 2141 cui
433 2104 618 2150 obeditis,
636 2104 716 2140 sive
737 2102 884 2150 peccati
907 2101 959 2138 ad
979 2102 1168 2145 mortem,
1189 2099 1270 2136 sive

244 2167 481 2204 obeditionis
500 2166 551 2202 ad
568 2165 770 2212 iustitiam.

585 2271 770 2306 Articulus
792 2270 930 2305 tertius.

293 2355 428 2392 Dilatio
460 2353 670 2390 attenditur
702 2352 742 2388 in
771 2352 846 2387 hoc
877 2349 1057 2385 membro
1079 2361 1086 2384 :
1107 2347 1270 2391 Quando.

245 2420 329 2454 Haec
350 2416 454 2453 enim
474 2414 740 2460 interrogatio,
776 2412 949 2448 molestae
980 2408 1273 2457 prorogationis

245 2484 301 2515 est
319 2477 542 2514 insinuatio.
567 2478 609 2512 Et
627 2477 734 2520 nota,
758 2474 868 2521 quod
893 2470 1184 2520 prorogationis
1205 2480 1273 2506 seu

245 2540 442 2577 dilationis
460 2538 639 2575 molestia
653 2536 864 2574 attenditur
886 2537 1078 2582 quantum
1099 2532 1152 2569 ad
1171 2533 1244 2568 tria
1262 2545 1272 2568 :

245 2604 339 2651 quia
361 2602 535 2639 differtur
568 2601 774 2649 praemium
811 2597 1031 2646 corporale,
1067 2595 1274 2644 praemium

247 2665 385 2702 animae
405 2663 672 2708 substantiale,
706 2665 742 2698 et
777 2660 983 2708 praemium
1015 2658 1138 2706 ipsius
1174 2657 1273 2693 acei-

248 2726 416 2763 dentale.
437 2726 610 2762 Primum
637 2727 783 2772 spectat
802 2723 853 2760 ad
885 2721 1060 2769 corporis
1082 2719 1271 2757 reforma-

251 2790 415 2834 tionem;
436 2787 668 2831 secundum,
689 2787 740 2823 ad
772 2785 960 2822 Creatoris
981 2781 1276 2829 contemplatio-

250 2861 365 2895 nem3
386 2851 555 2893 tertium,
585 2849 635 2885 ad
667 2848 917 2885 inimicorum
954 2843 1275 2886 vindicationem,

252 2915 287 2948 et
306 2912 524 2948 amicorum
543 2911 856 2947 laetifieationem.
874 2910 924 2944 De
943 2907 1072 2955 primo
1092 2916 1162 2953 per
1183 2908 1275 2942 Pro-

252 2973 411 3020 phetam
430 2972 570 3008 dieitur
589 2983 636 3008 ex
654 2982 824 3019 persona
856 2969 1079 3012 salvatoris,
1115 2967 1178 3003 vel
1210 2977 1276 3003 cu-

249 3034 410 3080 juslibet
425 3034 508 3080 ejus
528 3033 646 3079 testis,
678 3033 957 3069 restitutionem
978 3031 1117 3067 animae
1144 3032 1277 3076 postu·

252 3097 365 3134 lantis
384 3098 396 3118 ³
419 3109 427 3133 :
455 3110 471 3130 «
494 3097 668 3141 Domine,
695 3095 855 3142 quando
880 3093 1090 3140 respicies?
1120 3091 1277 3128 restitue

254 3160 427 3195 animam
445 3169 575 3195 meam
595 3169 619 3195 a
638 3157 877 3203 malignitate
901 3166 1037 3191 eorum
1059 3166 1067 3189 ε
1090 3168 1106 3187 n
1124 3154 1205 3189 haee
1219 3153 1277 3188 in-

254 3221 463 3267 terrogatio
501 3223 608 3257 notat
642 3219 978 3268 prorogationem,
1016 3218 1208 3263 quantum
1227 3214 1278 3250 ad

255 3283 433 3329 corporis
449 3282 781 3323 reformationem,
804 3283 853 3316 De
873 3278 1046 3316 seeundo
1079 3287 1149 3324 per
1177 3275 1279 3312 Psal-

256 3343 519 3391 mographum
553 3343 703 3380 canitur
731 3345 744 3366 ⁵
780 3355 788 3380 ;
813 3340 1016 3387 «Quando
1047 3338 1205 3375 veniam
1244 3338 1280 3373 et

303 3427 312 3445 ¹
334 3427 344 3458 l
366 3427 454 3467 Κεφ,
474 3434 553 3468 xxv,
580 3430 628 3459 10.
650 3445 690 3451 -
709 3428 722 3448 ²
743 3429 750 3459 l
775 3428 871 3464 Tim„
896 3433 942 3465 vi,
966 3427 993 3456 l.
1014 3441 1054 3447 —
1074 3423 1086 3442 ³
1108 3423 1212 3458 Rom„
1233 3428 1280 3460 v1‚

261 3474 308 3505 16.
323 3489 364 3496 ·-
382 3473 396 3495 δ
414 3473 505 3506 Psal.
527 3482 644 3515 xxxm,
666 3477 714 3507 17.
736 3491 775 3498 -
794 3474 808 3496 ⁵
823 3472 916 3506 Psal.
932 3479 1003 3511 xm,
1023 3473 1055 3503 3.
1070 3486 1110 3494 —
1131 3469 1142 3487 ⁶
1160 3468 1279 3503 Marc..

942 278 1211 324 EXPOSlTlO
1242 277 1291 319 lN
1324 278 1671 322 PSAL'l'ERlUM.

1339 370 1540 417 apparebo
1561 372 1648 406 ante
1682 369 1822 406 faciem
1845 368 1935 405 Dei?
1957 381 1974 402 »
1995 368 2077 405 haec
2111 367 2361 415 interrogatio

1339 433 1447 468 notat
1490 431 1822 478 prorogationem,
1864 433 2054 478 quantum
2088 429 2140 465 ad
2175 431 2363 467 Creatoris

1340 494 1719 541 contemplationem.
1762 496 1811 529 De
1845 493 1956 529 tertio
1994 491 2174 528 scribitur
2192 492 2206 514 ⁶
2228 503 2236 526 :
2262 504 2279 524 «
2300 491 2363 528 Dic

1339 555 1454 591 nobis
1475 555 1634 602 quando
1668 555 1750 590 haec
1787 555 1922 590 omnia
1959 553 2144 600 incipient
2182 563 2364 589 consum-

1339 617 1463 652 mari?
1485 626 1571 652 ecce
1590 616 1736 662 duplex
1768 615 2036 661 interrogatio,
2077 614 2274 662 duplicem
2297 624 2365 650 no-

1340 681 1424 714 tans
1443 677 1765 724 prorogationem
1789 688 1797 712 :
1819 676 1977 722 scilieet,
2009 679 2201 724 quantum
2222 675 2273 712 ad
2294 675 2366 711 ini-

1340 739 1533 775 micorum
1551 737 1869 783 vindicationem,
1906 741 1942 774 et
1959 738 2176 775 amicorum
2196 736 2365 774 laetifica-

1341 800 1500 837 tionem.

1673 883 1855 918 Articulus
1869 885 2030 928 quartus.

1387 971 1497 1009 Salus
1517 970 1637 1008 dilata
1666 971 1880 1007 intenditur
1914 970 1953 1006 in
1971 970 2047 1007 hoc
2067 971 2249 1007 membro
2272 973 2367 1007 :Fa-

1340 1036 1407 1070 cies
1428 1034 1470 1069 de
1488 1035 1775 1079 persequentibus
1798 1044 1850 1068 me
1865 1033 2058 1078 judicium.
2097 1032 2265 1076 Qualiter
2283 1043 2368 1080 per-

1341 1095 1617 1142 sequentibus?
1650 1094 1845 1142 numquid
1873 1094 2003 1130 solum
2042 1093 2265 1131 initialiter?
2284 1096 2368 1131 Non

1341 1157 1471 1193 solum
1489 1157 1698 1200 initialiter,
1719 1156 1789 1192 scd
1808 1158 1844 1192 et
1864 1156 2044 1192 finaliter.
2072 1157 2165 1193 Sunt
2194 1165 2367 1203 namque

1340 1219 1519 1267 plerique
1566 1218 1761 1255 initialiter
1796 1221 2086 1265 persequentes,
2128 1220 2165 1254 et
2200 1217 2369 1254 finaliter

1341 1281 1648 1328 subsequentes;
1672 1280 1770 1316 sicut
1788 1279 1930 1316 Paulus
1959 1280 2030 1316 fuit
2065 1279 2260 1317 initialiter
2289 1281 2368 1317 Ste-

1340 1343 1518 1390 phanum
1533 1351 1787 1389 persequens,
1807 1341 1877 1376 sed
1903 1341 2072 1377 finaliter
2109 1341 2367 1389 subsequens.

1341 1405 1449 1441 Tales
1465 1415 1544 1441 non
1564 1406 1793 1451 reputantur
1813 1403 2039 1449 simpliciter
2064 1406 2367 1450 persequentem

1342 1466 1411 1502 sed
1423 1466 1489 1513 qui
1504 1476 1658 1513 semper
1671 1464 1885 1510 actualiter,
1900 1464 1962 1500 vel
1975 1464 2227 1502 affectualiter
2241 1475 2370 1512 perse-

1343 1530 1520 1575 quenteS,
1532 1527 1629 1563 sicut
1646 1527 1690 1574 (u)
1707 1525 2182 1574 finaliterimpoenitenles.
2200 1528 2242 1563 Et
2260 1528 2370 1573 nola,

1343 1588 1452 1636 quod
1474 1588 1521 1624 de
1540 1588 1682 1625 talibus
1713 1588 2039 1635 persequentibus
2073 1587 2163 1624 faeit
2184 1587 2369 1625 Dominus

1339 1649 1547 1696 judicium,
1568 1650 1662 1697 ipsis
1688 1649 1923 1695 viventibus,
1953 1649 2225 1695 morientibus,
2243 1659 2370 1686 resur-

1344 1712 1525 1758 gentibus
1548 1723 1555 1747 :
1578 1710 1769 1758 quoniam
1787 1714 1874 1747 ante
1892 1713 2060 1748 mortem
2072 1710 2163 1747 facit
2173 1711 2369 1758 judicium

1343 1773 1541 1818 auditum;
1575 1773 1616 1809 in
1653 1775 1778 1809 morte
1809 1772 1900 1809 facit
1923 1773 2117 1819 judicium
2149 1773 2368 1821 cognitum3

1342 1838 1431 1882 post
1461 1836 1630 1871 mortem
1661 1834 1751 1871 facit
1784 1834 1977 1880 judicium
2015 1835 2294 1882 conscriptum.
2319 1837 2370 1871 De

1343 1896 1471 1943 primo
1505 1896 1644 1932 dicitur
1681 1906 1704 1932 a
1735 1895 2046 1943 psalmographo
2069 1897 2081 1918 ⁷
2114 1907 2122 1931 :
2147 1898 2236 1933 «De
2271 1895 2370 1934 coelo

1344 1958 1522 1994 auditum
1544 1957 1874 2003 fecistijudicium
1896 1970 1904 1993 2
1927 1970 1944 1991 »
1968 1968 2056 1993 eece
2085 1957 2281 2004 judicium
2305 1968 2372 1994 au-

1345 2019 1484 2065 ditum,
1505 2019 1575 2055 sed
1604 2030 1627 2055 a
1646 2019 1805 2055 terrenis
1826 2018 2018 2055 oblivioni
2042 2019 2228 2055 traditum
2250 2031 2258 2056 :
2278 2018 2370 2057 ideo

1344 2081 1525 2118 subditur
1546 2094 1556 2116 :
1583 2094 1599 2115 t<
1617 2082 1732 2117 Terra
1753 2080 1917 2126 tremuit,
1940 2081 1977 2116 et
1994 2080 2153 2127 quievit.
2173 2094 2190 2115 »
2229 2082 2280 2117 De
2318 2091 2372 2118 se-

1345 2143 1475 2179 cundo
1495 2142 1673 2190 psallitur
1699 2153 1722 2178 a
1753 2142 1947 2189 Propheta
1965 2142 1978 2163 ⁸
2000 2154 2008 2178 :
2035 2155 2052 2176 «
2072 2142 2260 2189 Cognovi,
2277 2142 2372 2190 quia

1345 2205 1435 2241 fecit
1455 2206 1496 2251 (b)
1522 2204 1709 2241 Dominus
1724 2204 1918 2250 judicium
1938 2204 2081 2251 inopis,
2104 2207 2141 2241 et
2158 2205 2374 2242 vindictam

1344 2277 1564 2314 pauperum
1576 2279 1587 2312 3
1609 2280 1626 2299 »
1650 2266 1702 2302 ita
1719 2268 1846 2313 potest
1880 2265 2008 2302 dicere
2034 2276 2256 2312 pauperum
2286 2277 2373 2314 per-

1346 2331 1498 2365 secutor
1518 2329 1558 2364 in
1577 2330 1702 2364 morte
1726 2340 1734 2363 ε
1757 2339 1846 2365 ecce
1861 2327 2058 2373 Judicium
2086 2328 2300 2374 cognitum.
2321 2330 2372 2365 De

1347 2391 1457 2428 tertio
1478 2390 1659 2426 subditur
1678 2390 1719 2426 in
1758 2390 1898 2426 eadem
1933 2390 2137 2436 scriptura,
2175 2389 2372 2427 mentione

1347 2452 1448 2488 sacta
1467 2452 1516 2488 de
1535 2451 1694 2498 regibus
1714 2453 1751 2487 et
1769 2451 1978 2487 'nobilibus
2005 2461 2225 2498 pauperum
2244 2461 2373 2498 perse—

1348 2514 1548 2550 cutoribus
1567 2515 1581 2536 ⁹
1603 2527 1611 2548 :
1640 2515 1717 2549 «Ut
1734 2513 1851 2549 saciat
1885 2513 1925 2548 in
1945 2512 1999 2549 eis
2032 2512 2227 2559 judicium
2258 2523 2372 2549 cons-

1349 2576 1529 2623 eriptum,
1568 2578 1758 2621 tanquam
1800 2574 2128 2611 irretractabiliter
2166 2574 2374 2611 confirma-

1348 2640 1431 2673 tum
1454 2649 1461 2673 ε
1484 2636 1590 2673 unde
1611 2636 1751 2673 dicitur
1776 2636 2054 2683 conscriptum,
2090 2639 2279 2684 tanquam
2297 2638 2373 2674 Deo

1349 2699 1555 2742 scribente,
1574 2699 1611 2734 et
1629 2697 1770 2734 sanctis
1797 2697 2143 2743 subscribentibus,
2164 2698 2309 2746 pariter
2327 2698 2375 2735 sit

1348 2760 1630 2808 perscriptum:
1653 2769 1741 2796 ecce
1764 2759 1959 2805 judicium
1979 2760 2254 2807 conscriptum.

1778 2864 1947 2906 Epilogus.

1397 2961 1532 3007 Liquet
1562 2959 1691 3006 itaque
1729 2969 1806 2995 vox
1840 2958 2065 3005 psalmistae,
2103 2962 2291 3007 tanquam
2316 2961 2375 2998 lo-

1351 3021 1504 3069 quentis
1520 3021 1608 3057 loco
1626 3030 1803 3067 personae
1818 3020 1945 3066 justae,
1974 3021 2043 3057 sed
2068 3021 2302 3068 longiturnis
2319 3023 2376 3060 la-

1350 3083 1514 3120 boribus
1533 3082 1699 3128 fatigatae
1721 3093 1729 3117 :
1752 3083 1844 3125 Quot
1863 3085 1946 3117 sumt
1967 3082 2057 3128 dies,
2087 3082 2126 3119 in
2147 3094 2227 3130 quo
2248 3085 2376 3130 prote-

1350 3145 1444 3181 latio
1465 3143 1652 3188 dit'ficilis3
1673 3143 1776 3179 Servi
1802 3144 1871 3188 tui,
1891 3143 1932 3179 in
1959 3154 2038 3189 quo
2074 3144 2238 3181 servitus
2275 3145 2377 3181 mili-

1353 3207 1485 3251 tantis3
1510 3205 1673 3249 Quando,
1686 3206 1726 3240 ln
1748 3214 1826 3251 quo
1848 3204 1983 3241 dilatio
2005 3205 2062 3241 rei
2083 3205 2373 3252 desiderabilis3

1353 3270 1472 3304 Facies
1492 3267 1534 3303 de
1550 3268 1838 3312 persequentibus
1855 3277 1908 3302 me
1936 3266 2125 3311 judicium,
2158 3266 2198 3302 in
2218 3276 2297 3313 quo
2319 3276 2375 3302 sa-

1353 3331 1413 3368 lus
1432 3329 1591 3366 feliciter
1618 3327 1903 3375 triumphantis.

1357 3422 1432 3452 xm,
1453 3414 1482 3444 4.
1504 3429 1541 3435 —
1564 3429 1604 3434 —
1628 3409 1747 3442 ⁷1’sal.
1770 3418 1872 3450 Lxxv,
1894 3412 1930 3449 9,
1955 3412 2002 3441 10.
2026 3426 2060 3431 —
2090 3409 2100 3427 ⁸
2121 3409 2211 3440 Psal.
2233 3417 2372 3452 cxxxix,

1360 3472 1450 3501 13.—
1466 3469 1477 3487 ⁹
1496 3466 1584 3500 Psal.
1605 3473 1720 3506 exmx,
1738 3467 1767 3498 9.
1786 3465 1826 3506 (a)
1845 3465 1920 3505 Leq.
1936 3466 2067 3496 suut.—
2085 3463 2128 3503 (b)
2149 3463 2244 3507 ναῖς.
2264 3466 2374 3500 faciet.
