2633 3878
895 229 947 271 ΙΝ
977 228 1355 272 HEXAEMERON.
1388 229 1563 271 SERMO
1592 229 1713 270 XXll.

231 323 375 374 firma,
397 322 576 374 stabilis,
599 321 802 375 praeclara
820 351 831 371 ,
864 318 1008 372 patula
1041 319 1091 360 ad
1125 319 1257 359 susci-

229 394 433 448 piendum
470 395 630 435 lumen.
667 391 826 434 Throni
860 391 1059 432 dicuntur
1091 403 1116 431 a
1145 391 1258 444 J'udi-

230 466 384 516 cando,
406 465 519 518 quod
546 464 589 505 in
619 463 702 504 illis
729 463 843 504 sedet
868 461 999 511 Deus,
1023 462 1120 515 quia
1151 462 1259 501 ‹livi-

230 537 393 578 nissimi
409 539 524 585 sunt,
541 538 582 576 et
601 534 906 576 rationabiliter
926 534 1193 574 manifestant
1208 534 1262 584 (α)

2294 229 2370 269 139

1337 330 1444 371 ergo
1473 319 1524 360 de
1543 318 1665 360 Luna
1691 332 1700 359 ε
1726 319 1834 360 sicut
1861 319 1974 359 enim
2007 318 2149 359 anima
2177 320 2370 359 contem-

1336 391 1496 444 plativa
1533 392 1595 431 est
1633 389 1786 431 mulier
1819 391 1931 430 bona
1965 391 2118 431 amicta
2161 390 2271 441 Sole,
2313 390 2370 430 ita

1338 462 1458 503 Luna
1486 464 1547 502 est
1575 462 1653 502 sub
1681 461 1857 514 pedibus
1885 463 1976 513 ejiis
2003 474 2089 502 non
2119 462 2172 502 ad
2198 461 2367 503 concul-

1338 534 1542 583 candum,
1568 534 1638 573 sed
1661 533 1712 573 ad
1742 532 2053 583 stabiliendum,
2081 534 2237 574 scilicet
2265 533 2372 574 mili-

231 610 452 652 consilium
493 621 624 650 suum
662 620 738 661 per
768 607 995 661 ,iudicium-
1031 605 1262 647 Consilium

231 681 344 723 enim
382 680 596 722 occultum
627 682 715 730 est,
751 679 822 720 sed
856 679 1149 719 manifestatur
1188 690 1264 730 per

1337 608 1432 646 tans
1463 605 1654 645 Ecclesia.
1689 603 1933 656 Philosophi
1966 604 2100 644 multa
2129 604 2368 645 considera-
2400 609 2533 657 chffesia

1339 678 1495 718 verunt
1515 676 1565 717 de
1591 674 1684 717 Sole
1706 678 1887 725 aeterno3
1910 675 1982 716 sed
2003 675 2109 715 nihil
2139 675 2199 715 eis
2220 676 2366 727 valuit,
2390 651 2532 719 gauff-

2390 733 2534 770 umphan-

113 1124 211 1151 Virtus

71 1166 150 1200 quid.

226 752 436 806 judicium
468 766 477 792 ε
500 751 582 792 illis
603 753 742 792 auten]
769 750 1006 792 manifestat
1039 749 1265 790 consilium

230 835 372 864 suum.
396 822 451 864 De
472 822 840 864 Dominationibus
860 822 1005 874 signat
1034 820 1264 875 quamdam

230 894 522 935 excellentiam
554 894 600 935 in
638 894 821 948 quadam
847 893 1062 945 libertate,
1097 897 1137 935 et
1167 905 1266 934 cum

230 965 296 1006 his
316 966 460 1018 signat
476 965 705 1019 quamdam
733 965 1048 1019 praesidentiam
1072 968 1267 1019 respectu

231 1037 498 1088 animarum,
521 1041 562 1078 et
580 1050 669 1078 non
702 1037 937 1091 appetitum
966 1037 1126 1078 habent
1154 1037 1267 1078 inor-

230 1108 361 1150 dinati
392 1108 585 1150 dominii.
620 1108 860 1150 Virtutibus
894 1109 1010 1150 enim
1043 1109 1180 1150 virtus
1207 1112 1269 1150 est

229 1180 433 1221 ultimum
450 1181 501 1221 de
520 1182 726 1234 potentia,
743 1181 857 1223 unde
874 1194 959 1222 non
979 1181 1134 1222 dicitur
1154 1194 1269 1235 quae-

231 1264 416 1306 cumque
440 1252 624 1306 potentia
649 1253 808 1304 virtus,
842 1254 913 1294 sed
945 1265 1040 1307 quae
1074 1256 1136 1294 est
1166 1253 1264 1294 ulti-

233 1326 345 1365 mata
362 1339 371 1375 ;
393 1337 470 1366 nec
490 1336 774 1378 quaecumque
793 1337 860 1367 res
879 1325 1033 1368 dicitur
1054 1326 1266 1377 virtuosa,

234 1396 305 1436 sed
348 1408 447 1450 quae
492 1397 620 1437 habet
661 1398 934 1438 stabilitatem
968 1397 1013 1437 in
1046 1397 1264 1448 durando,

234 1468 524 1509 fortitudinem
557 1469 600 1508 in
636 1469 881 1510 resistendo.
920 1469 1024 1510 Item
1069 1469 1184 1522 quod
1217 1469 1271 1510 sit

231 1541 377 1591 fortis,
411 1553 635 1594 nunquam
673 1541 966 1594 subjicibiliter
996 1542 1263 1593 infirmetur,

231 1612 420 1665 quandiu
445 1612 554 1653 Deus
587 1612 681 1653 vult
711 1613 892 1653 influere
923 1613 969 1653 in
1000 1625 1123 1664 eam,
1156 1616 1196 1654 et
1225 1613 1270 1654 in

231 1683 422 1724 maxima
448 1684 676 1737 eJectIOne‚
701 1684 888 1737 recipere
918 1684 1268 1725 illuminationes,

234 1754 336 1796 Item
360 1788 373 1806 ,
415 1755 527 1809 quod
574 1756 730 1797 habeat
775 1756 1085 1798 sublimitatem
1110 1789 1120 1807 ,
1157 1757 1271 1810 quod

234 1838 400 1880 semper
419 1828 470 1868 ad
497 1827 641 1869 divina
671 1829 848 1869 feratur.
871 1828 926 1869 De
959 1829 1266 1880 Potestatibus,

235 1901 283 1939 ut
313 1898 661 1940 Dominationun]
683 1932 693 1950 ,
735 1900 947 1953 imperare
975 1915 984 1950 ;
1023 1899 1268 1952 Virtutum,

234 1971 458 2025 prosequi3
495 1972 757 2013 potestatum
780 2005 789 2023 ,
825 1972 1047 2023 ordinare,
1084 1975 1129 2013 ut
1159 1973 1269 2014 nibil

233 2042 286 2082 sit
305 2043 588 2094 contrarium,
611 2043 725 2085 unde
746 2043 846 2084 dicit
868 2043 958 2084 vim
981 2044 1267 2097 repulsivam;

232 2113 334 2155 item
353 2114 698 2169 Principatuum‚
720 2115 924 2156 deducere
942 2131 951 2166 ;
977 2116 1269 2169 Archangelo-

232 2197 354 2238 rum,
375 2187 565 2229 revelare
582 2202 592 2237 3
621 2187 899 2238 annuntiare,
921 2187 1203 2240 Angelorum.

566 2347 760 2393 SERMO
791 2347 935 2394 XXII.

234 2463 284 2498 De
299 2464 395 2498 statu
412 2464 578 2499 Ecclesz'ce
596 2464 809 2505 militantis,
832 2463 992 2509 qualiter
1011 2464 1052 2499 in
1072 2465 1148 2500 suis
1168 2465 1269 2499 ordi-

282 2522 386 2557 nibus
404 2525 454 2558 est
474 2523 665 2569 disposita.
684 2523 734 2558 Et
752 2533 913 2569 supernoe
932 2524 1158 2559 Hierusalem
1178 2534 1272 2559 com-

279 2584 451 2628 paratur.
1145 2577 1148 2580 ’

289 2694 301 2716 ¹
329 2694 509 2747 Siqnum
545 2704 748 2747 magnum
791 2695 997 2747 apparuit
1046 2695 1094 2736 in
1138 2695 1239 2737 coelo
1254 2728 1266 2747 ‚

235 2765 388 2808 mulier
407 2766 567 2808 amicta
586 2765 704 2816 Sole,
727 2767 804 2806 etc.
827 2764 993 2806 Dictum
1015 2768 1076 2807 est
1096 2766 1146 2807 de
1167 2778 1269 2807 con·

235 2837 486 2879 sideratione
508 2837 689 2879 coelestis
717 2836 998 2889 monarchiae,
1023 2850 1123 2890 quae
1143 2838 1269 2879 intel-

235 2909 386 2961 ligitur
406 2921 481 2962 pcr
497 2908 637 2951 lucem
655 2908 853 2959 solarem,
869 2909 917 2948 ut
936 2911 998 2949 est
1012 2907 1084 2950 Sol
1097 2909 1267 2962 vigens,

236 2978 431 3031 fulgenS‚
465 2979 630 3031 calens,
671 2979 910 3020 secundum
947 2979 1061 3032 quod
1094 2993 1270 3022 consur-

239 3052 351 3102 gunt
389 3050 434 3091 in
467 3051 612 3092 anima
645 3064 803 3093 novem
840 3051 1004 3093 lumina
1035 3053 1272 3094 secundum

236 3121 592 3163 considerationes
618 3122 773 3164 divinae
798 3122 1083 3174 excellentiae,
1115 3124 1272 3166 divinae

236 3192 487 3245 influentiae,
506 3193 661 3235 divinae
681 3194 981 3247 praesidentiae,
998 3198 1039 3236 et
1057 3196 1271 3249 quomodo

237 3263 415 3306 coelestis
443 3265 682 3306 hierarchia
713 3266 766 3307 ab
800 3265 873 3307 illo
905 3264 1000 3308 Sole
1034 3267 1273 3309 hierarchi-

236 3338 356 3378 zatur
369 3340 540 3391 propter
556 3337 895 3379 conformitatem
909 3338 962 3379 ad
977 3337 1133 3391 Solem,
1150 3352 1272 3394 prop-

238 3409 302 3448 ter
320 3407 639 3461 dispositionem
657 3409 916 3462 integritatis
934 3409 1188 3453 hierarchiae
1200 3444 1210 3463 ,
1232 3415 1274 3453 et

237 3481 407 3547 propter
431 3479 815 3523 multiformitatem
844 3483 1108 3535 aspectuum.
1132 3483 1274 3526 Restat

280 3562 326 3605 (a)
348 3563 432 3596 coet.
451 3564 530 3598 edit.
550 3564 783 3598 manifestans.

1339 749 1439 802 quia
1458 760 1544 788 non
1564 747 1644 788 fuit
1664 747 1786 788 Luna
1815 747 1896 787 sub
1915 746 2105 800 pedibus
2129 745 2246 788 Unde
2266 747 2371 788 sicut
2404 775 2411 798 ἰ
2432 794 2440 803 .

1339 819 1460 861 Luna
1479 822 1542 861 est
1564 819 1650 860 filia
1670 819 1777 860 Solis
1792 851 1804 870 ,
1827 822 1869 860 et
1887 819 2038 872 recipit
2063 819 2212 860 lumen
2232 819 2284 859 ab
2305 831 2369 870 eo,

1341 893 1536 933 similiter
1572 892 1760 933 militans
1787 891 1972 933 Ecclesia
2003 904 2028 932 a
2058 904 2243 945 superna
2270 891 2374 933 Hie-

1340 965 1542 1007 rusalem.
1559 964 1678 1005 Unde
1692 964 1793 1005 dicit
1808 976 1902 1005 eam
1918 963 2144 1017 Apostolus
2162 967 2176 988 ²
2193 966 2373 1005 matrem

1340 1039 1544 1084 nostram,
1564 1035 1665 1088 quia
1682 1038 1744 1076 est
1764 1038 1900 1077 mater
1920 1036 2256 1087 inssuentiarum,
2279 1036 2373 1090 qui-

1340 1108 1423 1149 bus
1451 1107 1660 1148 efficimur
1686 1107 1763 1148 filii
1795 1106 1880 1148 Dei.
1915 1107 2101 1148 Coelestis
2138 1107 2377 1148 hierarchia

1342 1182 1403 1221 est
1434 1179 1687 1220 illustrativa
1715 1178 1935 1219 militantis
1962 1178 2172 1220 Ecclesiae.
2207 1177 2378 1232 Oportet

1342 1265 1448 1305 ergo
1478 1252 1592 1306 quod
1617 1251 1797 1292 Ecclesia
1822 1251 2008 1291 militans
2030 1251 2184 1292 habeat
2209 1251 2378 1292 ordines

1343 1325 1720 1379 correspondentes
1740 1325 1990 1365 hierarchiae
2019 1323 2263 1364 illustranti.
2290 1323 2376 1364 Dis-

1342 1399 1606 1451 tinguuntur
1635 1401 1778 1438 autem
1809 1396 2027 1449 tripliciter
2058 1407 2067 1435 :
2106 1407 2193 1436 uno
2226 1396 2373 1446 modo,

1344 1470 1579 1511 secundum
1598 1469 1805 1510 rationem
1820 1480 2097 1522 processuum
2111 1482 2120 1517 3
2138 1467 2219 1508 alio
2234 1468 2373 1519 modO,

1344 1541 1580 1581 secundum
1602 1542 1812 1582 rationem
1842 1551 2121 1589 ascensuum3
2143 1538 2266 1579 tertio
2285 1551 2378 1579 mo-

1345 1613 1413 1662 do,
1442 1612 1676 1653 secundum
1700 1611 1911 1652 rationem
1939 1610 2258 1652 exercitiorum.
2286 1610 2379 1651 Pri-

1345 1695 1415 1724 mo
1447 1695 1554 1735 ergo
1585 1683 1822 1723 secundum
1845 1682 2055 1723 rationem
2085 1693 2376 1734 processuum,

1345 1755 1448 1808 quia
1477 1755 1522 1795 in
1549 1757 1738 1807 tempore
1768 1753 1957 1794 nascitur
1985 1756 2025 1794 et
2052 1753 2261 1806 procedit,
2293 1765 2380 1794 non

1346 1826 1455 1868 sicut
1474 1827 1631 1879 angeli,
1657 1827 1731 1880 qui
1751 1826 1891 1867 subito
1912 1825 2039 1866 creati
2060 1828 2173 1876 sunt,
2197 1828 2237 1866 et
2252 1825 2381 1866 simul

1345 1899 1518 1939 firinati.
1535 1898 1653 1939 Sicut
1670 1898 1785 1939 enim
1809 1897 1930 1938 Luna
1945 1897 2041 1950 plus
2060 1900 2102 1938 et
2120 1898 2214 1950 plus
2234 1897 2382 1950 recipit

1345 1971 1494 2011 lumen
1513 1983 1538 2010 a
1558 1969 1651 2011 Sole
1665 2002 1677 2020 ‚
1706 1982 1930 2022 quousque
1949 1969 2093 2010 veniat
2121 1970 2173 2009 ad
2195 1969 2378 2022 comple-

1346 2046 1555 2093 mentum,
1579 2043 1638 2083 sic
1658 2041 1855 2082 Ecclesia.
1880 2040 2014 2081 Habet
2033 2053 2139 2093 ergo
2158 2043 2245 2082 tres
2266 2041 2378 2082 ordi-

1345 2127 1440 2166 nes,
1464 2115 1623 2155 scilicet
1642 2112 1984 2154 fundamentales
1997 2144 2006 2161 ‚
2029 2113 2104 2165 qui
2123 2112 2380 2164 respondent

1346 2199 1558 2240 supremae
1607 2184 1885 2235 hierarchiae3
1937 2187 2256 2238 promoventes,
2307 2184 2381 2238 qui

1345 2260 1600 2313 respondent
1620 2258 1796 2307 mediae;
1819 2260 2177 2308 consummantes,
2195 2257 2270 2311 qui
2289 2268 2379 2297 res-

1346 2330 1532 2384 pondent
1560 2331 1736 2370 infimae.
1772 2329 2128 2372 Fundamentales
2159 2341 2264 2381 ergo
2293 2340 2380 2369 res-

1347 2403 1533 2455 pondent
1580 2413 1814 2456 supremae,
1859 2402 1960 2456 quia
2008 2402 2053 2442 in
2091 2400 2383 2454 spiritualibus

1345 2476 1623 2517 fundamenta
1641 2478 1742 2516 sunt
1772 2475 1991 2516 altissima.
2022 2474 2035 2515 Ι
2043 2487 2069 2515 n
2094 2473 2384 2527 corporalibus

1347 2559 1464 2598 vcro,
1487 2547 1587 2600 quia
1605 2560 1672 2587 res
1695 2547 1954 2588 descendunt
1973 2547 2026 2587 ad
2049 2546 2265 2595 infimum,
2289 2545 2382 2585 ideo

1347 2619 1673 2660 fundamentum
1708 2621 1771 2660 est
1800 2619 2014 2659 intimum.
2050 2617 2132 2658 Sed
2169 2617 2211 2657 in
2250 2616 2383 2670 spiri-

1345 2690 1532 2731 tualibus
1548 2690 1874 2731 fundamentum
1894 2692 1956 2730 est
1972 2701 2224 2742 supremum
2240 2704 2249 2739 ;
2268 2688 2383 2730 unde

1346 2765 1386 2803 et
1415 2762 1545 2803 homo
1576 2762 1703 2803 habet
1733 2765 1859 2815 caput
1897 2764 2085 2803 erectum
2111 2761 2164 2802 ad
2199 2760 2380 2812 coelum,

1347 2835 1460 2888 quod
1479 2837 1541 2875 est
1562 2834 1669 2875 sicut
1686 2834 1824 2875 radix.
1846 2833 1965 2875 Unde
1984 2835 2092 2875 sicut
2119 2833 2133 2855 ³
2158 2833 2383 2874 arboribus

1346 2918 1421 2960 per
1451 2906 1635 2948 radicem
1668 2909 1730 2948 est
1762 2906 1992 2957 derivatio,
2027 2908 2067 2946 ct
2097 2905 2290 2946 attractio
2330 2904 2383 2945 ad

1346 2990 1503 3030 ramos,
1522 2978 1581 3019 sic
1600 2978 1644 3018 in
1665 2978 1853 3029 homine,
1877 2978 2086 3032 quidquid
2105 2979 2169 3018 est
2185 2977 2229 3018 in
2248 2977 2384 3018 homi-

1347 3063 1416 3100 ne,
1438 3050 1656 3091 derivatur
1675 3062 1700 3090 a
1719 3050 1869 3103 capite,
1890 3050 1987 3091 licet
2007 3049 2121 3091 aliud
2137 3049 2382 3090 membrum

1347 3121 1401 3162 sit
1423 3120 1721 3174 principalius,
1750 3124 1798 3161 ut
1828 3133 1899 3162 cor
1933 3121 2168 3162 secundum
2196 3118 2384 3160 Philoso-

1348 3194 1498 3247 phum.
1523 3192 1712 3234 Christus
1730 3197 1888 3244 autem,
1913 3193 1987 3246 qui
2011 3195 2073 3234 est
2093 3194 2233 3245 caput,
2257 3191 2385 3232 habet

1346 3265 1488 3307 locum
1517 3277 1766 3318 supremum
1786 3264 1829 3305 in
1852 3264 2107 3305 hierarchia.
2142 3262 2252 3304 Sunt
2278 3274 2383 3315 ergo

1346 3339 1431 3378 tres
1453 3335 1624 3378 ordines
1651 3350 1660 3376 :
1688 3335 2049 3385 fundamentales,
2079 3334 2384 3387 respondentes

1348 3408 1460 3450 Patri
1477 3420 1490 3461 ;
1511 3410 1811 3462 promoventes
1827 3438 1838 3457 ,
1862 3405 1967 3448 Filio
1985 3419 1994 3458 ;
2018 3408 2380 3457 consummantes,

1391 3518 1399 3538 ¹
1416 3517 1529 3558 Apoc„
1546 3523 1608 3556 xit,
1628 3517 1654 3546 1.
1670 3532 1709 3538 —
1727 3514 1740 3535 2
1755 3513 1845 3554 Gal.,
1865 3521 1912 3555 lv,
1931 3514 2028 3546 26.-
2046 3513 2058 3533 ³
2080 3513 2193 3555 Arist.,
2212 3513 2252 3545 de
2266 3513 2382 3545 Somn-

1348 3566 1379 3597 εἰ
1404 3562 1519 3605 Viqz'l.,
1538 3571 1568 3596 c.
1593 3569 1644 3594 111.
