2633 3878
90 1338 227 1366 Menam

86 1382 162 1418 juris
187 1392 228 1410 rc-

89 1426 138 1460 gul
149 1436 176 1452 r.

247 248 325 286 446

246 332 366 370 ritatis
385 328 537 375 legibus
557 327 782 375 peccatores
802 324 945 360 debeat
959 322 1137 369 judicare
1156 334 1163 357 :
1184 323 1274 356 tunc

247 392 385 440 agnitis
415 390 488 427 tuis
519 387 689 433 meritis,
721 389 757 423 et
786 385 912 434 poenis
946 383 1104 428 debitis,
1141 392 1275 430 posses

247 455 478 494 deliberare,
501 450 611 498 quod
641 449 806 485 deberes
832 445 1100 495 poenitcntiam
1130 443 1274 479 saluta-

245 527 329 553 rem
349 513 494 551 meritis
514 513 590 548 tuis
603 511 795 559 imparem
811 507 1080 556 aequanimiter
1094 505 1273 541 tolerare.

247 580 297 614 De
320 576 429 614 tertio
450 574 631 611 scribitur
646 584 668 609 a
690 569 996 617 psalmographo
1018 570 1026 591 ¹
1053 579 1061 603 :
1088 582 1105 600 «
1126 569 1275 609 Beatus,

247 639 314 687 qui
353 636 533 682 intelligit
565 646 682 682 super
715 643 882 680 egenum
919 634 955 667 et
983 640 1220 677 pauperem;
1255 642 1271 660 η

247 700 358 749 quasi
379 699 481 736 dicat
504 710 511 734 :
535 700 690 734 Beatam
709 697 862 743 partem
889 692 1007 739 eligit,
1024 691 1096 749 aqui
1116 702 1185 738 per
1205 689 1275 726 mi-

247 762 466 799 sericordia?
485 761 634 806 legem,
657 768 778 805 quam
798 755 958 792 interius
977 753 1088 800 legit,
1111 752 1277 789 exterius

247 836 287 861 se
308 824 435 869 dirigit
456 832 574 868 super
595 829 763 867 egenum
784 820 820 854 et
844 826 1074 864 pauperem,
1103 825 1182 850 non
1211 825 1275 849 sn-

246 897 316 934 per
341 885 502 933 plenum
523 886 559 919 et
580 882 757 919 uberem.

576 986 767 1022 Artz'cnlus
795 985 935 1019 tertius.

294 1071 461 1108 Tertium
484 1069 708 1113 intenditur,
732 1077 821 1103 eum
848 1065 1028 1109 inscrtur3
1060 1063 1153 1105 Quia
1180 1072 1279 1097 man-

248 1137 334 1170 ‹Iv'tlrt
357 1138 431 1169 tua.
456 1136 537 1169 llaec
559 1135 648 1168 sunt
669 1132 758 1177 J‘ura
778 1128 928 1165 coelitus
954 1125 1108 1170 tradita,
1132 1123 1276 1160 divini-

246 1200 307 1233 tus
327 1196 507 1238 diffinita.
530 1194 635 1230 velut
653 1190 982 1240 supermundanae
999 1187 1144 1235 regula³
1166 1197 1278 1233 regu-

247 1258 375 1295 landis
394 1255 577 1293 humanis
598 1255 749 1291 actibus
767 1253 973 1299 deputatae.
996 1253 1037 1286 Et
1056 1252 1149 1286 nota
1178 1249 1279 1285 circa

247 1319 433 1357 mandata
448 1346 458 1362 ,
491 1317 600 1365 quod
629 1317 814 1352 dicuntur
831 1314 929 1361 juris
949 1312 1094 1358 regulae
1119 1314 1279 1359 propter

248 1383 319 1419 tria
338 1395 345 1418 :
365 1381 458 1429 quia
472 1382 560 1415 sunt
581 1377 825 1426 sapientialia
845 1376 1095 1421 documenta,
1113 1373 1280 1410 moralia

247 1444 523 1486 fundamenta,
555 1439 793 1477 universalia
822 1438 1055 1484 ligamenta,
1090 1436 1279 1484 quoniam

249 1517 385 1544 omnes
406 1504 650 1548 illuminant,
673 1512 809 1539 omnes
834 1500 1051 1545 redimant,
1074 1509 1212 1535 omncs
1232 1498 1279 1534 li-

250 1572 354 1616 gant.
378 1570 427 1604 De
446 1567 574 1615 primo
592 1568 604 1588 Ξ
628 1578 638 1601 .·
659 1566 791 1601 «Fons
812 1562 1011 1610 sapientiae
1030 1561 1198 1598 verbum
1215 1560 1280 1597 Dei

250 1632 289 1668 in
310 1630 491 1675 excelsis.
527 1631 565 1665 et
593 1628 790 1674 ingressus
818 1625 923 1661 illius
954 1623 1142 1660 mandata
1170 1624 1280 1658 aeter-

250 1704 301 1730 na
329 1706 336 1729 :
360 1707 376 1726 n
401 1702 489 1729 eece
522 1690 728 1734 mandata,
759 1686 1003 1735 sapientialia
1029 1686 1278 1722 documenta.

250 1758 300 1792 De
321 1753 495 1792 secundo
516 1754 529 1775 ³
552 1765 560 1789 ε
589 1767 605 1785 «
625 1750 896 1789 Fundamenta
915 1751 1061 1785 aeterna
1081 1757 1197 1794 super
1216 1756 1281 1794 pe-

250 1821 349 1854 tram
370 1815 554 1860 solidam,
576 1816 613 1851 et
627 1812 814 1849 mandata
831 1811 896 1848 Dei
916 1811 956 1846 in
970 1809 1087 1846 corde
1107 1806 1282 1844 mulieris

250 1881 391 1916 sanetae
412 1891 420 1915 ε
443 1892 460 1912 »
486 1888 573 1913 eece
602 1875 803 1920 mandata,
826 1872 993 1910 moralia
1012 1871 1280 1907 fundamenta.

253 1943 301 1977 De
324 1941 434 1978 tertio
453 1941 465 1962 '⁴
489 1953 497 1976 ε
530 1954 546 1973 «
573 1942 693 1976 Deum
713 1938 821 1980 time,
848 1939 883 1971 et
908 1933 1094 1971 mandata
1114 1933 1196 1979 ejus
1216 1931 1284 1967 ol)-

251 2014 384 2049 serva3
405 2002 481 2039 hoe
502 2004 557 2038 est
587 2000 716 2037 omnis
744 1999 866 2035 homo
896 2009 903 2033 ε
932 2010 949 2031 »
980 2006 1068 2032 ecce
1096 1993 1283 2031 mandata

251 2064 494 2102 universalia
513 2063 738 2110 ligamenta.

577 2167 766 2203 Articulus
792 2168 955 2211 quartus.

301 2255 488 2298 Quartum
507 2249 766 2294 subtenditur,
785 2259 874 2284 cum
895 2244 1135 2282 subnectitur
1154 2256 1161 2279 ;
1187 2245 1286 2287 Qmoe-

254 2318 346 2362 εῖτ-ῖς
369 2314 480 2362 quasi
508 2313 611 2348 dicat
633 2324 640 2347 :
672 2309 851 2347 Mandata
878 2312 941 2344 tua
957 2338 967 2353 ,
989 2310 1176 2353 tanquam
1196 2306 1287 2351 jura

255 2375 575 2425 supermundana
590 2401 601 2419 ,
625 2371 813 2420 qutesivi3
835 2381 907 2406 nec
935 2369 1076 2405 frustra
1101 2367 1285 2415 quaesivi,

257 2439 444 2487 quoniam
465 2437 514 2473 ad
532 2435 734 2473 mundana
748 2432 955 2479 dirigenda
974 2430 1135 2478 quaesivi
1153 2442 1161 2467 :
1179 2430 1286 2477 quod

257 2506 386 2539 tamen
407 2509 589 2547 expresse
610 2508 690 2534 non
716 2495 856 2543 inquit,
877 2493 946 2530 sed
966 2493 1082 2529 nobis
1109 2502 1287 2540 quaeren-

258 2564 353 2600 dum
378 2561 575 2609 relinquit.
608 2562 736 2596 Restat
770 2567 886 2603 ergo,
915 2558 958 2592 ut
990 2565 1210 2603 quaeramus
1237 2553 1288 2590 ad

261 2626 357 2674 quid
390 2625 478 2671 Jura
513 2621 681 2659 coelestia
716 2629 888 2668 quaerere
925 2618 1153 2654 debeamus.
1189 2618 1287 2653 Sane

257 2689 347 2734 Jura
368 2686 503 2723 divina
531 2685 722 2722 debemus
754 2691 926 2729 quaerere
958 2679 1009 2716 ad
1039 2678 1287 2725 dirigendum

259 2752 424 2786 tentatos
443 2749 479 2784 in
503 2746 611 2783 omni
640 2743 863 2782 tentationis
882 2752 1023 2789 genere
1037 2769 1049 2786 ,
1069 2741 1145 2777 hoc
1175 2743 1230 2776 est
1249 2740 1288 2776 in

259 2810 386 2847 hostili
407 2807 654 2856 suggestione
668 2835 679 2852 ,
702 2806 741 2842 in
763 2804 931 2841 sensuali
959 2803 1202 2850 surreptione
1217 2831 1227 2849 ,
1250 2802 1290 2837 in

259 2871 441 2909 rationali
479 2869 736 2907 consensione
771 2880 778 2903 :
819 2865 1010 2914 quoniam
1040 2864 1290 2901 hostilitatem

261 2936 486 2978 conterunt,
507 2931 796 2968 sensualitatem
821 2930 1095 2975 compescunt,
1116 2926 1290 2963 rationa-

259 2997 406 3034 litatem
425 2994 630 3031 reducunt.
647 2994 696 3027 De
715 2990 843 3038 primo
857 2990 870 3010 5
893 3002 900 3025 :
929 3002 945 3022 α
962 2991 1003 3025 ln
1016 2988 1085 3024 illa
1105 2987 1168 3024 die
1188 2998 1293 3035 quae-

260 3069 345 3095 ram
363 3059 561 3094 conterere
582 3063 719 3090 omnes
739 3053 887 3098 gentes,
903 3062 991 3098 quae
1017 3050 1179 3087 veniunt
1198 3061 1290 3087 con-

262 3124 318 3157 tra
336 3118 565 3163 Jerusalem,
587 3130 605 3150 n
630 3114 742 3162 quasi
770 3113 875 3149 dicat
895 3124 902 3148 :
926 3114 966 3148 In
987 3112 1050 3148 die
1069 3111 1292 3148 tentationis

262 3191 434 3229 quaeram
456 3181 669 3222 conterere,
686 3173 950 3212 mediantibus
965 3173 1119 3219 legibus
1134 3173 1289 3216 divinis,

263 3254 398 3280 omnes
416 3242 547 3278 hostes
567 3237 726 3286 gentilia
746 3238 1013 3283 suggerentes,
1033 3237 1168 3271 contra
1186 3237 1293 3271 Jeru-

262 3305 397 3351 salem,
417 3304 459 3341 id
476 3305 546 3348 est,
569 3302 740 3338 mentem
759 3297 968 3346 pacificam
986 3296 1186 3334 venientes
1208 3308 1216 3332 :
1238 3296 1292 3332 sic

263 3368 448 3404 Dominus
466 3364 557 3402 feeit
582 3363 624 3400 in
644 3362 708 3400 die
737 3359 958 3398 tentationis
977 3369 1057 3395 suae
1076 3360 1106 3404 ⁶,
1125 3359 1194 3406 qui
1223 3368 1294 3406 per

308 3497 421 3530 ¹Psal.
440 3505 500 3538 ιι,
517 3498 547 3528 2.
567 3511 608 3520 —
627 3495 638 3513 ²
654 3492 772 3532 Eccli„
798 3501 823 3533 1,
848 3495 879 3524 ὅ.
898 3509 936 3515 —-
956 3493 967 3510 ³
987 3490 1104 3532 Eccli.,
1125 3498 1220 3530 xxv1,
1240 3492 1294 3522 24.

942 230 1216 274 EXPoStho
1247 229 1299 271 lN
1331 229 1679 271 PSAmERluM.

1350 319 1447 366 legis
1468 319 1745 365 allegationem
1764 317 1944 354 contrivit
1960 317 2142 355 hostilem
2159 319 2373 365 suggestio-

1350 391 1455 417 nem.
1473 383 1521 417 De
1535 379 1709 417 secundo
1726 381 1739 402 ⁷
1756 391 1764 416 :
1784 379 1977 423 «Quaerite
1993 389 2133 427 pacem
2148 379 2311 416 civitatis
2326 381 2377 417 ad

1351 454 1471 491 quam
1491 442 1766 489 transmigrare
1782 454 1852 479 vos
1872 442 1958 489 feci,
1978 445 2013 480 ct
2032 445 2138 480 orate
2151 453 2224 490 pro
2245 452 2290 479 ea
2304 445 2374 480 Do-

1350 506 1525 550 minum,
1549 505 1642 552 quia
1661 505 1700 540 in
1728 515 1822 551 pace
1849 504 1952 542 illius
1985 505 2056 541 erit
2085 514 2161 552 pax
2188 506 2327 540 vestra.
2358 517 2375 538 n

1351 567 1453 603 Sicut
1474 566 1642 611 legimus
1676 565 1967 611 transmigrasse
1990 565 2170 602 lsraelem
2191 576 2214 602 a
2231 567 2382 602 Jerusa-

1350 628 1427 666 lem
1440 629 1478 664 in
1493 627 1754 674 Babylonenn
1770 627 1823 662 sic
1839 627 2093 674 intelligimus
2107 628 2381 675 transmigrare

1352 691 1525 726 animam
1553 689 1714 725 fidelem
1745 699 1767 725 a
1795 688 2054 726 rationalitate
2081 690 2121 726 in
2151 689 2380 727 sensualita-

1351 755 1441 796 tem,
1463 762 1531 788 seu
1552 750 1602 787 ab
1624 750 1796 798 appetitu
1814 750 1994 787 rationali
2008 751 2048 787 in
2062 753 2277 799 appetitum
2296 762 2382 788 sen-

1351 813 1504 849 sibilem
1516 826 1527 857 ,·
1549 824 1636 860 quse
1659 812 1946 859 transmigratio
1966 813 2009 849 fit
2028 813 2180 850 occulto
2200 813 2265 850 Dei
2277 813 2382 861 judi-

1352 876 1411 912 cio
1425 889 1435 922 3
1456 886 1526 912 nec
1554 875 1745 922 dubium,
1767 875 1864 922 quin
1884 877 1974 912 tunc
2003 878 2182 924 oporteat
2209 886 2382 924 quaerere

1347 939 1411 985 Jus
1433 938 1627 983 divinum,
1649 939 1686 974 et
1706 948 1868 975 exorare
1891 937 2098 974 Dominum
2112 949 2185 986 pro
2198 949 2295 986 pace
2314 938 2383 975 ba-

1351 999 1548 1047 bylonicas
1568 999 1746 1043 civitatis,
1767 999 1847 1035 sive
1868 999 2070 1036 sedatione
2090 1000 2348 1038 sensualitatis
2371 1014 2379 1038 :

1352 1061 1543 1108 quoniam
1564 1061 1603 1097 in
1624 1060 1903 1108 tranquillitate
1928 1061 2185 1099 sensualitatis
2205 1064 2260 1099 est
2279 1065 2382 1099 tran-

1353 1123 1524 1170 quillitas
1559 1122 1802 1159 rationabilis
1835 1123 2061 1160 voluntatis.
2097 1126 2146 1160 De
2179 1124 2288 1161 tertio
2322 1126 2336 1147 ⁸
2372 1137 2380 1162 ε

1357 1200 1374 1220 «
1393 1186 1615 1222 Scrutemur
1634 1184 1716 1221 vias
1742 1187 1917 1231 nostras,
1939 1188 1976 1222 et
2002 1197 2246 1233 quaeramuS,
2269 1187 2306 1224 et
2324 1197 2384 1223 re-

1352 1250 1551 1284 vertamur
1570 1246 1621 1283 ad
1638 1246 1868 1294 Dominum3
1890 1261 1908 1281 »
1930 1258 1975 1284 ac
1995 1248 2027 1284 si
2048 1248 2199 1285 dicatur
2219 1251 2350 1296 aperte
2373 1262 2382 1286 :

1353 1311 1575 1346 Scrutemur
1607 1309 1692 1346 vias
1726 1311 1880 1346 nostras
1893 1339 1904 1356 ,
1936 1310 2080 1347 scilicet
2109 1311 2386 1348 consensiones

1354 1383 1549 1418 erroneas,
1570 1383 1640 1420 per
1661 1382 1759 1420 quas
1780 1372 2026 1409 deviavimus
2041 1383 2065 1408 a
2084 1371 2332 1420 viajustitiae3
2349 1375 2387 1410 et

1354 1445 1593 1481 qua-aramus
1611 1434 1756 1471 scilicet
1771 1434 1834 1479 jus
1855 1434 2022 1479 coeleste,
2045 1433 2156 1481 quod
2179 1436 2234 1470 est
2251 1434 2386 1482 prohi-

1353 1496 1519 1532 biuvum
1542 1495 1683 1543 culpae,
1707 1499 1744 1533 et
1763 1495 2088 1533 comminativum
2107 1506 2252 1544 poenae3
2274 1498 2312 1533 et
2329 1506 2387 1533 re-

1353 1561 1552 1595 vertamur
1574 1557 1625 1595 ad
1652 1558 1860 1595 Dominum
1895 1569 1967 1606 per
1999 1558 2105 1595 vlam
2136 1557 2382 1606 poenitentiae.

1787 1665 1959 1707 Epilogus.

1404 1745 1539 1793 Liquet
1560 1755 1653 1792 ergo
1675 1744 1885 1792 spiritualis
1905 1743 2067 1781 intentio
2093 1743 2133 1781 in
2157 1755 2273 1781 versu
2291 1755 2386 1792 pro-

1356 1808 1503 1855 posito,
1530 1807 1583 1843 sic
1604 1807 1773 1843 dicendo
1790 1819 1800 1853 3
1822 1807 1935 1853 Super
1952 1817 2066 1850 senes,
2088 1805 2130 1842 id
2151 1809 2228 1853 est,
2257 1807 2386 1844 consi-

1356 1869 1489 1906 liarios
1525 1869 1725 1914 seniores,
1747 1869 1884 1917 quales
1916 1872 2005 1905 sunt
2033 1869 2254 1916 naturales3
2277 1871 2386 1907 Intel-

1357 1934 1450 1974 Ierz',
1486 1932 1620 1968 radios
1653 1931 1834 1977 altiores,
1868 1931 1965 1967 sicut
1997 1930 2144 1967 faciunt
2176 1931 2387 1968 consiliarii

1357 1993 1577 2040 spirituales
1589 2006 1599 2040 3
1622 1994 1717 2036 Quia
1736 1993 1909 2029 mandata
1931 1996 2009 2038 tua,
2031 1995 2220 2041 tanquam
2240 1992 2386 2030 diffini-

1358 2057 1481 2094 tiones
1501 2056 1673 2092 eoelestes
1685 2068 1695 2102 3
1716 2057 1888 2102 Quaesa've’,
1910 2055 2064 2103 supple,
2080 2057 2241 2103 propter
2259 2055 2386 2092 direc-

1358 2119 1482 2155 tiones
1503 2120 1711 2155 terrestres,

1732 2261 1945 2289 vERSlCULUS
1970 2262 2006 2287 V.

1409 2370 1486 2404 ι101.
1511 2368 1567 2403 Ab
1583 2369 1679 2403 omni
1698 2369 1760 2402 via
1776 2368 1884 2411 mela,
1904 2368 1975 2403 etc.
1999 2368 2068 2403 Per
2095 2367 2289 2404 charitatis
2312 2368 2387 2405 fer-

1359 2440 1497 2466 vorem
1522 2428 1776 2474 intelligentia
1809 2428 2012 2474 dilatatur,
2041 2428 2138 2465 sieut
2165 2430 2389 2476 praecedens

1361 2491 1632 2539 quaternarius
1649 2491 1880 2536 testabatur3
1900 2491 2175 2542 perueumdem
2195 2492 2391 2529 conscien-

1362 2553 1413 2590 tia
1433 2556 1648 2597 serenatur,
1671 2552 1768 2588 sicut
1795 2562 1965 2599 praesens
1995 2555 2153 2590 testatur
2182 2565 2190 2590 :
2220 2553 2314 2602 quia
2333 2554 2391 2591 ni-

1361 2615 1505 2651 mirum
1526 2614 1692 2650 charitas
1709 2613 1861 2650 fervida
1877 2613 1968 2651 facit
1982 2614 2167 2652 vitiorum
2185 2615 2390 2653 utilitatem

1360 2677 1489 2722 vitari,
1506 2676 1688 2713 virtutum
1708 2675 1969 2712 amoenitatem
1988 2677 2125 2723 amari,
2136 2677 2391 2725 praemiorum

1363 2739 1615 2775 dulcedinem
1636 2737 1880 2785 praegustari,
1899 2739 2185 2787 suppliciorum
2203 2739 2390 2785 ,formidi-

1362 2811 1453 2836 nem
1484 2799 1681 2836 exsufflari
1713 2812 1721 2836 :
1756 2811 1803 2836 ex
1832 2800 1977 2848 quibus
2001 2803 2106 2848 patet
2132 2800 2219 2838 luce
2250 2801 2392 2838 clarius

1363 2862 1642 2899 conscientiam
1674 2861 1858 2898 serenari.
1889 2863 1976 2899 Haec
2009 2862 2204 2909 gradatim
2237 2851 2406 2901 situavit>

1363 2925 1692 2972 Psalmographus
1710 2924 1751 2960 in
1769 2926 1939 2972 quatuor
1958 2925 2095 2962 vicinis
2110 2925 2299 2964 versibus.
2318 2925 2393 2963 Pri-

1363 2998 1451 3024 mus
1471 2987 1601 3034 itiquc:
1632 2997 1767 3024 versus
1787 2986 1838 3023 ad
1857 2986 2030 3034 primum
2049 2987 2258 3025 articulum
2286 2998 2393 3037 spec-

1363 3052 1418 3086 tat
1428 3062 1438 3095 3
1467 3049 1572 3085 unde
1602 3048 1852 3096 quadruplex
1883 3049 2150 3096 spectaculum
2179 3060 2394 3098 repraesen-

1365 3113 1419 3147 tat
1440 3123 1447 3147 ε
1472 3110 1653 3147 videlieet
1677 3109 1782 3146 viam
1809 3109 2036 3158 iniquitatis,
2056 3111 2178 3158 pedes
2206 3111 2395 3149 sensuali-

1366 3173 1476 3217 tatis,
1499 3171 1719 3208 custodiam
1739 3171 1950 3208 voluntatis
1964 3199 1976 3218 ,
1997 3175 2034 3209 et
2061 3173 2184 3210 verba
2208 3173 2390 3211 veritatis.

1365 3234 1433 3271 Yia
1451 3234 1694 3282 vituperatur
1700 3246 1711 3280 3
1730 3233 1959 3271 sensualitas
1978 3237 2215 3282 temperatur
2224 3248 2235 3282 3
2255 3234 2394 3272 volun-

1366 3299 1422 3334 tas
1441 3298 1649 3343 reseratur,
1662 3299 1705 3333 ut
1724 3296 1866 3333 veritas
1886 3295 2085 3334 inferatur.

1366 3412 1405 3418 —
1430 3395 1444 3418 ὕ
1466 3394 1590 3435 Εοσῖε.,
1618 3402 1685 3436 x11,
1710 3395 1760 3425 13.
1780 3410 1820 3417 --
1847 3394 1860 3416 ⁵
1879 3393 1992 3431 Zaclt„
2014 3402 2080 3434 xii,
2106 3396 2136 3426 9.
2162 3411 2203 3417 —
2228 3394 2240 3413 θ
2260 3394 2392 3436 Mami„

1367 3450 1412 3482 iv,
1443 3445 1474 3483 4,
1501 3445 1532 3483 6,
1563 3444 1595 3483 7,
1630 3444 1680 3474 10.
1707 3458 1746 3464 -
1779 3442 1788 3460 ⁷
1815 3441 1948 3480 Jerem.,
1973 3449 2075 3482 xxix,
2101 3442 2130 3474 7.
2158 3459 2198 3465 —
2225 3441 2238 3463 ⁸
2264 3441 2393 3484 Thren„

1367 3498 1418 3530 ιιι,
1440 3492 1490 3522 40.
