2633 3878
185 2562 279 2585 Causa

146 2601 271 2634 quadru-

141 2638 217 2673 plex.

305 273 380 311 512

304 361 358 394 est
378 368 447 405 per
474 357 675 394 hominem
707 357 940 394 exteriorem
970 359 1246 405 prtenuntiata,
1281 358 1331 395 ab

303 419 482 455 exteriori
513 419 564 455 ad
592 418 815 455 interiorem
851 419 1046 463 nuntiata,
1076 430 1145 467 per
1173 420 1331 456 interio-

301 491 384 516 rem
404 480 614 516 enuntiata.
646 483 694 516 lle
724 481 852 528 primo
887 483 895 504 ¹
933 494 941 517 :
980 498 995 515 u
1027 485 1087 518 Est
1107 483 1173 529 qui
1195 482 1333 519 emittit

303 541 467 578 verbum
488 545 633 578 certum
655 553 841 578 enarrans
862 543 1062 579 veritatem
1085 556 1093 579 :
1114 558 1129 575 »
1155 554 1242 580 ecee
1264 555 1328 580 vc-

300 603 391 639 ritas
411 614 481 650 per
509 604 740 640 exteriorem
760 604 962 640 hominem
992 605 1254 651 pronuntiata.
1280 607 1328 642 De

302 664 474 700 seeundo
495 666 507 685 ²
530 677 538 701 :
565 680 580 698 α
602 665 747 701 Sensati
770 665 808 700 in
830 665 973 710 verbis,
993 669 1029 702 et
1048 666 1120 713 ipsi
1133 666 1328 714 sapienter

301 729 475 771 egerunt,
498 730 533 763 et
553 726 825 763 intellexerunt
851 727 1053 764 veritatem
1075 740 1083 764 :
1107 743 1123 759 n
1143 739 1230 765 ecce
1258 739 1327 764 ve—

299 789 390 824 ritas
419 789 470 824 al)
500 789 682 825 exteriori
707 789 866 827 homine
888 790 938 826 ad
959 790 1183 828 interiorem
1203 792 1328 828 homi·

299 860 389 885 nem
410 851 597 886 nuntiata.
629 852 676 887 De
699 852 808 888 tertio
840 852 1041 889 cauitur³:
1067 854 1169 897 «Qui
1201 853 1328 900 loqui-

300 914 359 947 tur
374 912 576 948 veritatem
602 912 641 948 in
668 912 786 949 corde
807 924 877 950 suo
901 926 909 949 ε
931 928 946 947 »
972 925 1060 950 ecee
1094 915 1237 951 veritas
1259 925 1328 961 per

299 974 500 1012 hominem
521 975 745 1013 interiorem
765 977 976 1014 enuntiata.

730 1085 902 1126 Epilogus.

346 1162 588 1199 Manifestans
609 1174 702 1210 ergo
733 1164 923 1211 Propheta
944 1164 1051 1200 illam
1073 1165 1221 1202 vocalis
1240 1175 1328 1201 ora-

300 1224 413 1260 tionis
433 1224 629 1270 virtutem,
652 1234 732 1271 qua
762 1225 900 1262 doctor
920 1227 1098 1273 superior
1116 1237 1186 1273 per
1204 1227 1328 1263 homi-

299 1297 387 1322 nem
408 1288 639 1323 exteriorem
660 1288 880 1334 ingreditur
910 1289 961 1324 ad
990 1289 1225 1335 interiorem,
1247 1289 1298 1325 ait
1319 1301 1326 1325 :

301 1350 366 1390 Tu,
385 1350 542 1393 Immune,
564 1351 753 1396 quantum
767 1349 817 1385 ad
840 1350 1044 1387 doctorem
1068 1351 1328 1398 superiorem,

299 1410 365 1456 qui
387 1410 617 1456 ingreditur3
635 1413 749 1457 Prope
773 1422 821 1457 ες,
843 1416 1034 1459 quantum
1054 1413 1104 1449 ad
1125 1413 1328 1449 hominem

299 1472 541 1517 interiorem,
561 1473 611 1508 ad
633 1484 751 1520 quem
778 1473 1015 1520 ingreditur3
1044 1476 1091 1509 Et
1117 1485 1233 1511 omnes
1261 1477 1330 1511 vice

300 1539 381 1579 tzur,
402 1535 440 1570 id
461 1538 529 1579 est,
552 1545 668 1571 voces
680 1535 955 1582 pronuntiatae,
977 1539 1169 1583 quantum
1189 1537 1239 1573 ad
1259 1537 1329 1573 ho-

300 1597 445 1632 minem
465 1597 710 1642 exteriorem,
734 1607 804 1643 per
822 1608 940 1644 quem
963 1597 1198 1644 ingreditur3
1225 1600 1327 1634 Vert-

301 1665 371 1703 tus,
393 1659 430 1695 id
452 1663 527 1704 cst,
547 1661 634 1696 sunt
660 1659 801 1696 veritas
830 1661 1025 1704 nuntiata,
1059 1670 1149 1696 cum
1171 1671 1270 1708 qua,
1293 1665 1329 1697 et

300 1720 339 1755 in
361 1731 439 1767 qua
458 1721 686 1767 ingreditur.

651 1869 867 1896 VERSICL'LUS
891 1870 968 1895 vm.

347 1974 426 2009 1:³2.
442 1972 756 2017 111‹·t1·0c09n0m·‹le
773 1973 983 2007 testimoniis
1000 1974 1087 2017 tuis,
1103 1975 1173 2008 etc.
1187 1971 1326 2008 Audito

300 2045 379 2081 quo
406 2033 528 2070 modo
564 2044 634 2080 per
662 2033 863 2069 hominem
901 2033 1127 2070 interiorem
1160 2033 1328 2070 exterior

299 2095 543 2136 exaudiatur,
565 2105 644 2142 quo
675 2095 797 2131 modo
823 2105 894 2142 per
913 2095 1146 2132 exteriorem
1167 2095 1329 2132 interior

299 2157 557 2202 custodiatur,
579 2168 658 2204 quo
683 2157 804 2194 modo
835 2169 907 2205 per
935 2159 1168 2195 exteriorem
1189 2158 1327 2195 doctor

298 2221 474 2267 superior
494 2220 749 2267 ingrediatur,
766 2221 1009 2258 audiendum
1026 2224 1224 2268 postremo
1246 2232 1325 2268 quo

299 2282 420 2318 modo
447 2293 516 2329 per
543 2283 775 2319 exteriorem
808 2282 967 2318 interior
997 2282 1211 2318 erudiatur.
1248 2284 1326 2318 Hoc

299 2348 430 2380 autem
458 2344 495 2379 in
516 2347 624 2390 parte
653 2344 724 2380 ista
747 2345 901 2391 egregie
931 2345 1131 2381 citharizat
1162 2344 1326 2380 eximius

299 2407 506 2442 citharista.
545 2407 603 2443 Ad
639 2408 748 2453 cujus
791 2407 998 2443 clariorem
1029 2406 1326 2453 intelligentiam

298 2469 583 2516 praevideamus
603 2468 817 2515 corporalis
844 2472 879 2504 et
900 2468 1110 2516 spiritualis
1131 2468 1326 2505 alteratio-

298 2531 357 2566 nis
389 2541 601 2566 consonam
635 2530 897 2566 harmoniam.
938 2530 1053 2566 Plane
1089 2530 1127 2565 in
1159 2532 1324 2577 utraque

299 2592 525 2628 alterati0ne
559 2594 720 2638 possunt
756 2591 944 2638 assignari
976 2594 1145 2639 quatuor
1185 2602 1323 2637 causae,

299 2654 445 2690 scilicet
463 2653 639 2698 initialis,
661 2653 883 2699 materialis,
906 2653 1228 2699 instrumentalis,
1246 2653 1325 2690 for-

299 2715 424 2753 malis.
446 2716 610 2752 Causam
629 2715 818 2751 initialem
849 2715 938 2751 dico
972 2726 1131 2752 causam
1154 2715 1325 2752 efficien-

300 2783 397 2824 tem,
425 2789 545 2826 quam
575 2777 746 2825 appellat
773 2777 1034 2824 Philosophus
1062 2779 1089 2823 ⁶,
1116 2777 1221 2814 unde
1254 2777 1325 2813 ini-

299 2840 395 2876 tium
415 2843 557 2877 motus.
579 2841 680 2876 Sicut
698 2842 850 2885 autem,
878 2839 918 2875 in
938 2839 1165 2876 alteratione
1186 2850 1325 2886 corpo-

298 2901 390 2946 rali,
419 2912 536 2938 causa
561 2901 718 2937 initialis
750 2901 790 2937 in
818 2901 1060 2938 materialem
1094 2911 1164 2948 per
1183 2901 1325 2937 instru-

298 2963 508 3000 mentalem
519 2962 667 2998 inducit
677 2962 898 3008 formalem,
910 2962 1021 2999 verbi
1036 2963 1175 3009 gratia,
1198 2962 1323 3010 pictor

296 3025 337 3061 in
373 3025 588 3072 imaginem
620 3035 691 3072 per
727 3024 954 3071 penicillum
987 3024 1135 3061 inducit
1172 3024 1324 3061 albedi-

297 3097 405 3134 nem;
428 3087 480 3123 ita
506 3097 577 3134 per
605 3085 760 3130 omnia,
791 3085 831 3120 in
860 3085 1084 3121 alteratione
1117 3085 1322 3132 spirituali,

297 3148 454 3184 initialis
479 3148 520 3184 in
545 3147 787 3184 materialem
811 3156 881 3193 per
906 3145 1242 3184 instrumentalem
1263 3147 1322 3183 in-

297 3210 466 3247 troducit
487 3209 692 3246 formalem
713 3221 721 3245 :
744 3208 855 3245 verbi
883 3219 1022 3253 causa,
1045 3209 1181 3246 doctor
1207 3220 1322 3256 supe-

296 3273 377 3309 rior
412 3272 453 3308 in
487 3271 688 3309 hominem
726 3270 952 3307 interiorem
985 3281 1056 3317 per
1089 3270 1322 3308 exteriorem

298 3333 509 3370 introducit
527 3332 698 3370 veritatis
716 3331 981 3379 splendorem.
1004 3331 1117 3376 Quod
1138 3331 1224 3368 luce
1245 3332 1321 3369 cla-

297 3395 379 3432 rius
398 3395 611 3432 declaravit
629 3395 836 3442 Propheta,
862 3405 951 3431 cum
976 3394 1029 3432 ait
1047 3408 1058 3430 ε
1079 3396 1205 3441 Initio,
1227 3397 1297 3432 etc.
1309 3408 1320 3441 3

344 3481 348 3497 ¹
370 3479 486 3518 lie-cli..
510 3486 586 3519 xix,
608 3480 659 3510 223.
679 3496 718 3501 --
747 3479 761 3500 ²
778 3477 897 3517 Eccli„
917 3485 1022 3517 xv111,
1049 3479 1099 3510 29.
1128 3494 1164 3500 —
1191 3476 1206 3498 ³
1230 3476 1320 3509 Psal.

301 3533 368 3567 xiv,
387 3527 418 3557 3.
433 3543 468 3548 —
491 3527 503 3547 ⁸
520 3526 633 3564 Arist„
653 3525 770 3566 Phys„
788 3525 846 3557 lib.
868 3526 906 3564 ll,
923 3526 1004 3556 text.
1023 3526 1074 3556 29.
1095 3542 1129 3547 —
1151 3525 1165 3545 ⁵
1183 3525 1192 3555 l
1211 3523 1322 3564 Joan„

1011 269 1282 311 Fxrosvl‘lo
1313 269 1363 310 lN
1395 268 1741 310 PSAIJI'ERlUM.

1407 357 1503 394 acsi
1538 357 1687 394 diceret
1719 367 1816 394 voce
1849 357 1954 394 clara
1976 361 2030 394 :A
2060 369 2175 395 causa
2206 359 2342 399 initiali
2367 374 2432 400 co-

1406 421 1540 467 gnovi,
1562 420 1735 468 potentia
1760 420 2024 465 intellectuali,
2048 420 2097 456 de
2114 421 2340 459 testimoniis
2358 425 2434 462 tuis

1405 493 1472 519 ore
1494 482 1678 529 prolatis,
1710 482 1819 529 quod
1851 482 1998 518 habent
2027 482 2304 520 claritudinem
2331 486 2433 522 veri-

1405 545 1501 580 tatis.
1526 547 1618 580 Eece
1640 547 1808 590 quatuor
1828 555 1954 580 cause
1985 544 2024 580 in
2051 545 2231 591 praesenti
2250 556 2366 582 versu
2383 547 2433 583 si-

1403 611 1541 651 gnane,
1566 606 1746 642 videlicet
1764 605 1935 649 initialis,
1956 607 2180 652 materialis,
2203 607 2432 646 instrumen-

1403 669 1509 714 talis,
1538 670 1575 704 et
1593 668 1768 703 formalis
1793 667 1980 703 :initialis
2013 669 2175 715 quidem
2204 674 2351 717 spectat
2381 672 2433 708 ad

1404 729 1604 765 doctorem
1628 728 1870 775 superiorem
1893 741 1901 765 ε
1924 729 2136 766 materialis
2156 731 2207 768 ad
2227 732 2430 770 hominem

1402 791 1645 837 interiorem3
1668 790 1973 827 instrumentalis
1993 791 2045 828 ad
2074 792 2306 830 exteriorem
2315 806 2326 840 3
2349 794 2430 830 for-

1403 852 1516 889 malis
1537 853 1588 889 ad
1608 852 1778 889 veritatis
1802 852 2068 899 splendorem.

1738 958 1922 992 Articulus
1947 958 2098 1003 primus.

1454 1040 1625 1076 Primum
1645 1040 1763 1085 igitur
1785 1040 2024 1086 declaratur,
2046 1052 2138 1078 cum
2157 1041 2298 1080 dicitur
2321 1055 2329 1079 :
2352 1045 2430 1080 lm·—

1405 1104 1471 1137 tto.
1494 1101 1672 1144 Mentior,
1696 1102 1769 1137 nisi
1792 1113 1910 1138 causa
1941 1102 2098 1139 initialis
2131 1104 2257 1140 omnis
2284 1104 2430 1141 illumi-

1405 1162 1574 1199 nationis
1602 1163 1841 1210 sapicntialis
1869 1164 1916 1200 sit
1937 1164 2062 1200 dictor
2081 1165 2273 1212 superior.
2299 1168 2340 1203 Et
2357 1177 2430 1203 no-

1404 1226 1591 1270 tandum,
1631 1226 1741 1273 quod
1790 1226 1926 1263 doctor
1966 1226 2144 1273 superior
2182 1231 2237 1264 est
2277 1228 2431 1265 initium

1402 1292 1604 1333 oeternum,
1631 1288 1878 1334 aeviternum,
1899 1291 1934 1325 et
1952 1288 2188 1325 hodiernum
2211 1302 2219 1326 :
2242 1290 2431 1337 quoniam

1403 1350 1453 1386 al)
1474 1353 1620 1386 aeterno
1641 1353 1696 1386 est
1716 1349 1869 1386 initium
1899 1350 2133 1396 generandi3
2165 1351 2216 1387 ab
2245 1362 2328 1388 aevo
2357 1351 2431 1388 ini-

1404 1412 1501 1448 tium
1526 1412 1736 1459 operandi3
1770 1412 1890 1449 hodic
1923 1423 2083 1460 quoque
2118 1413 2271 1449 initium
2300 1413 2431 1450 decla-

1402 1475 1530 1510 randi.
1555 1476 1603 1510 De
1623 1474 1751 1522 primo
1773 1475 1786 1495 ‘³
1809 1487 1816 1510 :
1843 1487 1860 1508 «
1880 1474 2013 1511 Scribo
2030 1474 2158 1520 vobis,
2177 1477 2321 1522 patres,
2337 1474 2431 1522 quia

1404 1535 1641 1582 cognovistis
1672 1547 1777 1581 eum,
1799 1536 1868 1583 qui
1888 1536 1938 1572 ab
1959 1535 2069 1573 initio
2087 1539 2143 1573 est
2162 1548 2171 1572 :
2190 1549 2208 1570 n
2238 1547 2326 1573 ecce
2356 1536 2430 1572 ini-

1403 1598 1500 1634 tium
1539 1599 1814 1644 generationis.
1861 1601 1910 1635 ite
1948 1598 2123 1635 secundo
2163 1597 2344 1634 scribitur
2375 1598 2389 1620 ⁶
2419 1610 2428 1634 :

1406 1673 1423 1693 «
1444 1660 1554 1697 lnitio
1574 1664 1635 1706 tu,
1672 1660 1855 1705 Domine,
1895 1662 2037 1696 terram
2071 1659 2270 1696 fundasti:
2291 1673 2308 1694 »
2342 1669 2431 1696 ecce

1402 1721 1555 1758 initium
1573 1721 1822 1769 operationis.
1846 1722 1895 1757 De
1916 1720 2028 1757 tertio
2045 1721 2057 1743 7
2075 1732 2083 1757 :
2105 1733 2122 1754 «
2143 1720 2297 1758 Initium
2310 1722 2430 1758 Evan-

1401 1782 1594 1829 geliilesu
1607 1783 1745 1820 Christi
1766 1782 1835 1819 filii
1856 1782 1920 1819 Dei
1942 1794 1951 1818 :
1974 1795 1990 1816 »³
2017 1792 2105 1818 ecce
2126 1781 2280 1818 initium
2300 1781 2429 1819 decla-

1401 1844 1575 1880 rationis.

1722 1893 1906 1928 Articulus
1926 1891 2111 1928 secundus.

1451 1968 1675 2005 Secundum
1689 1968 1928 2015 designatur,
1942 1979 2032 2005 cum
2045 1966 2226 2004 subditur
2240 1978 2248 2003 :
2263 1967 2430 2014 Coqnovi,

1403 2030 1563 2076 scilicet,
1587 2031 1758 2078 potentia
1782 2029 2052 2075 intellectuali,
2076 2029 2188 2077 quasi
2207 2039 2325 2066 causa
2343 2038 2430 2065 ma-

1403 2093 1527 2129 teriali
1544 2120 1555 2138 ,
1577 2093 1641 2129 vel
1660 2086 1831 2130 materi'ae
1850 2093 2160 2141 proportionali,
2179 2092 2221 2128 in
2239 2093 2432 2140 quantum

1402 2156 1558 2202 passiva
1591 2158 1627 2191 et
1653 2155 1871 2202 receptiva,
1904 2155 2022 2203 quia,
2053 2153 2271 2192 secundum
2300 2153 2430 2191 Philo-

1403 2217 1573 2263 sophum
1587 2215 1614 2261 8,
1628 2216 1709 2263 pati
1724 2219 1760 2252 et
1770 2216 1942 2262 recipere
1957 2216 2162 2263 proprium
2176 2217 2232 2252 est
2245 2215 2428 2252 materiae.

1405 2280 1447 2313 Et
1466 2280 1572 2323 nota,
1595 2277 1704 2325 quod
1720 2277 1775 2313 sic
1794 2277 2092 2323 cognoscimus,
2112 2277 2174 2313 vel
2192 2286 2428 2323 cognoscere

1402 2349 1633 2386 possumus,
1654 2339 1753 2386 quid
1776 2338 2007 2385 fugiendum
2019 2366 2030 2384 ,
2052 2338 2149 2386 quid
2177 2337 2428 2384 eligendum,

1403 2400 1500 2447 quid
1526 2400 1692 2436 finaliter
1716 2399 1995 2447 appetendum.
2023 2399 2151 2436 Prima
2177 2401 2235 2435 est
2259 2398 2429 2446 cognitio

1402 2461 1571 2509 peccati,
1610 2461 1782 2498 secunda
1818 2461 1994 2505 virtutis,
2043 2461 2154 2497 tertia
2190 2460 2336 2497 salutis.
2378 2461 2429 2498 De

1401 2523 1530 2570 primo
1553 2525 1565 2545 ⁰
1594 2535 1601 2559 :
1635 2536 1653 2556 «
1682 2525 1886 2559 Peccatum
1917 2533 1999 2559 non
2031 2522 2222 2569 cognovi,
2251 2521 2326 2559 nisi
2359 2532 2430 2569 per

1399 2585 1529 2632 legem
1551 2597 1559 2621 :
1584 2599 1600 2619 n
1624 2595 1713 2621 ecce
1734 2583 1905 2631 cognitio
1924 2583 2086 2631 peccati.
2109 2585 2160 2620 De
2179 2583 2353 2621 secundo
2372 2583 2427 2620 ¹⁰:

1404 2661 1422 2681 «
1441 2649 1548 2683 Nunc
1567 2647 1608 2683 in
1628 2646 1701 2683 isto
1727 2645 1917 2693 cognovi,
1939 2645 2050 2693 quod
2074 2645 2134 2682 vir
2157 2645 2222 2682 Dei
2252 2655 2292 2682 es
2311 2647 2353 2682 tu
2375 2656 2383 2681 :
2407 2657 2425 2679 »

1402 2720 1488 2746 ecce
1521 2709 1692 2756 cognitio
1722 2708 1884 2744 virtutis.
1922 2709 1972 2744 De
1996 2707 2107 2744 tertio
2146 2707 2326 2744 scribitur
2356 2706 2382 2729 ¹¹
2417 2718 2425 2743 :

1404 2785 1422 2805 α
1442 2773 1549 2807 Nunc
1575 2769 1766 2816 cognovi,
1792 2769 1982 2817 quoniam
2009 2768 2164 2805 salvum
2190 2767 2280 2806 fecit
2297 2767 2427 2806 Domi-

1400 2844 1474 2870 nus
1492 2833 1684 2870 Christum
1704 2842 1820 2869 suum
1842 2844 1850 2868 :
1873 2845 1892 2867 »
1913 2842 2000 2868 ecce
2020 2829 2191 2877 cognitio
2212 2830 2358 2868 salutis.

1738 2936 1921 2972 Articulus
1942 2936 2083 2972 tertius.

1446 3021 1614 3058 Tertium
1652 3019 1969 3063 demonstratur,
2008 3029 2098 3055 cum
2132 3017 2290 3056 additur
2328 3029 2337 3054 :
2379 3019 2428 3055 De

1400 3085 1611 3120 testimoniis
1640 3083 1735 3127 tuis,
1766 3080 1930 3126 scilicet,
1956 3090 2023 3117 ore
2041 3079 2217 3127 prolatis,
2243 3080 2353 3128 quod
2371 3083 2428 3117 est

1400 3157 1594 3194 organum
1613 3145 1785 3182 hominis
1806 3143 2019 3181 exterioris
2041 3146 2084 3181 Et
2098 3146 2188 3181 nota
2207 3143 2311 3181 circa
2328 3143 2426 3181 testi-

1399 3208 1535 3245 monia
1554 3209 1791 3253 memorata,
1822 3206 1932 3253 quod
1955 3208 2044 3251 sunt
2067 3205 2227 3252 collata,
2247 3204 2424 3252 prolata,

1399 3273 1436 3307 et
1459 3270 1588 3314 illata3
1618 3269 1713 3317 quia
1741 3267 1920 3316 superius
1955 3266 2228 3312 conferuntur,
2259 3264 2425 3302 exterius

1397 3332 1671 3379 proferuntur,
1700 3330 1860 3367 interius
1888 3328 2117 3366 inferuntur.
2155 3329 2204 3364 De
2224 3325 2353 3374 primo
2372 3327 2386 3348 ²
2413 3337 2422 3362 :

1399 3436 1436 3468 ιι,
1459 3431 1508 3461 13.
1533 3446 1568 3450 —-
1590 3429 1601 3447 ⁶
1618 3427 1707 3460 Psal.
1728 3436 1781 3468 ct,
1798 3429 1850 3459 26.
1867 3444 1906 3450 —
1933 3425 1942 3445 7
1965 3427 2082 3463 Marc„
2103 3431 2134 3464 1,
2160 3426 2189 3455 1.
2212 3441 2248 3446 —
2277 3423 2290 3445 ⁸
2308 3423 2423 3464 Arist„

1397 3476 1436 3507 de
1466 3478 1634 3515 Generat.‚
1661 3475 1720 3507 lib.
1753 3476 1782 3515 Ι,
1808 3476 1891 3506 text.
1919 3475 1969 3505 45.
1992 3490 2033 3496 -
2063 3471 2077 3493 ⁹
2102 3471 2206 3512 Rom„
2235 3479 2301 3512 vu,
2333 3473 2362 3504 7.
2383 3488 2422 3495 —-

1401 3524 1426 3545 ¹·
1440 3523 1480 3554 lll
1496 3524 1588 3563 Κεφ,
1600 3524 1791 3563 Χνιι,24.-
1809 3523 1827 3540 ¹¹
1840 3520 1930 3552 Psal.
1946 3527 2020 3560 XIX,
2034 3520 2106 3552 7.-
2125 3518 2245 3551 ¹³P5al.
2259 3518 2420 3560 hoc,125.
