2633 3878
883 225 936 267 IN
965 224 1347 267 HEXAEMERON.
1378 225 1555 267 SERMO
1584 226 1692 269 Xlll.
2308 235 2360 274 89

213 319 333 359 ribus
353 319 437 360 diei
456 321 518 360 est
536 318 691 360 additio
711 317 907 359 secundae
927 316 976 357 ad
993 316 1194 370 primam,
1209 319 1249 357 et

213 392 350 433 tertiae
370 392 423 433 ad
440 394 682 444 utramque3
705 389 763 429 sic
779 401 833 430 ex
849 389 989 442 prima
1005 390 1047 429 et
1065 388 1248 429 secunda

214 464 376 504 visione
396 464 532 505 oritur
546 462 682 503 tertia.
706 461 787 501 Ista
807 460 917 502 visio
936 463 997 501 est
1013 459 1193 501 nobilior
1208 461 1249 500 et

214 536 297 588 maj
304 547 352 576 or
366 534 712 588 praecedentibus.
726 532 778 574 Et
790 532 887 573 licet
900 531 1249 573 videaturincon-

213 608 390 649 veniens
420 606 634 660 adaptatio
648 639 658 658 ,
695 608 735 646 et
776 604 1112 658 correspondens
1148 615 1246 644 cum

213 692 338 734 opere
355 679 489 720 tertiae
510 677 607 729 diei,
632 690 708 732 pro
728 690 778 719 eo
798 678 912 731 quod
933 679 1046 717 terra
1065 678 1128 716 est
1148 676 1244 716 infi-

213 763 332 792 mum
351 750 682 799 elementorum,
707 749 865 802 optime
885 752 1027 789 tamen
1047 748 1126 788 assi
1134 760 1247 800 gna-

210 827 293 874 tur,
305 823 406 876 quia
420 822 628 876 quidquid
637 821 792 862 coelum
808 821 994 862 continet
1008 821 1050 861 in
1062 820 1244 873 quadam

209 895 468 946 excellentia,
491 897 604 935 terra
617 895 745 942 tenet,
763 895 804 933 et
819 892 1008 946 suscipit,
1032 892 1101 932 vel
1120 892 1248 933 habet

207 967 252 1007 in
271 966 455 1020 quadam
473 965 720 1007 vivacitate:
746 964 859 1005 unde
873 963 1049 1016 suscipit
1062 963 1155 1004 cceli
1176 964 1245 1004 in-

206 1038 418 1089 fluentias,
431 1040 472 1079 et
499 1037 594 1078 facit
605 1036 912 1091 pulcherrimas
924 1035 1242 1089 pullulationes.

207 1109 404 1152 Consistit
423 1113 566 1150 autem
590 1109 684 1150 haec
705 1108 815 1149 visio
834 1107 946 1148 circa
972 1107 1068 1159 tria,
1092 1107 1246 1149 scilicet

206 1181 447 1236 spirituales
468 1181 772 1234 intelligentias
791 1192 1011 1230 sensuum,
1035 1179 1124 1221 sive
1146 1192 1242 1220 sen-

205 1266 289 1305 sus;
310 1254 420 1295 circa
437 1253 762 1295 sacramentales
779 1254 958 1305 figuras;
980 1252 1092 1293 circa
1106 1252 1247 1293 multi-

204 1325 360 1367 formes
391 1326 577 1367 theorias
606 1325 704 1366 inde
736 1325 910 1366 elicitas.
942 1324 1007 1365 Ad
1043 1323 1135 1366 haee
1167 1324 1246 1365 tria

205 1399 346 1439 omnis
379 1398 599 1452 Scriptura
637 1397 870 1439 reducitur.
903 1396 1060 1437 Primae
1092 1396 1246 1437 dantur

205 1470 390 1522 intelligi
411 1482 487 1523 per
508 1469 867 1522 congregationes
890 1481 1117 1522 aquarum,
1140 1469 1247 1509 scili-

204 1543 269 1581 cet
288 1541 529 1594 spirituales
549 1541 680 1581 intelli
688 1541 866 1593 gentiae;
898 1539 1110 1590 secundae,
1131 1539 1242 1579 scili-

203 1615 268 1652 cet
293 1612 620 1653 sacramentales
647 1613 822 1664 figurae,
851 1623 927 1665 per
946 1611 1246 1664 pullulationes

203 1689 342 1738 terrae,
364 1686 453 1728 ibi:
483 1686 602 1729 Vidit
631 1687 763 1736 Deus,
787 1685 903 1739 quod
934 1689 1042 1728 esset
1077 1685 1242 1737 bonum,

203 1762 242 1801 et
262 1759 340 1810 ait,
375 1761 454 1800 etc.
481 1759 556 1811 (ah
587 1759 739 1810 tertiae,
775 1757 932 1798 scilicet
963 1757 1246 1799 multiformes

204 1830 395 1881 theoriae,
412 1830 719 1882 intelliguntur
744 1842 819 1883 per
840 1829 1017 1880 semina,
1041 1829 1098 1869 ibi
1125 1841 1134 1869 ε
1161 1829 1245 1871 Gu-

197 1901 274 1954 Jus
287 1913 429 1944 semen
439 1903 498 1945 sit
509 1904 558 1944 in
576 1903 815 1955 semetipso,
831 1904 910 1943 etc,
933 1901 944 1922 ¹
966 1901 1099 1952 «Quis
1111 1904 1247 1955 potest

204 1973 310 2014 scire
339 1973 596 2015 infinitatem
626 1974 867 2025 seminum,
898 1986 996 2014 cum
1026 1976 1171 2014 tamen
1202 1974 1246 2014 in

203 2057 291 2086 uno
311 2045 396 2086 sint
425 2046 559 2100 sylvae
583 2048 818 2101 sylvarum,
842 2048 883 2087 et
916 2048 1061 2100 postea
1079 2045 1247 2086 infinita

203 2117 424 2159 seminam»
451 2117 517 2160 Sic
538 2131 591 2159 ex
618 2118 849 2172 Scripturis
869 2118 962 2159 elici
982 2119 1158 2171 possunt
1178 2117 1243 2158 in-

204 2189 337 2230 finitae
362 2189 540 2231 theoriae
553 2221 566 2241 ,
587 2202 692 2244 quas
712 2190 854 2231 nullus
886 2193 1022 2244 potest
1051 2201 1242 2243 compre-

205 2260 406 2314 hendere,
426 2263 505 2303 nisi
520 2262 634 2304 solus
650 2263 775 2304 Deus.
791 2263 907 2304 Sicut
920 2263 1047 2303 etiam
1064 2275 1118 2303 ex
1129 2262 1245 2315 plan-

185 2333 259 2395 ·tis
293 2346 406 2376 nova
437 2335 600 2376 semina
618 2367 630 2386 ,
670 2336 729 2376 sic
763 2348 817 2377 ex
853 2336 1084 2389 Scripturis
1119 2347 1245 2377 novae

206 2406 381 2448 theoriae
400 2410 440 2448 et
457 2407 557 2448 novi
578 2421 744 2459 sensus;
767 2412 807 2449 et
827 2409 920 2449 ideo
937 2408 1156 2462 Scriptura
1177 2421 1244 2448 sa-

207 2490 277 2518 cra
294 2478 589 2531 distinguitur.
614 2479 732 2520 Unde
752 2480 860 2520 sicut
884 2480 919 2520 si
944 2491 1030 2520 una
1051 2483 1175 2532 gutta
1194 2481 1245 2521 de

208 2549 315 2589 mari
347 2550 617 2601 extrahatur,
651 2551 713 2591 sic
742 2554 843 2591 sunt
879 2563 1028 2591 omnes
1065 2546 1244 2592 theoria]

207 2632 304 2673 quae
326 2620 566 2672 eliciuntur,
589 2625 784 2675 respectu
815 2622 986 2663 illarum
1016 2635 1114 2676 quae
1140 2635 1242 2676 pos-

207 2696 308 2733 sunt
327 2692 434 2733 elici.
466 2693 609 2733 Primo
629 2706 735 2746 ergo
755 2693 980 2735 dicendum
1001 2694 1053 2735 de
1087 2694 1241 2735 intelli-

207 2764 363 2816 gentiis
382 2764 688 2818 spiritualibus,
722 2768 763 2807 et
786 2768 931 2819 postea
951 2766 1002 2807 de
1029 2766 1180 2819 signis,
1204 2771 1245 2808 et

207 2839 349 2888 postea
364 2836 414 2878 de
432 2837 622 2889 theoriis,
642 2838 744 2892 quia
762 2838 889 2891 signa
904 2838 965 2879 nil
985 2839 1143 2890 valent,
1162 2839 1245 2881 nisi

206 2919 273 2948 res
293 2908 604 2961 intelligantur.
628 2909 695 2951 Sic
715 2922 821 2963 ergo
842 2911 981 2964 primo
1004 2923 1244 2965 congrega-

206 2979 268 3020 vit
286 2991 435 3033 aquaS,
465 2981 616 3022 deinde
646 2982 847 3035 produxit
870 2982 1057 3034 arboreS,
1093 2984 1244 3025 deinde

206 3050 383 3091 semina.
407 3051 463 3092 De
495 3053 829 3106 congregatione
851 3054 981 3094 maris
1001 3055 1102 3096 dicit
1121 3057 1241 3099 Psal-

206 3132 301 3163 mus
321 3122 334 3144 ²
349 3135 364 3161 .·
382 3137 400 3160 «
416 3122 694 3177 Congregans
714 3127 821 3165 sicut
841 3125 886 3165 in
902 3127 997 3166 utre
1015 3139 1145 3179 aquas
1160 3139 1244 3169 ma-

207 3193 280 3234 ris.
314 3208 333 3231 n
376 3193 424 3234 In
458 3197 554 3235 utre
591 3196 875 3248 congregavit
910 3209 1044 3250 aquas
1081 3199 1212 3239 maris
1230 3231 1240 3249 ,

205 3266 377 3319 quando
395 3267 437 3306 in
456 3267 571 3308 corio
594 3267 822 3321 Scriptura}
844 3270 1129 3322 congregavit
1147 3271 1243 3313 uni-

206 3338 492 3380 versalitatem
523 3339 903 3392 intelligentiarum
939 3341 1240 3394 spiritualium,

206 3470 210 3473 *
251 3469 261 3491 ¹
280 3472 380 3512 Aug„
401 3469 442 3502 de
464 3470 544 3502 Gen.
565 3470 611 3503 ad
628 3471 712 3512 litt„
731 3471 792 3505 lib.
814 3472 871 3513 lv,
892 3482 922 3505 c.
943 3481 1044 3507 xxm.
1063 3493 1098 3499 -
1119 3476 1130 3495 ²
1149 3476 1241 3509 Psal.

207 3525 319 3558 xxxii,
343 3518 376 3550 7.
399 3535 440 3542 —-
463 3517 477 3539 ³
496 3518 620 3559 Eccle„
641 3527 673 3560 1,
697 3521 728 3552 7.
749 3537 790 3544 —
812 3520 824 3539 ⁴
847 3520 939 3553 Psal.
967 3530 1074 3561 xc111.
1094 3526 1126 3564 3,
1146 3526 1178 3557 5.
1201 3542 1242 3548 —

208 3564 222 3586 ⁸
240 3565 332 3597 Psal.
351 3573 421 3607 cvi,
441 3567 494 3598 23.
514 3583 556 3591 —
580 3567 593 3586 ⁶
610 3567 746 3608 Matth„
770 3575 843 3609 xlv,
869 3570 922 3603 30.
941 3586 981 3595 —
1006 3571 1017 3591 ⁷
1035 3570 1159 3614 Eccle„
1177 3580 1239 3614 vii,

1325 328 1423 368 quae
1452 316 1559 357 bene
1595 322 1898 371 comparantur
1931 321 2038 361 mari
2071 324 2243 374 propter
2274 324 2359 363 tres

1324 389 1523 440 rationes,
1545 390 1700 431 scilicet
1720 394 1892 444 propter
1909 393 2191 445 spiritualium
2210 395 2360 436 intelli-

1325 461 1567 513 gentiarum
1593 463 1963 516 praeeminentium
1985 466 2248 517 primitivam
2269 468 2360 508 ori-

1324 533 1603 584 ginationem;
1638 536 1810 587 propter
1829 535 2211 588 intelligentiarum
2232 539 2361 592 spiri-

1323 605 1504 645 tualium
1524 606 1901 659 profundissimam
1923 607 2202 660 altitudinem;
2230 623 2360 665 prop-

1323 677 1388 716 ter
1406 676 1794 729 intelligentiarum
1824 679 2114 732 spiritualium
2140 683 2359 734 profluen-

1323 748 1533 790 tissimam
1575 751 1976 793 multiformitatem.
2027 753 2080 794 De
2120 754 2259 806 primo
2293 757 2307 778 ³
2348 772 2356 797 ε

1329 821 1518 862 «Omnia
1544 823 1725 864 flumina
1755 825 1915 865 intrant
1942 825 1985 865 in
2021 837 2153 876 mare,
2176 829 2216 867 et
2243 839 2360 870 mare

1322 905 1409 934 non
1427 894 1667 936 redundat:
1703 896 1755 937 ad
1785 897 1927 937 locum
1954 897 2067 939 unde
2099 902 2258 940 exeunt
2278 901 2359 941 flu-

1322 966 1453 1016 mina,
1485 969 1778 1018 revertuntur,
1800 971 1849 1011 ut
1880 969 2038 1010 iterum
2057 970 2209 1011 fluant.
2233 985 2251 1007 »
2293 971 2361 1012 Sic

1321 1049 1469 1079 omnes
1484 1038 1781 1091 intelligentiae
1802 1039 2043 1093 spirituales
2065 1039 2264 1081 dicuntur
2282 1042 2362 1083 flu-

1322 1109 1453 1161 mina,
1475 1113 1515 1151 et
1529 1110 1610 1151 viri
1622 1111 1921 1164 intelligentes,
1942 1112 2044 1165 quia
2058 1112 2275 1165 originem
2290 1114 2361 1154 ha-

1321 1180 1423 1221 bent
1442 1194 1466 1222 a
1499 1181 1732 1235 Scriptura,
1757 1185 1798 1224 et
1818 1195 1892 1236 per
1913 1183 2175 1236 Scripturam
2203 1186 2361 1226 contir-

1323 1257 1510 1305 mantur,
1532 1258 1660 1308 etper
1676 1255 1768 1295 illas
1789 1256 2189 1309 aliaeintelligentiae
2202 1257 2362 1299 haben-

1320 1331 1392 1368 tur
1414 1339 1424 1367 :
1448 1327 1560 1368 unde
1579 1327 1733 1369 dicitur
1754 1331 1768 1352 ¹⁶
1793 1342 1800 1368 :
1829 1345 1847 1367 «
1863 1329 2357 1382 Elevaveruntssumina,

1322 1397 1513 1448 Domine,
1536 1399 1816 1440 elevaverunt
1835 1400 2016 1441 flumina
2044 1413 2193 1442 vocem
2221 1414 2358 1443 suam.

1322 1470 1610 1513 Elevaverunt
1636 1472 1818 1512 flumina
1845 1472 2001 1513 fluctus
2021 1485 2120 1513 suos
2143 1486 2166 1514 a
2184 1474 2361 1516 vocibus

1321 1555 1535 1596 aquarum
1586 1544 1824 1584 multarum
1860 1557 1869 1584 :
1906 1545 2123 1586 mirabiles
2158 1545 2361 1587 elationes

1322 1615 1466 1666 maris,
1490 1615 1695 1656 mirabilis
1715 1616 1759 1656 in
1776 1616 1871 1656 altis
1889 1616 2109 1657 Dominus,
2134 1632 2153 1654 »
2178 1616 2271 1659 Vox
2290 1617 2360 1659 Dei

1321 1686 1469 1727 debuit
1488 1700 1579 1728 esse
1610 1700 1784 1740 magna.
1820 1687 2014 1729 Secunda
2044 1689 2166 1739 ratio,
2189 1692 2362 1743 propter

1320 1759 1700 1812 profundissimam
1731 1760 2015 1812 altitudinem,
2047 1761 2211 1802 dicente
2240 1762 2362 1805 Psal-

1322 1842 1387 1873 mo
1417 1835 1429 1855 ⁵
1449 1843 1463 1872 .·
1493 1830 1613 1881 «Qui
1646 1832 1907 1874 descendunt
1937 1846 2054 1875 mare
2085 1834 2129 1875 in
2157 1835 2359 1886 navibus,

1321 1904 1520 1945 facientes
1540 1905 1806 1957 operationes
1828 1905 1872 1945 in
1901 1906 2022 1959 aquis
2051 1907 2212 1948 multis.
2235 1923 2253 1945 ›>
2289 1907 2360 1950 Ille

1321 1977 1536 2017 descendit
1555 1989 1654 2017 cum
1669 1977 1851 2018 navibus
1867 1978 1911 2018 in
1928 1978 2051 2030 mari,
2069 1979 2143 2032 qui
2164 1992 2262 2020 cum
2282 1980 2361 2034 spi-

1320 2049 1406 2090 ritu
1426 2061 1608 2090 summae
1628 2049 1880 2091 reverentiae
1901 2049 2060 2090 accedit
2079 2049 2130 2089 ad
2151 2061 2361 2103 exponen-

1320 2122 1425 2163 dum
1454 2121 1706 2175 Scripturas.
1739 2121 1786 2162 In
1815 2121 2002 2162 navibus
2030 2121 2262 2172 descendit,
2285 2123 2360 2176 qui

1319 2193 1448 2234 habet
1468 2194 1846 2235 manuductionem
1866 2193 2042 2246 lignum
2063 2193 2200 2234 crucis
2225 2209 2232 2234 2
2257 2195 2360 2247 quia

1320 2265 1394 2317 qui
1411 2266 1501 2306 sine
1522 2265 1600 2306 isto
1619 2265 1741 2318 ligno
1769 2266 1864 2307 vult
1886 2266 2049 2306 intrare
2076 2277 2195 2306 mare
2216 2265 2357 2319 Scrip-

1319 2339 1445 2388 turae,
1468 2337 1781 2389 submergitur,
1802 2337 1849 2377 in
1870 2336 2081 2377 maximos
2101 2349 2264 2378 errores
2286 2349 2358 2378 ca-

1319 2409 1436 2450 dens.
1473 2408 1562 2449 Nisi
1597 2409 1711 2449 enim
1743 2410 1796 2449 sit
1828 2408 1977 2450 Petrus
2011 2409 2040 2459 6,
2077 2409 2356 2462 demergitur.

1318 2486 1332 2506 ⁷
1359 2481 1492 2522 «Alta
1511 2482 1776 2534 profunditas
1798 2495 1808 2522 :
1841 2481 1938 2535 quis
1969 2481 2157 2522 inveniet
2184 2483 2311 2522 eam‘?
2334 2496 2353 2519 »

1319 2553 1535 2606 Sapientia
1557 2553 1781 2605 gloriatur,
1804 2565 1901 2606 quae
1933 2553 2195 2605 profundum
2216 2553 2357 2606 abyssi

1318 2625 1569 2678 penetravit,
1592 2627 1633 2665 et
1659 2624 1765 2665 vidit
1784 2624 1797 2645 ⁸
1824 2640 1842 2663 (ι
1863 2624 2074 2664 mirabilia
2095 2623 2166 2664 Dei
2196 2624 2240 2664 in
2263 2637 2358 2677 pro-

1319 2697 1464 2738 fundo.
1496 2712 1514 2734 n
1554 2696 1672 2738 Unde
1709 2697 1863 2737 dicitur
1889 2696 1933 2736 in
1971 2696 2273 2738 Ecclesiastico
2298 2698 2311 2717 ⁰
2342 2712 2356 2738 .-

1321 2784 1340 2807 «
1357 2768 1449 2821 Ego
1468 2769 1511 2808 in
1530 2768 1747 2809 altissimis
1762 2768 1966 2819 habitavi,
1983 2771 2024 2809 et
2038 2768 2217 2809 thronus
2235 2780 2356 2809 meus

1317 2840 1363 2880 in
1383 2841 1580 2882 columna
1599 2841 1739 2882 nubis.
1758 2840 1920 2895 Gyrum
1937 2841 2032 2882 coeli
2052 2841 2228 2882 circuivi
2250 2841 2352 2890 sola,

1317 2916 1358 2953 et
1378 2914 1640 2966 profundum
1662 2914 1801 2967 abyssi
1828 2914 2063 2967 penetravi.
2090 2928 2109 2950 n
2138 2913 2236 2954 Haec
2256 2913 2357 2954 dicit

1318 2984 1521 3038 sapientia
1542 2984 1782 3025 incarnata:
1802 2984 1922 3037 «Ego
1942 2984 1986 3025 in
2007 2984 2220 3025 altissimis
2239 2984 2356 3025 habi-

1317 3056 1418 3107 tavi,
1433 3072 1451 3094 »
1469 3057 1513 3097 in
1533 3057 1757 3108 creatione,
1782 3072 1802 3095 «
1815 3059 1855 3098 et
1876 3056 2056 3099 thronus
2078 3069 2200 3097 meus
2221 3056 2265 3096 in
2284 3067 2355 3096 co-

1317 3129 1641 3180 lumnanubis,›>
1656 3129 2011 3180 inincarnatione,
2030 3144 2048 3168 (ι
2058 3129 2149 3170 etin
2158 3128 2354 3169 fluctibus

1317 3201 1448 3242 maris
1469 3201 1702 3252 ambulavi,
1725 3216 1743 3239 »
1769 3202 1812 3242 in
1833 3201 2041 3255 passione3
2062 3199 2352 3254 «profundum

1316 3273 1457 3327 abyssi
1478 3273 1713 3326 penetravi,
1735 3287 1754 3311 »
1779 3273 1822 3313 in
1843 3272 2134 3326 penetratione
2156 3270 2349 3323 Scriptu-

1317 3358 1462 3387 rarum
1475 3377 1486 3396 ,
1503 3345 1606 3399 quia
1618 3345 1645 3367 ¹⁰
1668 3345 1864 3399 «aperuit
1886 3356 2085 3386 sensum»
2103 3345 2194 3397 post
2207 3356 2348 3385 resur-

1315 3461 1367 3492 25.
1382 3475 1423 3483 —
1441 3459 1455 3481 ⁸
1480 3458 1567 3491 vsal.
1585 3467 1653 3500 cvi,
1669 3460 1721 3492 24.
1738 3475 1780 3483 --
1797 3460 1809 3478 ⁹
1827 3458 2048 3499 Ecclt.,x11v‚
2069 3458 2140 3490 7-8.
2155 3474 2194 3482 —
2219 3458 2245 3482 ¹⁰
2261 3457 2350 3496 Luc„

1317 3516 1415 3548 xxw,
1438 3509 1490 3540 45.

1360 3573 1401 3614 (a)
1425 3573 1505 3606 Coet.
1525 3573 1608 3606 edit.
1630 3581 1693 3604 non
1708 3571 1828 3605 habent
1845 3573 1908 3604 ete.
