2633 3878
1115 133 1357 175 PSALMUS
1388 134 1560 176 CXVIII.
2324 142 2403 180 535

1367 223 1608 268 secundum,
1632 222 1683 259 ad
1702 222 1882 260 divinum
1902 227 2103 272 aspectum
2112 238 2124 272 ς
2153 226 2331 272 tertium,
2349 227 2402 263 ad

1367 287 1669 324 instrumentum
1690 287 1930 334 confectum
1963 291 2168 337 quartum,
2200 291 2254 328 ad
2284 291 2402 328 mira-

259 219 465 257 mundana
501 221 781 269 aestimatione,
810 224 878 271 qui
920 233 1001 259 non
1040 222 1289 270 apparebunt

258 280 399 317 mundi
436 281 476 317 in
512 282 582 319 illa
613 284 913 321 examinatione.
949 285 1000 321 De
1038 284 1213 321 secundo
1244 287 1284 321 ¹:

119 2010 216 2039 Fides.

262 354 280 376 «
298 343 384 379 Non
402 343 533 380 veniet
550 344 591 380 in
619 348 830 392 conspectu
849 346 932 392 eJus
953 346 1083 383 omnis
1102 346 1289 394 hypocri-

257 405 296 440 ta
316 431 330 449 ,
358 417 375 438 »
410 405 556 442 scilicet
597 406 638 442 in
677 409 888 453 conspectu
923 407 1199 455 approbativo.
1234 409 1285 444 De

256 466 368 502 tertio
388 466 401 487 2
427 479 435 502 :
464 479 482 500 «
500 467 610 504 Fiant
625 471 854 505 corruentes
872 468 914 505 in
934 471 1146 517 conspectu
1166 471 1247 515 tuo,
1263 482 1282 503 n

255 526 400 564 scilicet
417 527 697 575 improbativo.

680 636 855 677 Epilogus.

298 714 403 749 Patet
434 713 566 760 itaque
593 724 704 750 mens
723 715 924 762 Prophetae
954 726 1073 763 super
1102 716 1281 763 specula-

1366 348 1548 386 culosum
1568 348 1765 386 effectum.

1702 453 1889 489 Articulus
1911 455 2065 499 primus.

1410 534 1516 570 Fidei
1542 534 1768 581 petitorium
1808 534 2036 580 denotatur,
2083 546 2174 572 cum
2212 537 2352 575 dicitur
2385 553 2393 576 :

1361 597 1643 643 Appropinquet
1662 596 1867 642 deprecatio
1885 607 1963 632 mea
1970 609 1981 642 3
2005 586 2117 644 quasi
2138 597 2260 635 dicat:
2282 599 2396 637 Fides

1359 656 1605 704 prophetica,
1626 657 1690 693 vel
1721 658 1852 704 potius
1872 668 1920 694 ex
1951 658 2031 695 fide
2063 659 2278 706 Propheta,
2299 661 2394 708 quia

1358 718 1578 765 longinqua
1599 720 1656 754 est
1671 719 1886 766 speculatio
1912 720 2168 767 intellectiva,
2201 721 2270 758 fiat
2298 732 2391 769 pro-

251 773 357 809 tione
387 774 556 821 judicis,
594 786 713 822 quam
748 777 930 823 exprimit
957 777 997 813 in
1028 778 1088 814 his
1118 777 1279 814 verbis:
1358 780 1510 827 pinqua
1528 779 1739 827 postulatio
1771 780 1962 817 affectiva.
1982 783 2024 818 Et
2050 785 2144 819 nota
2164 782 2266 820 circa
2325 783 2391 819 de·
2437 794 2546 828 Depre-

250 834 399 870 Servavz'
429 837 603 872 mandata
635 840 715 881 τιιιι,
751 841 943 885 quantum
982 839 1034 875 ad
1070 840 1280 887 imperium
1357 842 1644 888 precationem,
1664 840 1859 888 triplicem
1877 842 2177 889 proprietatem,
2207 843 2391 881 videlicet
2419 834 2542 902 ζζξιῖζξ

249 895 392 931 divinae
412 897 647 944 voluntatis3
668 900 711 934 Et
735 901 942 936 testimonia
967 903 1055 945 tua,
1088 903 1278 947 quantum
1356 902 1636 948 humilitatem,
1685 903 1972 947 assiduitatem,
2022 903 2345 941 affectuositatem
2378 919 2387 942 :
2417 883 2544 950 prossrie-

247 956 300 992 ad
316 957 512 1004 judicium
538 960 681 996 divinae
713 960 884 997 veritatis
899 973 910 1006 3
942 963 1036 1005 Quia
1069 973 1185 999 omnes
1212 966 1280 999 vc'ae

246 1029 354 1065 meae,
381 1023 574 1067 quantum
609 1022 662 1058 ad
687 1022 779 1058 vitia
813 1023 997 1059 humanae
1028 1023 1277 1070 temeritatis;

245 1083 288 1117 In
308 1087 494 1128 conspectu
524 1089 606 1126 tuo,
630 1087 822 1132 quantum
843 1085 894 1122 ad
911 1086 1106 1131 judicium
1135 1087 1278 1124 divinae

244 1143 469 1181 severitatis.

613 1244 831 1273 VERSICULUS
857 1246 909 1272 lx.

294 1333 372 1368 169.
393 1333 668 1378 Appropinquet
687 1332 890 1378 deprecatio
908 1343 997 1378 mea,
1017 1335 1088 1370 etc.
1113 1334 1277 1371 Octona-

240 1392 322 1428 rius
339 1393 446 1440 prior
465 1394 672 1441 proposuit
696 1394 976 1441 persecutionis
992 1395 1190 1442 gladium,
1212 1406 1277 1433 oc-

239 1453 414 1490 tonarius
423 1454 494 1491 iste
504 1456 696 1502 posterior
705 1456 870 1503 apponit
877 1457 1064 1493 orationis
1075 1456 1255 1504 clypeum
1264 1486 1272 1494 .

239 1517 281 1552 In
316 1517 426 1563 cujus
456 1517 579 1564 priori
612 1519 862 1565 quaternario
895 1522 1134 1566 praenotatur
1165 1519 1274 1556 istius

240 1577 369 1626 clypei
388 1578 600 1626 spiritualis
614 1580 773 1625 erecti03
792 1581 834 1616 in
846 1580 1053 1628 posteriori
1067 1591 1160 1617 vero
1181 1581 1275 1617 sub-

238 1642 395 1677 notatur
433 1640 554 1687 ipsius
588 1642 789 1688 protectio.
828 1645 870 1679 In
911 1642 1090 1687 ejusdem
1126 1643 1271 1690 clypei,

238 1701 385 1738 scilicet
404 1701 592 1738 orationis
605 1703 815 1748 erectione,
828 1703 982 1740 videtur
992 1703 1091 1740 fides
1110 1704 1270 1750 instare,

238 1773 326 1810 spes
345 1763 518 1810 pulsare,
538 1763 705 1800 charitas
730 1765 796 1800 Dei
814 1764 974 1810 intrare,
995 1765 1164 1801 charitas
1182 1775 1272 1811 pro-

236 1824 333 1860 ximi
351 1824 579 1871 impetrare3
600 1825 698 1861 sicut
735 1828 905 1873 quatuor
934 1836 1070 1862 versus
1102 1836 1271 1872 praeam-

236 1885 323 1922 buli
341 1888 526 1922 resonant
552 1885 643 1921 satis
673 1886 793 1924 clare.
825 1887 996 1930 Qualiter
1015 1889 1147 1923 autem
1171 1887 1271 1924 fides

235 1946 373 1991 instat,
410 1957 481 1994 per
518 1957 677 1983 versum
719 1947 895 1994 primum
938 1939 1270 1996 Psalmographus

235 2009 402 2045 fideliter
421 2008 654 2045 manifestat.
693 2009 805 2045 Fides
841 2009 969 2054 enim,
990 2012 1181 2057 tanquam
1202 2011 1270 2048 ha-

236 2071 340 2107 bitus
361 2073 439 2107 Deo
459 2070 637 2116 devotus,
660 2070 731 2107 sed
745 2071 795 2107 ab
811 2081 857 2107 eo
869 2073 1062 2117 remotu53
1086 2071 1269 2119 devotus,

235 2132 414 2179 inquam,
435 2131 598 2178 affectu,
618 2132 687 2168 sed
710 2134 886 2169 remotus
920 2133 1119 2169 intellectu
1140 2146 1150 2170 2
1174 2134 1269 2182 quia

234 2193 342 2230 videt
359 2204 430 2241 per
446 2193 671 2241 speculum,
698 2204 780 2231 non
808 2194 924 2231 oculo
945 2194 998 2231 ad
1018 2195 1179 2231 oculum
1187 2207 1199 2241 3
1221 2206 1267 2232 ex

236 2266 317 2303 quo
345 2266 427 2293 non
454 2257 583 2303 potest
616 2255 767 2292 mittere
801 2267 917 2292 suum
948 2255 1189 2293 intellectum
1215 2257 1268 2294 ad

235 2318 416 2354 divinum
447 2319 672 2364 aspectum,
701 2317 817 2354 mittit
843 2328 959 2353 suum
978 2317 1175 2364 affectum,
1196 2329 1266 2365 pe-

234 2382 319 2416 tens
356 2389 380 2415 a
421 2380 498 2414 Deo
535 2378 747 2414 mirificum
785 2377 1031 2415 liberationis
1060 2378 1264 2426 effectum,

230 2441 342 2486 Juxta
366 2439 571 2487 publicum
602 2439 906 2476 instrumentum
944 2450 1061 2487 super
1092 2451 1140 2477 eo
1173 2451 1264 2478 con-

232 2502 389 2539 fectum.
411 2503 490 2538 Hoc
520 2500 823 2537 instrumentum
851 2501 1058 2548 publicum
1089 2503 1145 2538 est
1164 2502 1266 2540 illud

235 2563 439 2610 eloquium
452 2562 723 2608 evangelicum
743 2563 756 2584 ³
779 2575 787 2598 ε
811 2574 827 2596 «
848 2563 986 2600 Omnia
1001 2574 1264 2612 quaecumque

235 2626 390 2662 orantes
407 2624 549 2671 petitiS,
574 2623 718 2660 credite
744 2624 838 2671 quia
866 2624 1088 2672 accipietis,
1111 2628 1147 2663 et
1177 2636 1264 2663 eve-

233 2687 340 2723 nient
359 2686 485 2723 vobis.
509 2699 526 2721 »
548 2688 757 2733 Propterea
776 2685 869 2722 dicit
887 2687 1079 2734 Propheta
1098 2699 1106 2723 :
1128 2688 1266 2734 Appro-

228 2750 396 2795 pinquet,
416 2751 505 2793 etc„
531 2758 578 2784 ac
609 2747 640 2783 si
668 2747 771 2784 dicat
804 2758 812 2783 :
843 2748 1143 2796 Appropinquet
1169 2749 1265 2786 fidei

231 2810 459 2858 petitorium
478 2810 520 2846 in
539 2810 605 2846 Dei
631 2809 925 2856 consistorium,
954 2811 1065 2857 juxta
1092 2811 1264 2848 veritatis

233 2878 460 2925 eloquium,
496 2880 633 2925 petens
678 2877 878 2925 potestatis
912 2877 1120 2924 judicium.
1156 2879 1264 2917 Unde

231 2938 529 2986 perpendimus,
550 2939 660 2986 quod
692 2942 861 2986 quatuor
884 2940 1055 2976 continet
1083 2940 1153 2977 iste
1180 2952 1266 2978 ver—

233 3010 314 3045 sus,
331 2999 513 3036 videlicet
527 3000 621 3036 fidei
640 3000 880 3048 petitorium,
895 3002 959 3037 Dei
974 3001 1262 3050 consistorium,

232 3061 403 3099 veritatis
420 3061 636 3109 eloquium,
652 3064 689 3098 et
706 3061 904 3109 potestatis
920 3063 1116 3108 judicium
1137 3075 1146 3100 z
1168 3075 1266 3112 quo-

232 3133 322 3160 rum
339 3122 513 3170 primum
540 3123 707 3170 pertinet
733 3123 786 3159 ad
810 3123 1031 3160 humanum
1057 3125 1261 3174 affectum,

280 3235 291 3256 ¹
306 3233 379 3274 Job,
394 3242 470 3271 xm,
490 3237 537 3266 itt.
557 3252 596 3257 —
613 3235 624 3253 ²
640 3234 774 3273 Jerem„
792 3243 890 3276 xv111,
916 3238 968 3268 25.
988 3254 1027 3260 --
1042 3238 1053 3255 ³
1072 3239 1190 3278 Marc„
1215 3246 1263 3279 xi,

235 3281 287 3312 24.
312 3298 354 3304 -
382 3281 392 3299 ⁴
416 3281 545 3320 Juditlz,
568 3290 617 3321 lx,
641 3283 688 3314 16.
710 3299 751 3305 —
770 3282 783 3303 ⁶
799 3282 884 3322 lac„
904 3291 937 3323 v,
964 3285 1012 3315 16.
1033 3301 1073 3307 —-
1095 3285 1107 3306 ὃ
1129 3286 1260 3326 det-cm„

234 3334 366 3367 xxxvn,
388 3329 439 3360 19.
459 3345 500 3351 -
521 3328 531 3346 ⁷
550 3328 642 3360 Psal.
665 3336 741 3369 οη,
761 3330 793 3361 2.
810 3345 849 3352 —
867 3329 881 3351 ⁸
903 3330 995 3362 Psal.
1014 3338 1099 3372 xvu,
1120 3332 1151 3373 7,
1175 3334 1204 3365 8.
1226 3351 1259 3355 —

235 3372 247 3390 ⁹
266 3372 385 3413 Eccli„
403 3381 502 3415 xvm,
521 3375 576 3408 20.

1355 964 1556 1001 humilitas
1592 964 1763 1001 multum
1789 964 1940 1012 placet3
1976 965 2184 1002 assiduitas
2220 967 2390 1004 multum

1356 1021 1481 1069 valet3
1522 1023 1591 1059 sed
1628 1023 1891 1060 affectuositas
1936 1023 2106 1060 multum
2151 1027 2295 1062 movet.
2338 1028 2389 1063 De

1354 1086 1485 1132 primo
1505 1086 1518 1107 4
1541 1098 1549 1122 :
1569 1099 1587 1120 «
1605 1086 1822 1123 Humilium
1841 1090 1878 1124 et
1906 1090 2203 1125 mansuetorum
2234 1099 2389 1136 semper

1354 1147 1426 1183 tibi
1458 1147 1606 1195 placuit
1635 1148 1860 1195 deprecatio
1890 1162 1899 1186 ε
1934 1162 1952 1184 »
1985 1160 2073 1186 ecce
2101 1149 2389 1198 deprecationis

1353 1208 1567 1246 humilitas.
1595 1211 1646 1246 [te
1675 1211 1850 1247 secundo
1869 1211 1882 1233 ὅ
1905 1223 1913 1247 :
1935 1223 1952 1245 «
1985 1212 2147 1248 Multum
2179 1212 2286 1248 valet
2321 1212 2389 1249 de-

1353 1272 1526 1319 precatio
1551 1273 1643 1319 justi
1664 1273 1821 1310 assidua
1843 1286 1885 1310 z»
1909 1284 1995 1311 ecce
2021 1273 2305 1321 deprecationis
2328 1284 2388 1309 as-

1353 1333 1527 1371 siduitas.
1560 1337 1610 1371 De
1630 1335 1742 1372 tertio
1763 1337 1776 1358 ⁶
1797 1347 1806 1371 :
1832 1350 1849 1369 «
1869 1335 2030 1373 Domine
2063 1336 2115 1372 mi
2146 1346 2230 1382 rex,
2255 1335 2387 1372 valeat

1353 1395 1577 1443 deprecatio
1608 1407 1699 1433 mea
1727 1397 1768 1432 in
1802 1400 2015 1445 conspectu
2033 1400 2102 1434 tuo
2124 1409 2133 1434 :
2154 1411 2171 1430 »
2196 1407 2285 1434 ecce
2317 1397 2386 1434 de-

1350 1457 1585 1503 precationis
1608 1458 1883 1495 affectuositas

1672 1562 1856 1597 Articulus
1873 1562 2057 1598 secundus.

2420 959 2474 984 tas.

1398 1642 1464 1678 Dei
1484 1642 1760 1679 consistorium
1779 1643 2034 1690 subnotatur,
2064 1656 2155 1682 cum
2175 1646 2381 1685 subditur:
2404 1659 2457 1687 Dei
2477 1668 2543 1687 oon-

1348 1705 1392 1740 In
1411 1707 1598 1749 conspectu
1612 1707 1684 1739 tuo.
1701 1705 1771 1740 Iste
1791 1708 2022 1752 conspectus
2042 1709 2097 1743 est
2112 1708 2239 1753 justus
2253 1710 2383 1746 etrec-

1350 1767 1424 1809 tus,
1441 1765 1482 1800 in
1501 1775 1581 1811 quo
1604 1764 1696 1801 facit
1713 1765 2028 1803 misericordiam
2046 1768 2248 1815 Dominus,
2269 1772 2307 1807 et
2321 1771 2382 1817 Ju-

1349 1826 1498 1862 dicium
1516 1826 1702 1873 injuriam
1727 1827 1978 1873 patientibus
1999 1832 2043 1866 Et
2061 1833 2175 1877 nota,
2197 1833 2308 1879 quod
2331 1833 2382 1869 si-

1349 1890 1413 1924 cut
1429 1887 1570 1933 legitur
1589 1887 1630 1923 in
1649 1887 1869 1935 Scriptura,
1889 1889 1932 1925 in
1963 1890 2032 1927 illo
2065 1892 2297 1931 consistorio
2316 1905 2382 1942 pe-

1347 1949 1430 1985 titio
1453 1949 1648 1995 dirigitur,
1669 1949 1820 1986 clamor
1845 1951 2023 1997 auditur,
2060 1954 2286 2001 propitiatio
2320 1956 2380 1993 in-

1346 2011 1514 2048 venitur.
1536 2011 1573 2047 Si
1593 2011 1748 2058 quaeris,
1770 2023 1850 2060 quo
1881 2013 2034 2050 modo?
2053 2025 2136 2052 non
2166 2027 2278 2063 meo,
2310 2019 2380 2055 sed

1347 2073 1483 2110 divino
1516 2073 1778 2121 respondetur
1808 2074 1968 2122 eloquio
1993 2087 2002 2112 :
2024 2076 2138 2123 quia,
2172 2078 2214 2114 ni
2243 2079 2378 2126 fallor,

1344 2135 1480 2183 petitio
1501 2135 1682 2182 dirigitur
1709 2146 1780 2183 per
1811 2136 2029 2174 humanam
2059 2138 2380 2178 benevolentiam

1345 2196 1516 2233 suaviter
1534 2197 1793 2244 fumigantem
1800 2210 1811 2244 3
1836 2198 1986 2235 clamor
2011 2199 2170 2236 auditur
2185 2212 2257 2248 per
2277 2202 2377 2239 divi-

1345 2268 1438 2295 nam
1453 2258 1642 2304 justitiam
1668 2258 1888 2297 malevolos
1908 2260 2078 2306 graviter
2098 2262 2352 2309 castigantem
2363 2277 2375 2310 ;

1343 2318 1570 2366 propitiatio
1601 2319 1796 2356 invenitur
1832 2331 1903 2368 per
1941 2321 2120 2360 divinam
2155 2324 2378 2362 misericor-

1345 2380 1453 2417 diam
1491 2381 1710 2417 benevolos
1746 2382 1999 2420 mulcebriter
2029 2384 2285 2431 mitigantem.
2323 2389 2375 2424 De

1342 2441 1472 2490 primo
1490 2452 1561 2488 per
1579 2442 1932 2491 Psalmographum
1962 2444 2104 2483 dicitur
2121 2445 2134 2467 ⁷
2158 2458 2167 2483 ε
2191 2459 2211 2482 ι(
2228 2448 2376 2495 Diriga-

1342 2506 1404 2540 tur
1436 2503 1560 2540 oratio
1596 2514 1686 2541 mea
1724 2505 1823 2541 sicut
1852 2505 2056 2543 incensum
2087 2507 2129 2544 in
2163 2513 2376 2557 conspectu

1341 2568 1409 2602 tuo
1434 2577 1442 2601 :
1464 2579 1481 2600 »
1507 2576 1596 2602 ecce
1624 2566 1822 2613 petitionis
1854 2567 2016 2605 directio
2051 2579 2122 2616 per
2155 2569 2374 2608 humanam

1340 2627 1658 2664 benevolentiam
1671 2628 1840 2665 suaviter
1848 2628 2120 2676 fumigantem.
2136 2632 2186 2667 De
2198 2631 2372 2669 secundo

1341 2699 1411 2736 per
1431 2689 1666 2736 Prophetam
1691 2689 1872 2737 psallitur
1890 2691 1928 2727 ⁸:
1955 2691 2150 2728 «Clamor
2184 2703 2297 2731 meus
2332 2694 2373 2731 in

1342 2754 1553 2798 conspectu
1571 2752 1668 2798 eJ'us,
1688 2751 1864 2789 introivit
1875 2752 1917 2789 in
1929 2763 2044 2790 aures
2054 2754 2086 2800 ej
2094 2765 2137 2790 us
2151 2767 2160 2791 ε
2174 2759 2373 2795 commota

1342 2817 1411 2859 est,
1431 2817 1468 2850 et
1486 2814 1721 2851 contremuit
1746 2817 1867 2862 terra3
1900 2815 2157 2855 fundamenta
2175 2819 2372 2857 montium

1341 2876 1575 2913 conturbata
1610 2877 1712 2922 sunt,
1746 2878 1782 2913 et
1803 2878 2003 2914 commota
2039 2881 2142 2924 sunt,
2181 2881 2373 2927 quoniam

1340 2938 1460 2975 iratus
1480 2940 1535 2974 est
1554 2937 1608 2974 eis
1630 2949 1672 2974 ε»
1696 2948 1785 2975 ecce
1816 2938 2001 2976 clamoris
2036 2939 2187 2977 auditio
2207 2952 2278 2988 per
2309 2942 2371 2979 di-

1340 3002 1476 3039 vinam
1497 3000 1688 3048 JustitIam
1707 3000 1941 3047 malevolos,
1964 3003 2044 3039 tam
2075 3001 2234 3039 infimos
2250 3014 2372 3052 quam

1337 3073 1563 3111 supremos,
1584 3063 1753 3110 graviter
1782 3062 2048 3110 castigantem.
2073 3065 2124 3100 De
2145 3065 2260 3103 tertio
2279 3066 2372 3103 scri-

1339 3128 1447 3165 bitur
1466 3128 1478 3150 ³
1497 3140 1507 3162 :
1534 3139 1551 3160 «
1575 3129 1669 3164 Ante
1685 3125 1882 3173 ¹iudicium
1900 3126 2099 3173 interroga
2110 3129 2146 3164 te
2164 3127 2316 3175 ipsum,
2335 3131 2372 3166 et

1338 3190 1380 3226 in
1389 3190 1600 3236 conspectu
1624 3187 1690 3223 Dei
1709 3187 1883 3224 invenies
1901 3187 2219 3235 propitiationem
2229 3201 2241 3235 ς
2259 3202 2277 3226 »
2293 3190 2370 3229 hoc

1339 3254 1396 3288 est
1421 3262 1429 3287 :
1452 3252 1550 3287 Dum
1574 3249 1753 3286 divinum
1766 3248 1961 3294 judicium
1970 3252 2229 3297 prorogatur,
2249 3253 2288 3289 et
2300 3252 2371 3290 mi-

1338 3312 1494 3350 serandi
1527 3311 1696 3359 spatium
1731 3313 1933 3357 erogatur,
1972 3311 2170 3360 interroga
2190 3315 2369 3364 temetip-

1339 3384 1427 3411 sum
1435 3386 1446 3420 ;
1479 3383 1528 3410 ne
1561 3371 1734 3410 fortassis
1753 3371 2115 3412 immisericorditer
2132 3374 2369 3424 irrogaveris

2428 1701 2498 1728 sisto
2503 1715 2514 1721 -

2429 1741 2516 1770 rium.
