2633 3878
251 283 300 320 42
941 276 1385 322 iLLUMlNATtoNES
1416 278 1678 320 ECCLESlAE

247 369 430 420 decimo,
474 379 700 409 excussum
735 367 984 419 ventilatum
1025 368 1268 419 undecimo,

247 437 495 477 ventilatum
534 436 729 486 molitur3
778 436 950 486 ultimo,
1000 437 1043 476 in
1091 448 1272 476 massam

247 509 364 560 panis
384 507 685 560 compingitur.
708 507 843 548 Simili
864 507 987 548 modo
1008 510 1069 547 est
1092 507 1142 548 de
1162 507 1272 547 dono

244 579 489 619 intellectus.
518 577 623 619 Nam
656 578 886 619 intellectus
917 581 978 618 est
1012 578 1160 630 regula
1190 577 1273 617 cir-

244 650 603 703 cumspectionum
658 649 898 689 moralium.
951 647 1066 689 Unde
1112 648 1273 689 dicebat

244 720 351 761 Deus
370 721 421 761 ad
443 721 571 761 David
592 721 602 742 ¹
621 735 629 761 ε
653 736 671 758 (1
693 719 952 760 Intellectum
985 719 1059 759 tibi
1078 719 1209 770 dabo,
1232 722 1273 760 et

243 793 448 833 instruam
475 795 515 832 te
536 792 579 831 in
603 792 671 832 via
691 791 792 841 hac,
821 802 906 843 qua
933 790 1166 842 gradieris:
1197 791 1269 830 sn·-

245 864 367 904 mabo
401 875 526 915 super
559 866 600 903 te
627 862 769 903 oculos
804 874 935 902 meos..
968 860 1060 902 Noli
1088 873 1193 913 ergo
1218 861 1268 914 (a)

245 936 334 976 sieri
361 935 465 975 sicut
491 946 626 987 equus
654 936 695 974 et
724 933 885 983 mulus,
916 933 1072 986 quibus
1097 944 1182 973 non
1211 936 1273 973 est

245 1006 493 1046 intellectus.
513 1019 530 1041 ))
549 1004 658 1045 Deus
678 1004 935 1044 intellectum
959 1003 1184 1056 promittit;
1209 1016 1272 1044 re-

244 1076 422 1129 cipiendi
468 1076 644 1116 modum
685 1075 886 1125 ostendit,
929 1074 1097 1128 quando
1135 1075 1237 1115 dicit
1258 1090 1266 1116 :

251 1164 268 1185 «
295 1147 487 1188 Firmabo
517 1159 644 1198 super
668 1149 708 1187 te
736 1146 878 1186 oculos
912 1158 1042 1186 meos.
1077 1161 1096 1183 »
1123 1145 1272 1186 Divina

245 1218 546 1270 complacentia
567 1220 749 1270 acceptat
770 1217 881 1270 quod
902 1217 1093 1266 facimus,
1116 1228 1269 1269 appro-

245 1289 381 1329 bando
406 1289 447 1329 111
478 1289 695 1342 praesenti,
721 1291 761 1328 et
788 1287 1098 1328 remunerando
1129 1287 1171 1327 111
1202 1287 1269 1328 su-

245 1364 353 1401 turo.
379 1360 421 1401 Si
447 1361 513 1401 vis
536 1373 639 1413 ergo
665 1360 855 1411 regulari
878 1359 1111 1399 secuudum
1138 1371 1267 1411 regu-

246 1431 326 1472 lam
360 1432 614 1481 intellectus,
652 1443 738 1471 non
771 1431 827 1471 sis
859 1430 1060 1480 bestialis,
1099 1430 1169 1470 sed
1201 1442 1270 1470 re-

244 1502 425 1555 gularis3
459 1515 543 1543 non
575 1502 773 1554 dirigaris
803 1502 1036 1543 secundum
1063 1501 1271 1554 impetum

244 1586 412 1622 sensus,
454 1574 522 1614 sed
562 1573 795 1614 secundum
829 1573 1040 1625 judicium
1071 1573 1266 1622 rationis;

244 1644 433 1697 alioquin
456 1644 613 1685 accidet
629 1645 720 1695 tibi,
743 1644 856 1697 quod
879 1643 1025 1684 accidit
1043 1643 1160 1694 Adae,
1180 1644 1267 1696 qui,

243 1718 480 1768 contempta
500 1716 653 1768 regula
678 1716 888 1767 veritatis,
913 1718 1082 1756 secutus
1102 1718 1164 1756 est
1189 1715 1272 1756 1115-

243 1787 421 1827 tinctum
444 1787 652 1838 mulieris,
676 1790 717 1828 et
743 1787 895 1828 mulier
922 1787 1166 1828 instinctum
1187 1799 1270 1828 ser·

242 1858 392 1911 pontis.
419 1875 437 1896 «
458 1860 469 1880 ²
491 1858 626 1899 Homo
646 1871 743 1899 011111
764 1858 807 1899 in
834 1859 995 1899 honore
1024 1861 1157 1908 esset,
1185 1871 1270 1899 non

243 1929 462 1970 intellexit.
490 1945 508 1967 »
536 1930 774 1971 Intellectus
804 1930 1080 1983 prudentialis
1099 1930 1272 1971 instruit

242 2001 459 2042 hominem
491 2002 725 2042 secundum
755 2002 962 2042 dictamen
989 2002 1143 2042 divinae
1164 2002 1270 2054 legis

243 2072 286 2112 in
306 2073 465 2113 tribus:
489 2073 590 2125 (111111
612 2073 879 2123 evitandum,
909 2073 1007 2126 quia
1035 2085 1159 2114 omne
1187 2085 1272 2113 ma-

243 2143 331 2184 11110
349 2159 358 2194 ;
379 2144 479 2197 quid
497 2144 808 2197 exequendum,
829 2144 927 2197 quia
946 2156 1071 2185 omne
1091 2145 1268 2185 bonuau:

244 2214 347 2267 quid
369 2215 696 2267 expectandum,
730 2216 830 2268 quia
850 2227 1068 2255 summum
1091 2216 1268 2256 bonum.

297 2284 441 2326 Primo
462 2286 698 2327 intellectus
728 2286 1005 2339 prudentialis
1030 2287 1147 2327 docet
1170 2286 1272 2339 quid

245 2357 512 2408 evitandum,
543 2358 642 2410 quia
671 2369 796 2398 omne
827 2357 1002 2398 maium.
1028 2357 1145 2398 Unde
1174 2358 1273 2398 dicit

245 2428 420 2480 Sapiens
440 2429 453 2450 ³
477 2443 485 2469 :
510 2444 528 2466 (1
548 2428 590 2469 Si
620 2429 892 2469 inclinaveris
930 2441 1000 2468 cor
1021 2431 1141 2469 tuum
1169 2441 1272 2481 pru-

243 2498 416 2549 dentiae,
439 2502 479 2539 et
495 2500 618 2552 quasi
640 2501 862 2553 pecuniam
884 2500 1101 2553 quaesieris
1131 2500 1267 2551 illam,

243 2572 285 2610 et
310 2570 503 2611 effoderis
531 2572 649 2624 quasi
678 2572 952 2621 thesaurum,
983 2577 1083 2612 tunc
1115 2571 1271 2612 intelli-

247 2653 322 2692 ges
340 2641 538 2682 timorem
562 2642 748 2692 Domini,
771 2646 809 2684 et
830 2643 1046 2684 scientiam
1066 2642 1137 2683 Dei
1158 2643 1272 2684 inve-

244 2712 347 2752 nies.
372 2726 390 2749 11
416 2711 495 2762 Qui
526 2712 785 2753 intellectum
807 2714 937 2754 istum
968 2714 1059 2754 vult
1086 2713 1269 2765 habere,

245 2781 367 2823 debet
387 2795 579 2835 quaerere
599 2796 697 2824 cum
716 2784 922 2824 desiderio
940 2783 1099 2834 cordis,
1119 2787 1157 2824 et
1174 2796 1271 2824 cum

245 2853 382 2894 studio
402 2855 554 2906 operis.
576 2854 694 2895 Tunc
722 2855 906 2895 inveniet
927 2855 1056 2895 homo
1076 2854 1272 2895 timorem

246 2926 435 2976 Domini,
459 2929 498 2966 et
520 2926 738 2967 scientiam
761 2926 846 2966 Dei.
869 2926 1013 2967 Omnis
1032 2925 1175 2976 homo,
1200 2926 1273 2978 (1111

246 2997 338 3037 vult
356 2997 400 3036 in
419 2997 579 3037 bonum
599 2997 740 3049 dirigi,
760 2997 881 3037 debet
898 2997 1047 3037 timere
1063 2996 1210 3047 Deum,
1227 3000 1274 3037 ut

224 3067 349 3107 ⁴vitet
374 3067 553 3117 malum,
582 3067 681 3120 quia
703 3082 722 3105 «
752 3071 765 3091 ⁸
789 3070 982 3107 sanctum
1015 3070 1054 3107 et
1087 3067 1274 3108 terribile

246 3150 400 3178 nomen
422 3139 513 3191 eJus
533 3152 541 3178 :
562 3137 730 3178 initium
751 3138 966 3191 sapientiae
989 3138 1113 3178 timor
1131 3138 1271 3179 Domi-

247 3209 320 3248 ni:
356 3208 592 3249 intellectus
623 3208 760 3249 bonus
798 3209 996 3249 omnibus
1027 3209 1274 3250 facientibus

248 3291 397 3320 eum.»
418 3284 430 3304 ⁵
451 3295 469 3318 (1
484 3279 587 3320 Εο00
605 3280 732 3321 timor
754 3280 935 3329 Domini,
950 3281 1040 3333 ipsa
1060 3281 1109 3333 (b)
1127 3284 1189 3321 est
1204 3293 1269 3321 sa-

248 3349 426 3402 pientia,
447 3354 488 3391 et
518 3351 711 3392 recedere
730 3363 755 3391 a
773 3351 905 3402 malo,
933 3351 1225 3403 intelligentia.
1249 3366 1267 3388 ))

292 3434 297 3449 ¹
317 3431 407 3462 Psal.
423 3440 517 3471 xxxi,
534 3435 563 3471 8,
582 3435 598 3465 9
614 3451 656 3457 —-
674 3435 688 3456 ²
707 3433 798 3465 Psal.
819 3441 938 3474 vatu,
960 3436 1006 3474 13,
1025 3436 1115 3466 21.—
1133 3433 1146 3455 ³
1163 3435 1274 3473 Pron„

251 3486 287 3519 11,
309 3481 373 3510 3-5.
395 3497 431 3501 ——
458 3479 469 3499 ⁸
489 3480 576 3512 Psal.
599 3489 661 3519 cx,
683 3483 714 3522 9,
744 3485 792 3514 10.
813 3498 852 3505 -
876 3484 886 3500 ·’·
906 3482 980 3516 Job,
1007 3489 1135 3521 xxvln,
1162 3483 1212 3513 28.
1236 3498 1274 3504 —-

251 3527 387 3563 8Ρν·01·.,
407 3533 477 3567 xiv,
498 3528 561 3559 8-9.
577 3545 617 3550 -
637 3530 646 3546 ⁷
663 3529 781 3570 Eccli.,
806 3537 839 3570 v,
862 3532 910 3561 14.
931 3546 971 3552 —
990 3529 1004 3550 ⁸
1025 3529 1115 3570 Sap„
1139 3537 1162 3568 1,
1183 3531 1214 3559 5.
1234 3545 1274 3551 —

250 3574 261 3587 ¹·
292 3572 464 3613 Ambros„
491 3573 525 3604 in
556 3573 648 3605 Psal.
680 3582 841 3608 1111111.-
872 3577 896 3595 ¹⁰
929 3576 1037 3617 Pron„
1069 3583 1161 3616 xvn,
1191 3576 1274 3608 8.-

1349 366 1489 419 Igitur
1532 367 1767 410 intellectus
1803 368 2083 422 prudentialis
2113 369 2233 411 docet
2268 371 2373 424 quid

1348 439 1591 490 vitandum,
1615 440 1716 492 quia
1747 452 1871 481 omne
1897 445 2073 481 malum.
2096 439 2287 483 Secundo
2306 441 2373 482 in·

1348 510 1535 552 tellectns
1554 512 1830 564 prudentialis
1857 513 1975 553 docet
2005 513 2106 565 quid
2127 514 2342 565 agendum
2360 545 2370 563 ,

1347 581 1447 633 quia
1465 594 1591 622 omne
1610 582 1768 623 bonum
1783 615 1792 633 ,
1816 583 2047 623 secundum
2074 583 2184 623 viam
2205 583 2373 625 interio-

1348 652 1405 692 ris
1424 653 1654 704 cogitatus,
1676 656 1716 693 et
1735 654 1954 695 exterioris
1971 657 2102 704 actus,
2119 657 2159 695 et
2172 655 2375 696 labilioris

1347 722 1513 762 affatus.
1547 722 1760 775 Scriptum
1789 727 1853 764 est
1881 728 1894 750 ⁶
1918 735 1928 764 ε
1965 738 1984 762 (1
2011 724 2103 765 Νο0
2138 725 2318 766 declines
2349 737 2375 766 a

1346 792 1457 844 lege,
1476 795 1523 833 ut
1541 793 1752 846 intelligas
1766 798 1916 835 cuncta
1930 807 2026 848 quae
2046 796 2153 848 agis.
2168 796 2310 837 Callicli
2324 797 2371 849 (0)

1346 867 1407 904 051
1425 864 1660 917 intelligere
1676 865 1791 906 viam
1803 877 1968 906 suam.»
1987 866 2000 887 '¹
2015 881 2033 904 11
2047 866 2089 907 Si
2102 867 2244 907 esttibi
2260 867 2376 909 intel-

1347 934 1493 985 lectus,
1515 936 1721 988 responde
1740 936 1936 988 proximo
1954 938 2028 977 tuo
2044 951 2054 987 ;
2076 937 2138 977 sin
2151 939 2309 988 autem,
2323 938 2375 978 sit

1347 1016 1496 1046 manus
1531 1008 1605 1046 tua
1644 1019 1771 1060 super
1808 1018 1855 1047 os
1892 1010 2031 1048 tuum.
2048 1022 2066 1045 »
2104 1011 2117 1033 8
2155 1007 2372 1061 «Spiritus

1346 1079 1513 1117 sanctus
1531 1077 1760 1131 disciplinae¹
1781 1078 1957 1130 effugiet
1976 1079 2137 1128 fictum,
2155 1080 2193 1119 et
2214 1078 2376 1119 auferet

1345 1159 1388 1188 se
1402 1160 1425 1187 a
1439 1149 1771 1200 cogitationibus
1785 1161 1880 1203 quae
1893 1152 1992 1190 sunt
2005 1150 2094 1190 sine
2108 1149 2335 1190 intellectu.
2348 1162 2367 1188 1)

1345 1218 1597 1261 Ambrosius
1614 1221 1627 1242 ⁹
1647 1221 1767 1271 dicit,
1797 1221 1911 1274 quod
1943 1221 2049 1261 nihii
2079 1221 2282 1262 debemus
2307 1221 2373 1261 10-

1345 1290 1439 1341 qui,
1471 1291 1538 1331 vel
1569 1303 1696 1343 agere
1711 1322 1724 1341 ,
1749 1292 1798 1332 de
1823 1304 1908 1344 quo
1927 1304 2012 1332 non
2034 1303 2258 1344 possumus
2277 1291 2374 1332 red-

1345 1361 1444 1401 dere
1478 1362 1702 1403 rationem.
1743 1363 1883 1404 Tertio
1920 1363 2092 1404 instruit
2136 1364 2373 1404 intellectus

1345 1432 1624 1485 prudentialis
1654 1434 1756 1487 quid
1788 1435 2118 1487 expectandum,
2141 1435 2239 1488 quia
2259 1447 2377 1475 sum-

1345 1517 1440 1546 sum
1462 1506 1640 1546 bonum.
1659 1506 1707 1546 In
1721 1506 1959 1549 Proverbiis
1970 1506 2129 1558 legitur
2145 1506 2174 1528 ¹⁰
2191 1520 2199 1546 ε
2219 1521 2238 1546 1(
2250 1505 2374 1547 Gem-

1347 1588 1417 1617 ma
1438 1577 1679 1629 gratissima
1697 1578 1931 1630 expectatio
1946 1577 2228 1630 praestolantis
2248 1589 2257 1617 :
2275 1590 2377 1631 quo-

1347 1659 1530 1702 cumque
1561 1661 1604 1689 se
1623 1649 1817 1699 verterit,
1845 1649 2079 1702 prudenter
2106 1648 2327 1701 intelliget.
2350 1663 2370 1687 »

1349 1717 1395 1758 In
1416 1719 1615 1759 omnibus
1636 1719 1814 1770 agendis
1828 1722 1867 1759 et
1885 1719 2098 1760 imitandis
2112 1719 2233 1760 debet
2248 1720 2376 1761 homo

1347 1788 1409 1829 uti
1453 1789 1626 1829 consilio
1663 1789 1774 1829 finis.
1814 1788 1938 1829 Grata
1956 1821 1968 1839 ,
2010 1789 2096 1830 imo
2136 1789 2379 1841 gratissima

1349 1871 1553 1912 gemma,
1587 1863 1648 1900 est
1678 1861 1840 1900 bonum
1873 1863 2096 1901 aeternum.
2134 1860 2180 1900 In
2210 1861 2378 1903 Bartsch

1349 1930 1507 1982 legitur
1529 1931 1554 1952 ¹¹
1581 1945 1589 1970 :
1619 1947 1637 1969 (1
1657 1931 1771 1971 Disce
1790 1931 1863 1971 ubi
1884 1931 1936 1970 sit
1955 1931 2208 1983 prudentia,
2230 1932 2303 1972 ubi
2325 1932 2379 1973 sit

1345 2003 1606 2052 intellectus,
1629 2005 1676 2043 ut
1710 2004 1844 2054 scias,
1867 2003 1940 2043 ubi
1973 2004 2025 2044 sit
2055 2004 2201 2045 lumen
2232 2004 2377 2045 oculo-

1345 2085 1466 2125 rum,
1487 2078 1528 2114 et
1547 2087 1644 2128 pax.
1670 2088 1688 2111 »
1719 2074 1921 2124 Quocirca
1941 2075 2093 2115 dicitur
2112 2077 2157 2115 in
2178 2076 2375 2118 Deutero-

1344 2148 1487 2190 nomio
1508 2147 1536 2169 ¹²
1558 2162 1565 2188 ε
1589 2146 1730 2187 «Gens
1752 2147 1907 2199 absque
1928 2146 2100 2187 consilio
2121 2150 2202 2198 est,
2225 2149 2371 2198 etsine

1349 2218 1598 2271 prudentia,
1631 2218 1796 2258 utinam
1831 2221 2055 2270 saperent,
2090 2221 2131 2258 et
2161 2218 2375 2271 intellige-

1345 2291 1437 2329 rent
1461 2322 1474 2341 ,
1512 2302 1559 2329 ac
1591 2289 1822 2330 novissima
1858 2290 2142 2342 providerent.
2173 2305 2192 2328 ›)
2218 2290 2376 2342 Tangit

1346 2361 1553 2413 triplicem
1583 2361 1764 2414 speciem
1795 2361 2102 2412 intelligentiae.
2136 2361 2373 2402 Intellectus

1345 2432 1422 2472 iste
1461 2432 1615 2484 regula
1655 2435 1716 2472 est
1759 2432 2185 2485 circumspectionum
2226 2444 2370 2473 mora-

1347 2502 1479 2553 lium,
1515 2506 1560 2544 ut
1591 2504 1746 2554 homo,
1782 2516 1878 2544 cum
1918 2503 2122 2544 desiderio
2159 2503 2296 2544 cordis
2333 2507 2374 2545 et

1345 2574 1639 2626 prosecutione
1669 2574 1830 2627 operis,
1856 2574 2089 2615 consideret
2117 2573 2217 2626 quid
2239 2574 2375 2616 vitan-

1344 2645 1462 2694 dum,
1477 2646 1577 2698 quid
1594 2646 1824 2698 agendum,
1839 2646 1940 2698 quid
1955 2645 2276 2698 expectandum.
2296 2644 2376 2685 Iste

1344 2715 1580 2756 intellectus
1599 2719 1661 2757 est
1687 2716 1848 2757 donum
1872 2716 2053 2768 Spiritus
2075 2716 2208 2756 sancti
2236 2729 2246 2756 ι
2278 2715 2375 2757 111110

1344 2787 1442 2826 dicit
1464 2787 1492 2809 ¹³
1518 2786 1721 2827 Dominus
1747 2787 1859 2840 apud
1887 2787 2262 2840 Psalmoqraphum
2281 2787 2336 2839 (d)
2361 2802 2370 2828 z

1351 2872 1370 2895 1(
1388 2856 1647 2898 intellectum
1665 2858 1743 2898 tibi
1763 2858 1884 2908 dabo,
1902 2860 1941 2899 et
1959 2857 2168 2898 instruam
2186 2861 2240 2909 te,
2256 2872 2274 2896 1)
2292 2861 2370 2900 etc.

1344 2928 1463 2969 Alius
1484 2931 1546 2968 est
1566 2928 1824 2979 intellectus,
1847 2928 1919 2981 (1111
1946 2931 2008 2969 est
2030 2929 2166 2981 janua
2191 2930 2375 2971 conside-

1346 3000 1560 3040 rationum
1593 3000 1890 3041 scientiaiium.
1925 2999 2133 3040 Scribitur
2160 3000 2204 3040 iu
2234 3001 2374 3044 Eccle-

1345 3071 1522 3114 siczstico
1543 3071 1571 3093 Ἠ·
1594 3083 1604 3112 :
1624 3087 1642 3109 11
1662 3071 1710 3111 In
1730 3071 1939 3112 thesauris
1958 3071 2176 3124 sapientiae
2196 3071 2375 3113 intellec-

1345 3145 1414 3182 tus
1434 3142 1688 3194 disciplinae,
1712 3157 1730 3180 ))
1757 3142 1836 3183 hoc
1866 3145 1927 3182 est
1959 3142 2117 3191 dicere,
2148 3142 2261 3195 quod
2287 3143 2374 3183 the-

1347 3213 1462 3253 sauri
1478 3213 1707 3253 absconditi
1722 3212 1789 3253 vet
1809 3213 2043 3253 consistunt
2063 3213 2107 3252 in
2127 3212 2373 3264 cognitione

1347 3296 1570 3324 causarum
1592 3284 1892 3324 altissimarum
1905 3314 1917 3334 ,
1939 3283 2007 3325 vel
2024 3282 2342 3324 conclusionum
2357 3313 2369 3334 ,

1346 3352 1413 3394 vel
1434 3353 1755 3406 principiorum.

1349 3430 1368 3447 ¹¹
1388 3430 1481 3467 Bam,
1500 3437 1550 3470 111,
1574 3432 1661 3462 14.--
1677 3431 1704 3453 ¹²
1718 3430 1865 3468 Denter„
1882 3436 1992 3470 xxxii,
2010 3428 2152 3461 29.---13
2166 3428 2254 3462 Psal.
2275 3437 2372 3472 xxxi,

1348 3479 1376 3509 1.
1392 3494 1433 3500 -
1454 3477 1481 3498 ¹*
1501 3477 1619 3515 Ecca„
1641 3485 1665 3516 1,
1687 3479 1737 3510 26.

1388 3530 1432 3570 (n)
1453 3529 1552 3571 Vulg.
1574 3530 1696 3563 Nolite.
1717 3546 1757 3553 -—
1774 3528 1820 3571 (b)
1845 3529 1926 3560 Coet,
1945 3528 2022 3561 edit.
2045 3528 2128 3569 ipse.
2149 3544 2190 3553 --
2209 3529 2248 3569 (c)
2271 3528 2370 3571 vulg.

1348 3575 1520 3619 Sapientia
1539 3577 1668 3610 callidi.
1685 3595 1725 3602 -
1748 3577 1792 3619 (a)
1815 3576 1894 3610 Caet.
1915 3575 1996 3610 edit.
2017 3575 2312 3617 Psalmographus.
