2633 3878
305 295 382 332 430

302 379 506 415 sectionem
515 406 526 424 ,
556 378 730 426 protrahi
754 378 946 415 rationem
973 379 1012 415 in
1036 378 1210 415 illicitam
1237 388 1330 415 con-

301 440 535 476 sensionem.

642 539 826 574 Articulus
847 540 986 573 tertius.

348 629 465 664 Casus
507 627 656 664 subitus
694 628 920 674 designatur
966 626 1248 673 subjiciendo:
1286 628 1330 662 In

303 693 411 725 terra.
435 689 637 736 collapsus
654 690 693 725 in
708 693 849 725 terram
865 691 919 724 cst
938 697 1149 724 consensus
1163 687 1203 723 in
1219 697 1332 723 mun-

165 757 283 803 'eoneu-
303 751 447 787 danam
473 751 838 797 concupiscentiam.
867 752 953 787 Haec
973 752 1102 787 autem
1123 750 1330 797 concupis-

144 799 283 832 pisceutia

161 839 264 874 triplici

145 883 220 926 ierffa
242 881 280 907 si·
302 874 469 910 ticatur:
509 874 675 919 legimus
706 875 810 910 enim
841 877 983 910 terram
1021 874 1330 920 superbientem,

152 922 258 988 ‘3⁰:555’

302 813 426 849 centia
447 813 671 859 triplicatur,
693 815 729 848 et
747 823 817 859 per
836 811 1031 859 triplicem
1051 815 1192 848 terram
1215 811 1330 857 signi-

301 936 512 981 sitientem,
533 936 748 982 foetentem,
770 935 1027 983 pertinentem
1055 935 1105 971 ad
1123 934 1326 980 concupis-

302 998 469 1034 centiam
497 998 709 1045 superbiae,
737 998 924 1042 avaritiae,
955 997 1130 1032 luxuri-20.
1155 997 1204 1031 De
1230 998 1331 1032 terra

302 1059 430 1106 prima
452 1062 460 1082 ¹
479 1071 486 1095 :
503 1073 519 1093 «
539 1059 639 1103 Quid
659 1059 852 1106 superbis,
874 1062 975 1095 terra
995 1061 1031 1093 et
1055 1057 1150 1093 cinis
1164 1059 1181 1093 ⁵?
1200 1071 1217 1090 »
1241 1067 1330 1093 eece

304 1125 404 1157 terra
424 1121 666 1168 superbiens.
682 1122 730 1156 Dc
752 1120 924 1156 secunda
937 1119 970 1156 ²:
992 1134 1008 1153 «
1027 1118 1217 1156 Ascendet
1233 1118 1332 1154 sicut

302 1182 416 1218 radix
437 1182 484 1218 dc
506 1186 605 1218 terra
624 1181 787 1218 sitienti:
814 1195 831 1214 n
855 1181 968 1218 radix
988 1181 1060 1217 ista
1088 1183 1144 1217 est
1161 1181 1330 1216 Christus

305 1244 509 1289 Dominus:
542 1247 643 1279 terra
674 1243 825 1288 sitiens,
855 1254 996 1279 avarus
1021 1242 1219 1290 populus:
1241 1252 1329 1278 ecce

303 1308 403 1341 terra
428 1305 571 1341 sitiens.
595 1307 644 1341 Dc
673 1304 783 1340 tertia
802 1306 840 1341 ³:
867 1318 883 1338 «
904 1304 1076 1351 Irrigabo
1097 1307 1241 1340 terram
1261 1303 1329 1339 fce-

302 1369 385 1402 tore
406 1366 605 1412 sanguinis
628 1366 679 1402 tui
699 1378 707 1401 :
725 1379 742 1399 »
761 1376 848 1402 ecce
868 1369 968 1402 terra
987 1365 1138 1402 foetcns.

632 1472 813 1507 Artz‘culus
836 1474 997 1517 quartus.

351 1555 530 1602 Exceptio
558 1554 732 1590 interitus
761 1553 822 1589 vel
849 1553 1025 1589 mortalis
1049 1555 1178 1589 reatus
1206 1552 1331 1589 consi-

303 1620 443 1662 gnatur
462 1615 822 1663 superadjiciendo:
845 1617 918 1661 qu
937 1618 1051 1651 autem
1067 1625 1136 1650 non
1155 1614 1332 1660 dereliqui

302 1678 475 1713 mandata
501 1681 587 1724 tua;
621 1677 732 1725 quasi
761 1677 888 1714 dicat:
920 1676 1020 1713 Nihil
1049 1675 1206 1723 optavi,
1233 1675 1330 1710 nihil

303 1739 486 1776 attentavi
515 1743 649 1776 contra
678 1738 811 1775 divina
838 1738 1024 1774 mandata
1048 1738 1198 1774 ratione
1226 1737 1329 1772 exci-

303 1804 400 1846 tata,
430 1807 467 1838 et
493 1801 693 1837 voluntate
714 1800 937 1846 consiliata3
969 1800 1079 1847 quod
1104 1798 1245 1835 clarius
1266 1798 1332 1834 de-

303 1863 478 1909 claravit,
501 1874 590 1899 cum
613 1863 691 1899 ait:
712 1863 791 1898 Non
812 1862 1001 1908 dereliqui,
1024 1861 1065 1897 id
1085 1862 1159 1897 est:
1182 1860 1256 1896 Etsi
1275 1870 1332 1896 re-

302 1924 420 1972 liqui,
446 1935 527 1961 non
553 1928 682 1961 tamen
713 1923 929 1970 dereliqui:
964 1933 1057 1959 nam
1090 1922 1159 1959 etsi
1189 1922 1331 1969 reliqui

303 1986 467 2022 consilio
497 1986 650 2031 subito,
677 1995 759 2022 non
789 1989 919 2022 tamen
950 1983 1141 2031 dereliqui
1167 1984 1330 2020 consilio

303 2048 482 2085 diffinito.
504 2048 727 2084 'Notandum
741 2048 885 2094 itaque,
904 2047 1014 2094 quod
1027 2057 1109 2084 non
1125 2045 1333 2093 dereliquit

303 2110 511 2147 Dominum
548 2108 859 2156 derelinquendo
897 2108 1151 2153 mandatum,
1191 2107 1331 2155 triplici

302 2173 447 2219 praevia
466 2173 615 2209 ratione
637 2184 645 2208 ε
668 2171 931 2209 consideravit
949 2181 1121 2218 namque
1143 2170 1230 2217 quis
1251 2172 1333 2206 erat

302 2245 421 2282 supra
441 2245 501 2279 se,
521 2234 609 2281 quis
630 2237 710 2270 erat
724 2234 835 2279 juxta
856 2243 915 2278 se,
947 2232 1034 2279 quis
1055 2234 1137 2268 erat
1155 2231 1257 2267 infra
1275 2242 1330 2267 se.

302 2296 569 2333 Consideratio
589 2296 717 2344 prima
736 2294 828 2340 fuit,
857 2305 906 2330 ne
933 2305 955 2330 a
981 2293 1144 2330 Domino
1165 2292 1332 2329 derelin-

303 2360 487 2404 queretur
498 2369 508 2403 ;
539 2357 733 2403 secunda,
755 2367 804 2393 ne
834 2356 1032 2402 subjectus
1057 2355 1229 2403 populus
1259 2365 1330 2402 pro

303 2429 374 2455 suo
399 2419 537 2456 merito
565 2418 804 2464 turbaretur3
833 2418 963 2464 tertia,
994 2428 1043 2454 ne
1068 2419 1229 2465 propter
1256 2416 1331 2453 hoc

303 2480 342 2516 in
376 2479 591 2525 gehennale
628 2480 864 2527 supplicium
895 2479 1139 2525 dejiceretur.
1174 2480 1224 2515 De
1246 2479 1330 2526 pri·

302 2552 369 2578 mo
389 2543 427 2577 ¹⁴:
452 2555 470 2575 «
490 2542 526 2579 Si
553 2542 878 2589 dereliquerimus
901 2541 1132 2586 Dominum,
1159 2540 1330 2577 derelin1

303 2608 395 2650 quet
425 2614 526 2640 nos:
559 2618 576 2638 »
608 2614 696 2640 ecce
726 2603 854 2651 prima
878 2602 1157 2649 consideratio,
1188 2602 1333 2639 scilieet

303 2666 504 2703 Dominica
521 2666 733 2703 derelictio.
758 2669 808 2703 De
828 2666 1017 2712 secundo,
1032 2666 1102 2702 ubi
1120 2665 1218 2702 dixit
1231 2665 1331 2702 Elias

303 2728 355 2764 ad
388 2728 519 2765 Achab
545 2739 679 2775 regem
711 2728 826 2765 lsrael
847 2729 886 2764 ⁷³:
920 2741 937 2761 α
967 2730 1051 2764 Non
1077 2738 1151 2774 ego
1176 2726 1331 2763 turbavi

304 2790 438 2836 lsrae13
465 2790 534 2827 sed
554 2793 614 2836 tu,
635 2793 671 2826 et
696 2790 838 2827 domus
863 2789 983 2837 patris
1010 2790 1079 2835 tui,
1101 2790 1169 2837 qui
1191 2789 1332 2825 dereli-

304 2851 439 2899 quistis
464 2852 651 2888 mandata
680 2851 833 2888 Domini
857 2864 864 2888 :
885 2865 903 2885 »
928 2861 1016 2888 ecce
1045 2850 1218 2887 secunda
1242 2860 1332 2887 con-

303 2913 501 2958 sideratio.
523 2913 667 2949 scilicet
684 2913 957 2960 proximorum
983 2912 1169 2949 turbatio.
1192 2914 1241 2948 De
1260 2915 1333 2948 ter-

304 2975 377 3020 tio,
399 2975 468 3011 ubi
497 2974 588 3010 dicit
616 2974 738 3010 David
761 2974 961 3012 Salomoni
989 2974 1072 3011 filio
1101 2985 1172 3011 suo
1195 2975 1231 3010 ⁶:
1259 2973 1332 3010 «Si

305 3035 562 3083 dereliqueris
598 3035 827 3080 Dominum,
868 3035 1048 3082 projiciet
1083 3038 1119 3072 te
1157 3036 1199 3072 in
1227 3038 1333 3073 aeter-

303 3108 420 3134 num:
444 3112 461 3132 n
479 3108 567 3134 ecce
588 3097 698 3134 tertia
717 3096 999 3142 consideratio,
1021 3097 1166 3134 scilicet
1186 3097 1331 3143 gehen-

303 3159 403 3197 nalis
421 3159 599 3207 dejectio.

734 3213 903 3255 Epilogus.

353 3287 407 3321 Ex
433 3284 494 3321 his
518 3286 644 3332 potest
673 3284 884 3321 clarescere
912 3293 1022 3320 mens
1046 3283 1246 3329 Prophetae
1274 3281 1332 3318 lo-

307 3346 459 3393 quentis
484 3346 574 3383 loeo
600 3356 777 3393 personae
803 3345 854 3382 ab
882 3343 1074 3390 hostibus,
1105 3343 1168 3380 vel
1195 3353 1333 3380 eorum

307 3407 565 3455 complicibus
590 3407 806 3453 stimulatae,
827 3416 909 3442 non
934 3409 1065 3443 tamen
1084 3404 1253 3451 graviter
1273 3414 1334 3440 su-

350 3492 360 3512 ¹
383 3490 499 3527 Eccli.,
519 3498 558 3530 x,
579 3491 609 3522 9.
626 3507 667 3513 -—
691 3490 702 3508 ²
718 3490 796 3524 ssa..
819 3496 903 3529 ΜΠ,
924 3492 953 3520 1.
974 3505 1015 3512 —
1034 3488 1047 3510 ³
1070 3487 1201 3528 Ezech.,
1222 3494 1333 3526 xxxii,

308 3538 338 3570 6.
357 3555 397 3562 —
422 3539 435 3560 δ
461 3538 487 3568 ΙΙ
509 3537 672 3578 Par-alili„
691 3543 749 3576 xV,
769 3538 799 3568 2.
821 3553 862 3560 —
880 3537 893 3558 ⁵
915 3536 955 3567 ΙΙΙ
983 3537 1071 3576 Rege„
1093 3542 1198 3576 xvui,
1223 3535 1271 3566 18.
1295 3551 1333 3558 —

1000 289 1273 331 Expost‘rio
1305 289 1357 329 ΙΝ
1390 289 1739 330 PSALTRRWM.

1404 381 1571 426 peratae:
1601 379 1833 414 Paulomv'maes
1860 382 2208 422 consummaverunt,
2239 380 2430 426 quantum

1405 441 1456 477 ad
1475 440 1657 477 hostilem
1673 439 1903 476 tentantium
1922 439 2110 487 impetum
2120 452 2130 485 ;
2154 440 2224 484 Me,
2238 443 2431 486 quantum

1405 501 1455 537 ad
1475 501 1676 538 incautum
1694 501 1824 537 tentati
1839 500 2017 548 spiritum
2025 513 2035 546 3
2058 503 2102 537 In
2117 505 2224 546 terra,
2241 503 2432 547 quantum

1405 563 1456 598 ad
1489 574 1625 599 casum
1656 572 1868 598 consensus
1905 561 2096 608 subitum3
2125 564 2200 607 qu
2223 564 2340 598 autem
2364 572 2434 598 non

1405 625 1581 670 dereliqui
1609 624 1784 659 mandata
1809 626 1890 668 tau,
1921 625 2111 670 quantum
2133 623 2184 660 ad
2213 623 2434 661 tentationis

1406 686 1572 731 exitum,
1594 686 1733 731 praeter
1753 684 1968 730 interitum,
1990 685 2069 722 sive
2091 685 2226 722 mortis
2244 688 2408 723 reatum.

1760 831 1981 858 VERSICULUS
2006 833 2084 859 vlu.

1452 934 1510 969 88.
1565 933 1761 969 Secundum
1816 934 2098 969 misericordiam
2147 938 2244 970 tuam
2291 936 2434 981 vivifica

1406 1005 1478 1039 me,
1501 997 1571 1030 etc.
1593 997 1730 1030 Versus
1754 1005 1925 1041 praesens
1946 997 2131 1042 quartum
2150 995 2434 1033 irritamentum

1408 1055 1631 1101 contInens,
1658 1059 1908 1103 repraesentat
1932 1056 2168 1093 titillationes
2192 1056 2433 1102 intrinsecas,

1405 1119 1439 1154 et
1453 1117 1566 1164 quasi
1584 1118 1699 1153 vestis
1713 1117 1876 1165 mystica
1893 1118 2110 1165 explicatur
2124 1120 2160 1154 et
2178 1118 2435 1166 complicatur

1404 1177 1445 1213 in
1468 1181 1637 1225 quatuor
1655 1178 1791 1225 plicas.
1815 1181 1924 1216 Veste
1945 1180 2016 1216 ista
2040 1179 2198 1216 vestitus
2218 1179 2433 1226 psalmista,

1404 1239 1607 1286 praefatum
1624 1240 1908 1278 irritamentum
1922 1241 2089 1288 explicat
2104 1241 2177 1278 sub
2193 1242 2266 1279 hac
2284 1241 2432 1278 forma:

1406 1302 1604 1338 Secundum
1629 1303 1915 1339 misericordiam
1937 1307 2058 1348 luam,
2080 1306 2150 1340 eto.
2162 1316 2173 1350 3
2201 1314 2246 1340 ac
2265 1303 2296 1339 si
2315 1303 2434 1350 plane

1405 1363 1531 1400 dieat:
1566 1363 1789 1400 Secundum
1826 1364 2138 1401 misericordiam
2175 1366 2307 1410 tuam,
2345 1375 2434 1412 quae

1405 1425 1584 1472 congruit
1604 1437 1698 1462 meae
1717 1427 1882 1464 miseriae
1898 1426 2083 1472 sensuali,
2097 1429 2241 1472 vivifica
2257 1426 2335 1462 vita
2357 1426 2435 1473 spi-

1403 1487 1532 1524 rituali
1547 1499 1613 1533 me,
1636 1490 1826 1524 tentatum
1844 1489 2052 1525 tentatione
2073 1487 2267 1536 corporali
2275 1499 2287 1533 3
2310 1491 2342 1523 et
2361 1497 2435 1523 cus-

1405 1549 1540 1585 todiam
1561 1552 1766 1585 testimonia
1786 1552 1858 1586 oris
1878 1553 1948 1592 tui,
1969 1561 2056 1597 quae
2077 1549 2242 1586 docuisti
2256 1548 2434 1586 doctrina

1404 1611 1558 1647 morali.
1575 1611 1682 1647 Unde
1699 1611 1821 1658 liquet
1837 1614 1983 1658 aperte,
1997 1611 2107 1658 quod
2122 1611 2332 1647 adversum
2343 1620 2433 1648 con-

1405 1673 1651 1719 cupiscentiae
1680 1673 1943 1720 corruptelam
1969 1673 2064 1720 petit
2092 1673 2223 1719 gratiae
2249 1673 2431 1719 tutelam,

1404 1733 1455 1770 ad
1476 1733 1689 1781 iniquitatis
1706 1734 1920 1779 cautelam,
1939 1737 1976 1770 et
1997 1734 2188 1782 aequitatis
2207 1734 2431 1782 sequelam:

1404 1806 1575 1842 quorum
1606 1796 1778 1842 primum
1804 1798 1951 1843 spectat
1979 1796 2030 1832 ad
2054 1795 2251 1833 miseriam
2275 1806 2434 1832 sensua-

1403 1856 1501 1903 lem,
1523 1857 1756 1902 secundum,
1776 1857 1827 1893 ad
1841 1857 1963 1894 vitam
1982 1857 2242 1904 spiritualem3
2262 1857 2433 1903 tertium,

1404 1919 1452 1955 ad
1477 1919 1730 1956 tentationem
1754 1919 2024 1966 corporalem3
2052 1921 2259 1966 quartum,
2285 1918 2338 1956 ad
2365 1918 2436 1956 ob-

1403 1980 1667 2018 servationem
1685 1981 1888 2018 moralem.

1731 2085 1918 2122 Articulus
1951 2088 2106 2132 primus.

1452 2167 1646 2211 Quantum
1672 2166 1725 2203 ad
1752 2167 1939 2214 primum,
1970 2167 2205 2215 praeposuit:
2238 2168 2434 2205 Secundum

1404 2229 1685 2264 misericordiam
1713 2232 1832 2274 tuam,
1854 2228 2011 2275 supple,
2041 2229 2205 2266 miseriae
2224 2240 2321 2266 meae
2340 2241 2434 2267 con-

1403 2299 1567 2334 gruam:
1592 2288 1738 2336 quippe
1759 2289 1808 2325 de
1837 2289 1993 2326 miseria
2013 2290 2202 2337 queritur,
2220 2302 2243 2328 a
2259 2302 2339 2339 quo
2360 2291 2433 2328 mi-

1404 2350 1616 2388 sericordia
1630 2350 1827 2397 quaeritur.
1847 2351 1981 2388 Nullus
1996 2351 2102 2389 enim
2120 2352 2433 2391 misericordiam

1403 2412 1617 2457 invocaret,
1633 2412 1706 2448 nisi
1720 2413 1878 2449 miseria
1890 2415 2136 2460 provocaret.
2149 2415 2192 2451 Et
2204 2417 2311 2461 nota,
2323 2415 2433 2463 quod

1403 2474 1674 2511 misericordia
1700 2474 1843 2521 legitur
1863 2474 1903 2510 in
1932 2475 2128 2523 Scriptura
2155 2487 2320 2523 magna,
2341 2487 2430 2524 spe·

1404 2536 1533 2581 ciosa,
1565 2535 1751 2582 benigna.
1778 2538 1904 2580 Quare
1930 2537 2103 2583 magna?
2130 2538 2228 2582 Quia
2246 2537 2387 2575 liberat
2410 2549 2434 2575 a

1404 2610 1548 2646 magna
1583 2599 1741 2637 miseria
1777 2599 1900 2647 culpae
1940 2600 2152 2646 originalis.
2192 2602 2317 2646 Quare
2348 2611 2433 2649 spe·

1404 2661 1536 2698 ciosa‘?
1566 2661 1664 2706 Quia
1693 2663 1904 2709 praeservat
1935 2673 1959 2698 a
1989 2661 2096 2699 foeda
2124 2661 2283 2700 miseria
2309 2662 2435 2712 culpae

1403 2723 1577 2760 actualis.
1589 2725 1714 2768 Quare
1728 2723 1926 2770 benigna?
1941 2724 2040 2769 Quia
2056 2726 2211 2773 separat
2224 2735 2248 2763 a
2259 2725 2436 2772 maligna

1376 2779 1380 2783 ’
1403 2786 1560 2822 miseria
1576 2785 1764 2822 molestiae
1782 2786 2022 2832 temporalis.
2039 2787 2090 2823 De
2109 2786 2238 2833 prima
2249 2796 2320 2834 per
2335 2786 2436 2824 Psal-

1404 2846 1559 2883 mistam
1579 2846 1759 2883 scribitur
1777 2847 1790 2869 ⁷
1810 2859 1818 2883 ;
1842 2847 1970 2892 «Quia
1995 2857 2140 2894 magna
2165 2847 2435 2884 misericordia

1403 2912 1470 2946 tua
1496 2920 1613 2956 super
1639 2919 1723 2955 me,
1751 2912 1788 2946 et
1813 2910 1944 2947 eruisti
1963 2910 2136 2948 animam
2154 2921 2286 2948 meam
2307 2921 2356 2948 ex
2374 2910 2434 2948 in·

1403 2970 1513 3008 ferno
1539 2970 1713 3008 inferiori
1729 2983 1737 3007 :
1758 2984 1776 3005 »
1802 2981 1890 3008 ecce
1909 2971 2180 3009 misericordia
2198 2982 2364 3020 magna,
2383 2972 2433 3010 li-

1403 3033 1546 3069 berans
1565 3043 1588 3069 a
1614 3032 1732 3081 culpa
1751 3032 1934 3080 originali
1962 3033 2004 3070 in
2029 3036 2207 3082 tempore
2233 3044 2436 3081 regenera-

1404 3093 1533 3130 tionis.
1573 3096 1624 3131 De
1662 3094 1835 3132 secunda
1875 3105 1946 3142 per
1982 3095 2202 3143 Sapientem
2233 3096 2373 3133 dicitur
2391 3095 2405 3119 ⁸
2423 3107 2432 3132 :

1407 3167 1425 3189 ι(
1444 3155 1625 3203 Speciosa
1651 3158 1706 3193 est
1726 3156 1792 3193 Dei
1811 3156 2081 3194 misericordia
2105 3157 2146 3194 in
2172 3159 2348 3206 tempore
2366 3156 2433 3193 tri-

1404 3217 1632 3264 bulationis,
1649 3218 1749 3255 sicut
1767 3219 1893 3256 nubes
1909 3218 2054 3266 pluviae
2073 3219 2113 3256 in
2132 3221 2308 3267 tempore
2327 3217 2433 3255 sicci-

1405 3280 1511 3316 tatis:
1536 3293 1554 3315 »
1577 3291 1665 3317 ecce
1685 3280 1956 3318 misericordia
1980 3281 2170 3329 speciosa,
2190 3289 2432 3328 praeservans

1406 3351 1429 3378 a
1449 3341 1566 3389 culpa
1584 3341 1728 3379 actuali
1745 3342 1786 3379 in
1802 3344 1978 3390 tempore
1996 3341 2231 3379 tentationis.
2250 3342 2301 3378 De
2320 3340 2432 3378 tertia

1406 3413 1475 3450 per
1486 3403 1721 3451 prophetam
1735 3403 1913 3451 psallitur
1923 3404 1956 3438 ⁹.-
1971 3416 1990 3439 «
1999 3402 2149 3441 Exaudi
2161 3412 2240 3449 me,
2254 3402 2430 3450 Domine,

1407 3486 1417 3504 ⁶
1450 3487 1460 3517 1
1490 3485 1654 3527 Paralip„
1687 3493 1822 3527 xxvm,
1847 3487 1878 3518 9.
1911 3503 1950 3509 —
1986 3486 1996 3504 ⁷
2022 3484 2112 3518 Psal.
2146 3493 2273 3527 cxxxv,
2309 3488 2360 3519 13.
2393 3502 2432 3511 —-

1403 3533 1416 3554 ⁸
1438 3534 1557 3574 Ecclz'.‚
1582 3541 1684 3575 κων,
1706 3535 1757 3566 26.
1775 3550 1814 3557 -
1834 3534 1846 3552 ⁹
1864 3533 1956 3566 Psal.
1978 3541 2102 3575 vam,
2123 3535 2174 3566 17.

2481 2488 2508 2514 M
2513 2486 2592 2514 iseri·

2453 2527 2562 2555 cordia.
