2633 3878
198 250 228 280 x

198 326 370 381 plationi
390 325 527 367 dedito
546 323 765 376 adaptatur
787 334 797 364 ε
820 337 840 361 a
854 321 938 364 Nos
957 331 1042 362 non
1059 318 1269 360 habemus
1288 314 1538 369 sapientiam
1555 315 1676 366 asini,
1696 317 1769 370 qui
1787 317 1924 371 portat
1941 318 2151 360 sarcinam
2173 330 2310 374 suam,

199 407 239 444 et
258 405 416 456 quanto
436 403 529 455 plus
549 400 795 453 percutitur,
816 402 857 440 et
875 399 998 452 plura
1017 396 1097 436 sibi
1116 392 1328 446 vituperia
1349 392 1561 442 dicuntur,
1584 394 1698 434 tanto
1718 393 1868 434 melius
1887 395 2038 447 portat,
2053 409 2072 433 »
2095 396 2147 448 (et
2165 399 2316 439 caetera

199 491 294 532 quae
312 479 395 530 legi
409 480 582 530 possunt
593 477 722 529 hujUs
735 476 853 525 tomi,
870 487 970 528 pag.
993 476 1084 520 151,
1101 470 1177 512 col.
1195 472 1249 520 2).
1274 469 1433 521 Euquo
1447 479 1574 509 sensu
1592 468 1634 509 id
1646 469 1696 510 de
1715 469 1837 511 beato
1849 470 2070 512 Francisco
2087 472 2313 524 prolatum.

252 557 467 598 Postremo
500 555 552 596 ad
589 554 867 597 Oudinianam
908 551 1112 599 ironiam,
1149 558 1235 600 qua
1277 546 1462 586 referens
1499 556 1553 585 ex
1589 557 1783 587 sermone
1831 547 2013 588 secundo
2048 548 2120 589 illa
2153 551 2283 591 verba
2305 565 2313 591 ι

204 648 222 670 a
242 631 466 672 Peccatum
491 632 552 671 est
581 629 706 670 arbor
729 627 899 675 mortis,
930 626 1069 678 gratia
1094 627 1156 666 est
1186 623 1312 664 arbor
1340 623 1462 674 vitae,
1484 637 1503 660 n
1531 622 1589 662 ait
1615 636 1623 662 :
1666 623 1845 675 «Digna
1868 625 2127 677 comparatio
2144 625 2317 668 Doctore

198 706 453 760 Seraphico!
484 706 584 755 Quis
605 716 796 757 unquam
824 702 1087 756 comparavit
1115 702 1335 754 peccatum
1361 699 1530 740 arbori¹
1551 703 1602 739 ἵ»
1630 712 1728 740 cum
1749 700 1912 742 Oudino
1934 702 2025 754 ipso
2050 703 2282 755 respondeo
2304 717 2312 743 ε

202 801 221 823 (ι
241 784 473 838 Speculum
499 783 658 823 animoe
677 786 690 808 ¹
717 781 872 822 rectius
898 779 1199 821 inscriberetur
1224 777 1362 819 Arbor
1387 776 1630 829 cupiditatis
1662 789 1737 818 seu
1772 778 2030 831 iniquitatis,
2060 791 2157 820 cum
2184 781 2317 820 ramis

194 865 463 913 peccatorum
486 858 733 899 mortalium
748 858 776 898 ³.
792 872 811 894 11
837 857 940 898 Ecce
960 855 1151 898 Oudinus
1173 854 1261 907 ipse
1280 865 1530 906 comparans
1550 855 1768 906 peccatum
1793 855 1948 896 arbori.

250 940 288 977 9.
326 936 455 977 Porro
486 935 731 984 Sermones,
766 934 921 986 quibus
953 935 1114 974 constat
1149 943 1258 985 opus
1290 931 1495 972 hactenus
1527 931 1771 982 laudatum,
1806 932 1957 973 melius
1988 932 2320 974 inscriberentur

201 1013 468 1056 Collate'ones.
496 1011 560 1052 Ab
585 1010 704 1051 initio
729 1010 843 1051 enim
872 1009 1045 1051 secundi
1068 1008 1284 1050 Sermonis
1308 1007 1461 1048 dicitur
1485 1021 1494 1048 :
1535 1022 1554 1045 «
1573 1007 1651 1048 Hic
1684 1008 1830 1061 incipit
1855 1010 2038 1052 secunda
2067 1010 2276 1064 Collatio;
2294 1026 2313 1049 »

198 1091 250 1130 ab
278 1089 397 1130 initio
422 1088 637 1130 Sermonis
658 1087 790 1128 sexti:
820 1102 839 1125 «
859 1087 915 1127 De
936 1087 1015 1127 1100
1034 1097 1162 1139 supra
1180 1085 1225 1125 in
1242 1084 1410 1125 duabus
1432 1084 1766 1137 Collationibus;
1788 1100 1807 1123 n
1833 1098 1920 1127 non
1945 1086 2092 1127 multis
2117 1090 2210 1140 post
2239 1088 2318 1129 ini-

200 1167 306 1207 tium
327 1165 542 1206 Sermonis
563 1164 669 1205 sexti
691 1164 840 1205 decimi
864 1176 873 1204 :
904 1179 923 1202 (1
945 1163 997 1205 Ut
1015 1163 1135 1216 posui
1154 1174 1282 1215 supra
1302 1161 1345 1201 in
1365 1160 1618 1213 praecedenti
1642 1161 1884 1203 Collatione.
1909 1177 1927 1200 n
1961 1163 2216 1216 HuJusmodi
2235 1164 2321 1205 Col-

198 1242 372 1282 lationes
390 1242 434 1282 in
454 1241 641 1294 primum
659 1243 783 1293 capnt
803 1239 992 1290 Genesis,
1015 1250 1278 1292 quamquam
1310 1237 1403 1278 heic
1423 1238 1658 1279 secundum
1682 1239 1822 1280 locum
1843 1242 2013 1281 teneant
2039 1241 2148 1281 inter
2166 1241 2318 1294 hagio-

199 1319 386 1372 grapha,
410 1319 584 1360 fuerunt
611 1320 754 1358 tamen
773 1317 883 1358 inter
912 1316 1170 1367 novissima,
1203 1327 1301 1369 quae
1321 1314 1693 1357 Bonaventuriano
1719 1329 1772 1357 ex
1800 1328 1873 1357 ore
1904 1317 2172 1370 prodierunt,
2210 1330 2321 1359 anno

199 1396 390 1438 videlicet
410 1399 507 1436 ante
530 1398 622 1448 ejus
649 1397 843 1436 mortem.
871 1393 931 1435 Ob
953 1405 1076 1434 suam
1107 1392 1418 1446 promotionem
1451 1392 1502 1432 ad
1538 1392 1850 1434 Cardinalatum
1874 1405 1960 1434 non
1990 1394 2126 1446 potuit
2153 1394 2321 1436 easdem

198 1472 247 1512 ad
272 1474 400 1513 finem
425 1485 559 1525 usque
584 1472 826 1525 perducere.
854 1469 1117 1523 Quapropter
1143 1469 1189 1509 in
1216 1468 1355 1510 codice
1380 1468 1564 1521 quodam
1586 1467 1785 1508 Biblioth.
1807 1466 1994 1508 vatican.
2017 1467 2217 1508 dicuntur
2244 1468 2319 1511 Ve-

198 1550 396 1590 nerabilis
419 1550 640 1603 inceptoris
666 1551 991 1590 Bonarenturce.
1023 1547 1071 1587 In
1093 1546 1243 1587 iisdem
1273 1545 1385 1598 typis
1409 1544 1532 1586 editis
1555 1543 1713 1596 aliquid
1744 1543 1921 1584 deficere
1949 1544 2077 1595 argui
2103 1546 2241 1597 potest
2268 1557 2323 1586 ex

199 1626 312 1668 MSS.
333 1627 609 1667 Concionibus
635 1626 677 1667 S.
707 1625 954 1667 Bernardin.
977 1623 1172 1664 Senensis
1196 1634 1309 1663 anno
1336 1624 1441 1663 1433
1469 1621 1694 1662 Florentiae
1713 1620 1889 1671 habitis,
1917 1632 2023 1673 quas
2051 1619 2097 1661 P.
2126 1620 2324 1662 Sbaralea

199 1702 375 1755 reperiri
396 1702 427 1743 F
430 1702 600 1744 errariae
619 1703 664 1742 in
683 1701 943 1742 Bibliotheca
962 1701 1003 1742 S.
1027 1700 1059 1741 F
1062 1700 1238 1741 rancisci
1259 1701 1450 1741 testatur.
1475 1698 1580 1739 Cum
1600 1698 1713 1739 enim
1740 1697 1814 1748 ibi,
1839 1697 1910 1738 fol.
1937 1699 2031 1748 120,
2055 1697 2099 1737 in
2119 1696 2324 1738 Concione

200 1779 424 1820 Dominicae
451 1778 796 1830 Quadragesimae
825 1777 874 1818 cle
906 1777 1093 1818 Caritate
1113 1777 1265 1818 scribat
1290 1777 1333 1818 S.
1367 1776 1675 1825 BernardinuS,
1709 1775 1756 1816 D.
1792 1774 2135 1816 Bonaventuram
2164 1775 2209 1815 in
2236 1774 2324 1815 suis

199 1857 590 1898 Illuminationibus
612 1856 695 1897 duo
720 1867 905 1897 asserere
927 1867 937 1896 :
966 1854 1173 1905 alterum,
1196 1853 1420 1895 haereticos
1444 1864 1570 1906 aequo
1592 1852 1736 1893 animo
1763 1863 1839 1904 pro
1862 1851 1944 1892 fide
1968 1853 2180 1892 tormenta
2204 1851 2325 1892 susti-

199 1945 318 1983 nere,
352 1933 507 1986 illaque
531 1945 629 1974 cum
657 1933 817 1985 gaudio
843 1932 1042 1983 tolerare,
1071 1931 1281 1984 gaudium
1311 1933 1456 1971 tamen
1482 1930 1588 1971 illud
1618 1929 1794 1970 minime
1826 1928 2038 1980 naturale,
2071 1929 2143 1969 sed
2170 1941 2195 1969 a
2225 1928 2323 1970 Dae-

201 2023 323 2052 mone
344 2023 452 2061 esse,
475 2011 656 2051 alterum
679 2021 781 2051 vero
812 2009 1033 2050 haereticos
1058 2009 1111 2050 ob
1142 2008 1362 2061 perfidiam
1391 2019 1512 2049 suam
1543 2006 1803 2060 martyrium
1829 2018 1972 2059 passos
2004 2018 2228 2058 nunquam
2248 2019 2321 2059 pa-

199 2092 328 2129 trasse
348 2087 549 2128 miracula
563 2087 726 2128 ostendi
744 2099 886 2140 posse;
907 2096 1089 2137 cumque
1104 2084 1149 2124 in
1166 2082 1557 2125 Illuminationibus
1574 2080 1695 2122 editis
1715 2080 1920 2121 habeatur
1939 2082 2105 2120 tantum
2122 2079 2324 2122 Sermone

199 2177 313 2206 nono
330 2165 550 2206 baereticos
568 2176 791 2217 nunquam
810 2163 954 2204 fecisse
973 2160 1193 2211 miracula,
1216 2163 1256 2201 et
1281 2159 1390 2200 nihil
1410 2159 1546 2208 aliud3
1569 2169 1830 2210 consequens
1850 2169 1940 2198 esse
1957 2157 2127 2198 videtur
2139 2189 2149 2207 ,
2166 2157 2213 2198 in
2232 2170 2321 2199 ma-

200 2242 417 2295 nuscripto
439 2253 586 2282 earum
612 2240 806 2292 exemplo
835 2251 859 2280 a
888 2239 933 2280 D.
966 2237 1226 2279 Bernardino
1257 2236 1469 2286 adhibito,
1499 2235 1658 2288 aliquid
1689 2234 1873 2287 amplius
1905 2234 2108 2275 extitisse.
2130 2234 2323 2276 Codicem

201 2319 373 2372 optimae
399 2320 510 2358 notae
539 2317 668 2372 fuisse
697 2328 786 2369 prae
814 2317 1012 2357 manibus
1036 2315 1171 2356 eidem
1198 2314 1240 2355 S.
1272 2312 1531 2354 Bernardino
1562 2312 1629 2354 vel
1653 2324 1707 2353 ex
1737 2323 1786 2352 00
1812 2311 1995 2354 derivari
2022 2313 2175 2365 potest,
2210 2311 2324 2365 quod

201 2396 302 2437 dum
329 2395 523 2448 praefatas
556 2393 890 2435 illuminationes
914 2393 1075 2443 laudat,
1103 2403 1191 2432 non
1214 2391 1462 2440 Sermones,
1493 2388 1564 2430 sed
1593 2389 1848 2432 Collationes
1873 2389 2044 2441 allegat.

256 2475 318 2512 10.
344 2471 456 2512 Inter
477 2471 630 2511 menda
649 2470 896 2511 earumdem
918 2468 1294 2512 Illuminationum
1312 2466 1618 2508 recensendum
1634 2498 1644 2517 ‚
1666 2477 1794 2506 serm.
1816 2477 1929 2515 xxn,
1950 2477 2109 2506 nomen
2127 2464 2325 2506 Constan-

202 2550 298 2600 tini,
320 2548 433 2602 quod
451 2549 497 2589 in
519 2549 703 2601 antiquis
722 2548 848 2589 etiam
869 2547 1082 2589 codicibus
1100 2546 1283 2599 legitur:
1306 2557 1446 2598 neque
1464 2544 1580 2585 enim
1606 2543 1654 2584 D.
1687 2542 1936 2584 Ambrosius
1968 2555 1993 2582 a
2022 2542 2207 2583 consiliis
2234 2553 2325 2583 esse

201 2626 340 2679 posuit
363 2626 520 2677 Magno
542 2625 826 2666 Constantino.
848 2625 954 2665 Hinc
979 2625 1129 2666 merito
1159 2623 1348 2665 Editores
1368 2621 1558 2664 Vaticani
1580 2620 1855 2664 Constantini
1872 2620 1963 2661 1000
1982 2621 2215 2672 posuerunt
2249 2619 2325 2662 Va-

203 2703 500 2743 lentinianum.
522 2703 697 2755 Insuper
715 2703 1043 2752 emendandum,
1069 2702 1183 2755 quod
1197 2733 1207 2752 ,
1233 2713 1359 2741 serm.
1382 2701 1465 2749 121⁶,
1487 2699 1598 2739 inter
1613 2698 1778 2738 Graeeos
1796 2696 1939 2737 Patres
1958 2697 2163 2737 referatur
2180 2695 2325 2737 Ansel-

203 2791 322 2828 muS‚
341 2780 432 2820 1000
451 2780 556 2821 forte
574 2779 808 2830 Athanasii,
830 2778 930 2819 alibi
958 2779 1003 2818 in
1030 2778 1179 2819 iisdem
1202 2776 1478 2818 Sermonibus
1506 2774 1680 2815 laudati.
1709 2773 1864 2814 Mirum
1884 2775 1995 2814 certe
2015 2785 2103 2814 non
2121 2775 2197 2824 est,
2217 2785 2262 2814 se
2278 2773 2324 2813 in

204 2859 432 2908 reportata,
461 2867 537 2896 5011
564 2867 618 2896 ex
639 2867 711 2895 ore
737 2854 911 2895 dicentis
935 2856 1129 2906 excepta,
1159 2851 1405 2905 huJusmodi
1431 2851 1584 2892 menda
1610 2850 1869 2903 irrepserint.
1900 2849 2159 2902 CorrIgenda
2177 2849 2323 2891 itidem

205 2932 341 2973 Serm.
374 2944 417 2971 111
438 2936 465 2982 ⁵,
495 2931 596 2972 illud
623 2945 632 2972 t
659 2931 722 2972 De
743 2942 826 2984 quo
852 2930 1013 2971 dicetur
1043 2930 1086 2970 in
1114 2928 1420 2972 Collationibus
1440 2927 1666 2977 donorum,
1697 2929 1738 2966 et
1758 2925 2100 2967 substituendum
2130 2940 2138 2966 :
2161 2925 2222 2967 De
2239 2937 2323 2978 quo

204 3007 360 3048 dicitur
374 3008 418 3048 in
434 3007 739 3050 Collationibus
752 3007 977 3057 donorum,
992 3006 1055 3047 uti
1072 3006 1198 3047 habet
1212 3005 1347 3047 Serm.
1362 3017 1389 3045 11
1401 3005 1429 3045 ⁶.
1447 3004 1482 3046 N
1485 3005 1600 3045 otatu
1618 3007 1760 3044 autem
1776 3003 1972 3055 dignum,
1991 3001 2105 3055 quod
2118 3012 2244 3042 serm.
2260 3011 2321 3050 vt,

204 3084 248 3125 in
267 3084 447 3126 editione
466 3084 769 3137 Argentinensi
790 3087 908 3135 1495,
928 3083 1118 3124 dicatur:
1140 3084 1202 3125 De
1222 3083 1373 3137 quibus
1391 3081 1515 3125 Philo
1538 3080 1836 3122 disertissimus
1864 3078 2114 3120 Judceorum
2133 3077 2321 3130 loquens,

208 3166 254 3200 ut
263 3160 555 3210 Philosophus,
571 3161 696 3214 sapit.
719 3161 769 3201 Et
783 3162 888 3213 Sap.
904 3172 964 3201 v11
988 3174 996 3201 :
1032 3161 1172 3213 Vapor
1192 3165 1274 3210 est,
1299 3162 1394 3209 etc„
1414 3161 1456 3199 et
1479 3158 1523 3199 in
1536 3157 1767 3199 novissima
1781 3155 1940 3197 Veneta
1952 3157 2046 3208 post
2056 3154 2320 3197 Vaticanam:

208 3238 269 3278 De
293 3238 445 3290 quibus
475 3236 926 3280 Philo‘disertissimus
960 3236 1208 3278 Judoeorum
1245 3237 1441 3289 loquenS,
1475 3239 1524 3275 ut
1546 3232 1847 3287 PhilosophuS,
1878 3232 2003 3285 sapit.
2044 3232 2106 3273 Et
2138 3231 2184 3271 in
2219 3230 2324 3270 libro

210 3314 466 3366 Sapientioe:
485 3315 625 3369 Vapor
651 3319 736 3365 est,
760 3316 836 3355 etc.
866 3314 914 3355 In
938 3313 1096 3355 Veneta
1122 3315 1265 3354 autem
1290 3313 1340 3354 A.
1363 3312 1551 3353 Zamorae
1573 3323 1583 3352 z
1612 3311 1674 3352 De
1701 3310 1853 3363 quibus
1883 3308 2006 3351 Philo
2028 3306 2324 3349 disertissimus

253 3432 262 3452 ¹
281 3432 377 3464 Tom.
396 3432 452 3472 ΙΙΙ,
473 3434 537 3465 col.
556 3436 672 3468 395.—
690 3435 705 3457 ²
721 3434 797 3466 Vid.
817 3436 899 3467 tom.
922 3434 994 3473 Vll,
1013 3433 1112 3474 hujus
1132 3434 1212 3467 edit.
1232 3442 1308 3475 pag.
1330 3433 1480 3466 523·558.
1500 3448 1540 3456 —-
1556 3432 1570 3455 ³
1588 3433 1683 3465 Tom.
1705 3428 1762 3469 ΙΙΙ,
1782 3428 1845 3462 001.
1869 3429 1941 3461 418.
1959 3444 1999 3452 -
2018 3428 2032 3450 ὓ
2052 3425 2128 3459 Vid.
2149 3425 2220 3468 huj.
2240 3426 2321 3457 tom.

213 3486 289 3518 pag.
311 3479 362 3517 77,
382 3479 445 3511 col.
469 3482 497 3511 ¹.
521 3497 560 3504 —
582 3482 592 3500 ⁶
615 3481 696 3514 Item
718 3490 795 3523 pag.
819 3482 870 3522 40,
894 3481 958 3515 001.
981 3482 1013 3513 2.
1035 3498 1074 3505 -
1098 3481 1109 3500 ‘³
1130 3481 1212 3513 Item
1231 3489 1309 3522 pag·
1334 3481 1386 3521 26,
1407 3479 1472 3512 001.
1493 3480 1523 3511 2.
