2633 3878
1066 165 1311 207 PSALMUS
1342 166 1515 208 CXVIII.

2282 173 2357 212 317

1026 375 1236 414 ALTERA
1274 374 1562 414 EXPOSITIO

731 511 1132 568 EJUSDEM
1192 511 1508 567 PSALMI
1573 511 1854 568 CXVIII

1148 823 1449 867 ARGUMENTUM

1073 917 1146 959 (Ex
1167 916 1308 950 editione
1335 916 1524 956 Vaticana.)

268 1014 350 1052 Quae
376 1016 410 1046 et
436 1013 599 1054 temporis
625 1013 784 1045 diuturno
810 1021 892 1053 usu,
920 1014 953 1043 et
983 1012 1137 1044 omnium
1164 1012 1396 1053 comprobatae
1421 1020 1590 1044 consensu
1617 1011 1732 1043 multis
1761 1011 1885 1044 abhinc
1913 1012 2011 1044 annis
2038 1012 2073 1044 in
2096 1013 2208 1045 lucem
2232 1013 2368 1055 prodiit.

227 1064 325 1102 Quod
351 1064 380 1096 si
407 1064 562 1105 pluribus
587 1064 712 1105 scripta
734 1065 803 1104 est,
831 1072 934 1104 quam
960 1062 1135 1104 superior,
1162 1063 1194 1095 id
1219 1072 1289 1095 non
1314 1063 1465 1095 alienum
1493 1064 1545 1095 est
1567 1072 1588 1095 a
1609 1071 1784 1095 sacrarum
1808 1062 1999 1096 litterarum
2025 1063 2285 1106 interpretibus,
2311 1064 2369 1106 qui

227 1123 465 1156 saepenumero
486 1115 606 1148 eadem
625 1114 729 1148 modo
748 1114 875 1154 fusius,
896 1113 1001 1147 modo
1021 1113 1161 1146 brevius
1180 1114 1403 1155 explicarunt.

618 1264 867 1302 PROLOGUS.

485 1363 626 1398 Titulus
651 1364 814 1399 Psalmi.-
836 1362 1011 1399 Alleluia.

279 1453 289 1472 ¹
305 1450 483 1497 Alleluia,
520 1453 598 1487 laus
625 1455 658 1487 el
678 1453 816 1498 gloria,
845 1455 878 1487 et
896 1453 1013 1487 virtus
1037 1453 1106 1486 Deo
1132 1453 1263 1487 nostro.

228 1512 319 1556 Quis
334 1511 483 1559 titulus,
500 1513 588 1560 quis
606 1516 782 1557 ornatus,
798 1513 886 1560 quis
906 1512 1054 1550 fructus
1072 1514 1267 1549 astruatur

226 1576 427 1623 praesentis
453 1576 617 1624 psalmi,
640 1575 865 1623 apostolicis
889 1576 1121 1613 instruimur
1145 1576 1266 1612 docu-

227 1638 381 1675 mentis.
402 1638 550 1675 Titulus
573 1640 721 1686 spectat
746 1638 797 1675 ad
818 1648 978 1675 causam
999 1638 1265 1685 materialem,

229 1703 390 1738 ornatus
406 1701 457 1738 ad
475 1700 705 1748 formalem,
726 1701 873 1738 fructus
894 1701 946 1739 ad
965 1700 1140 1738 finalem.

569 1808 756 1843 Articulus
778 1808 934 1853 primus.

278 1892 474 1935 Quantum
494 1890 546 1926 ad
565 1890 752 1938 primum,
772 1889 825 1926 ait
841 1889 1070 1938 Apostolus:
1091 1890 1268 1936 Alleluia,

231 1952 273 1990 id
297 1955 371 1998 est,
401 1952 571 1989 Laudate
592 1952 816 1989 Dominum.
839 1955 934 1989 Ecce
965 1951 1203 1988 clarissimus
1223 1951 1271 1988 ti-

231 2015 364 2052 tulus:
397 2025 485 2051 ecce
519 2014 734 2051 clarissima
761 2014 927 2051 materia
959 2014 1102 2062 psalmi
1136 2013 1268 2060 huJus.

232 2076 324 2121 Quis
349 2077 456 2113 enim
480 2076 624 2113 clarior
653 2076 811 2122 titulus,
841 2087 964 2124 quam
992 2076 1079 2113 laus
1109 2075 1272 2113 dix-ina?

232 2149 321 2186 quae
342 2138 486 2176 clarior
515 2138 701 2184 materia,
724 2149 846 2186 quam
872 2138 1088 2176 laudabilis
1106 2149 1272 2175 couver-

232 2200 394 2237 sationis
420 2201 628 2238 doctrina?
653 2203 698 2238 Et
721 2203 837 2247 nota,
868 2200 980 2248 quod
1008 2200 1107 2237 sicut
1132 2200 1274 2247 legitur

233 2262 273 2300 in
287 2262 498 2311 Scriptura,
513 2264 689 2307 Alleluia,
707 2263 789 2299 sive
806 2262 1046 2300 laudatIOnis
1064 2262 1274 2300 dominicae

231 2324 442 2362 harmonia
463 2327 518 2362 est
538 2324 726 2370 dicenda,
748 2324 950 2370 iteranda,
977 2325 1196 2362 cantanda:
1217 2325 1274 2362 uti

155 2383 162 2387 ’
231 2386 421 2424 referatur
435 2386 554 2424 dictio
570 2387 623 2424 ad
642 2387 899 2433 intellectum,
915 2387 1067 2424 iteratio
1087 2387 1140 2424 ad
1160 2386 1276 2424 affec·

234 2449 332 2494 tum,
353 2448 522 2484 cantatio
544 2448 597 2484 ad
617 2448 822 2485 effectum:
844 2448 939 2496 quia
959 2449 1181 2485 secundum
1197 2448 1275 2485 elo-

235 2510 374 2558 quium
398 2509 611 2547 tullianum
632 2512 669 2556 Ξ,
701 2510 857 2547 dulcior
885 2512 942 2546 est
973 2512 1186 2548 concentus
1213 2520 1276 2547 ac-

235 2574 360 2618 tuum,
383 2583 505 2620 quam
518 2583 724 2610 sonorum.
739 2574 791 2608 De
811 2572 988 2620 primo³z
1008 2572 1277 2610 «Ceciderunt

235 2634 548 2682 vigintiquatuor
565 2635 753 2681 seniores,
773 2636 810 2671 et
829 2636 1000 2682 quatuor
1018 2634 1219 2681 animalia,
1241 2635 1278 2671 et

236 2696 505 2734 adoraverunt
529 2696 734 2733 sedentem
761 2707 879 2744 super
906 2697 1115 2741 thronum,
1144 2696 1277 2734 dicen-

235 2761 318 2796 tes:
342 2761 480 2804 Amen,
511 2758 672 2795 alleluia
691 2771 732 2795 z»
757 2758 822 2794 hic
851 2758 994 2795 dicitur
1022 2760 1171 2795 alleluia
1195 2758 1277 2795 dic-

237 2821 343 2858 tione
366 2820 617 2858 intellectiva.
642 2823 693 2857 De
714 2821 891 2858 secundo
911 2832 1032 2869 supra
1051 2820 1194 2858 eodem
1215 2832 1278 2858 ca-

238 2882 366 2931 pitulo
393 2883 448 2919 sic
473 2883 641 2920 habetur
659 2884 698 2920 ¹⁴:
730 2898 748 2916 «
773 2885 914 2921 lterum
941 2883 1148 2920 dixerunt:
1180 2883 1278 2921 Alle-

238 2945 333 2982 luia.
354 2958 372 2979 »
398 2945 463 2981 Hic
489 2944 650 2982 iteratur
673 2945 835 2982 alleluia
852 2945 1057 2983 iteratione
1083 2945 1276 2983 affectiva.

241 3008 291 3043 De
305 3006 417 3043 tertio
431 3008 445 3029 ⁵
457 3018 465 3042 :
479 3008 579 3044 «Per
597 3007 706 3044 vicos
726 3010 814 3044 tuos
828 3007 990 3044 alleluia
1003 3007 1244 3046 cantabitur:
1258 3021 1276 3043 ›>

239 3068 304 3105 hic
323 3071 500 3107 cantatur
519 3068 680 3107 alleluia
701 3069 923 3107 cantatione
944 3068 1136 3108 effectiva.

558 3175 751 3212 Articulus
775 3175 962 3211 secundus.

284 3258 483 3304 Quantumj
491 3256 543 3294 ad
550 3257 769 3295 secundum
779 3255 1107 3305 additApostolus
1123 3268 1159 3294 z«
1167 3259 1282 3305 LauS,

243 3323 281 3359 et
297 3320 440 3368 gloria,
460 3322 497 3358 et
514 3319 657 3358 virtus:
678 3333 698 3357 »
721 3330 811 3358 eece
830 3319 956 3358 trinus
976 3321 1152 3357 ornatus.
1173 3319 1282 3358 Unde

288 3452 300 3474 ¹
329 3453 441 3494 Apoc„
473 3461 553 3494 xix,
587 3457 615 3485 ι.
642 3470 682 3477 -
714 3454 724 3471 ²
751 3452 787 3484 ld
815 3455 884 3491 est,
913 3450 1009 3483 Tullii
1039 3450 1224 3484 Ciceronis.
1243 3469 1285 3476 -

1339 1263 1495 1300 videtur
1518 1263 1588 1301 iste
1607 1263 1785 1311 psalmus
1805 1264 1920 1312 quasi
1938 1265 2062 1302 trinus
2083 1266 2120 1302 et
2136 1275 2259 1311 unuS,
2281 1265 2375 1313 quia

1338 1325 1463 1362 trinus
1492 1327 1648 1372 ornatu,
1679 1325 1750 1363 sed
1778 1336 1879 1363 unus
1906 1328 2085 1365 tractatu,
2115 1327 2278 1365 Trinitas
2303 1327 2375 1365 ista

1338 1388 1568 1436 perhibetur
1593 1389 1802 1427 consistere
1822 1390 1863 1426 in
1892 1388 2033 1436 laude,
2061 1389 2207 1437 gloria,
2242 1391 2279 1426 et
2297 1389 2375 1426 vir-

1339 1452 1439 1488 tute:
1460 1450 1643 1488 videlicet
1661 1451 1703 1488 in
1722 1451 1840 1489 laude
1860 1451 2176 1497 mensurationis,
2196 1451 2236 1487 in
2250 1451 2377 1499 gloria

1339 1512 1641 1559 numeratIOnis,
1669 1514 1710 1549 in
1729 1513 1870 1551 virtute
1895 1513 2207 1561 ponderationis.
2228 1515 2377 1551 Mensu-

1340 1577 1448 1611 ratur
1468 1574 1573 1612 enim
1589 1575 1825 1622 geometrice
1844 1575 1991 1613 circulo
2013 1575 2264 1613 elementario
2276 1588 2286 1622 ;
2305 1586 2377 1613 nu-

1341 1640 1515 1675 meratur
1532 1638 1772 1676 arithmetIce
1793 1650 1959 1676 numero
1981 1639 2185 1677 octonario
2194 1651 2205 1686 3
2227 1638 2377 1686 ponde-

1341 1702 1451 1737 ratur
1469 1700 1638 1747 musice,
1666 1701 1747 1738 sive
1767 1701 1946 1748 metrice,
1971 1701 2065 1749 quia
2091 1703 2216 1738 metra
2236 1700 2378 1738 dicitur

1344 1761 1530 1810 quaedam
1565 1762 1716 1800 musica
1752 1763 1986 1801 harmonico
2023 1763 2174 1811 pedum
2207 1763 2376 1801 senario.

1343 1823 1497 1868 Quanta
1526 1823 1574 1860 sit
1599 1824 1685 1861 laus
1719 1824 1854 1861 circuli
1883 1826 2165 1871 mensurantis,
2194 1828 2301 1873 patet
2330 1836 2379 1863 ex

1343 1885 1470 1933 figura
1491 1886 1816 1933 deiformissima,
1838 1887 1933 1934 quia
1958 1887 2268 1935 simplicissima,
2286 1888 2380 1935 quia

1342 1948 1643 1996 perfectissima,
1675 1949 1770 1997 quia
1794 1950 2064 1996 capacissima,
2098 1950 2193 1998 qula
2218 1949 2381 1986 nobilis-

1346 2011 1458 2049 sima.
1487 2012 1638 2056 Quanta
1666 2011 1794 2058 gloria
1821 2011 1869 2048 sit
1897 2012 2088 2049 octonarii
2116 2013 2379 2059 numerantis,

1345 2072 1470 2121 liquet
1486 2085 1534 2110 ex
1555 2084 1616 2120 eo,
1640 2072 1750 2122 quod
1769 2073 1832 2110 bis
1847 2073 1927 2111 duo
1951 2073 2012 2111 bis
2031 2073 2162 2111 valent
2181 2076 2290 2118 octo,
2311 2074 2380 2111 ubi

1347 2147 1535 2173 numerus
1554 2147 1658 2173 unus
1677 2138 1712 2173 et
1729 2135 1882 2183 primus
1901 2147 1972 2184 per
1991 2147 2221 2184 processum
2241 2136 2382 2173 binum

1346 2198 1390 2235 fit
1407 2199 1545 2236 trinus.
1566 2199 1718 2243 Quanta
1737 2198 1785 2235 sit
1802 2197 1926 2235 virtus
1943 2198 2087 2235 senarii
2109 2198 2380 2246 ponderantis,

1348 2263 1511 2309 apparet
1529 2260 1571 2298 in
1590 2271 1652 2307 eo,
1674 2260 1787 2308 quod
1804 2270 1994 2298 numerus
2011 2261 2218 2308 perfectus,
2240 2264 2278 2298 et
2295 2273 2384 2310 per-

1346 2322 1539 2360 fectorum
1556 2322 1728 2370 primus,
1756 2321 1902 2359 trinam
1929 2322 2069 2370 recipit
2094 2323 2383 2361 distinctionem

1346 2387 1490 2432 praeter
1509 2395 1709 2421 excessum
1738 2386 1776 2421 et
1802 2384 2118 2421 diminutionem.
2151 2386 2194 2422 Et
2219 2387 2314 2423 nota
2333 2386 2383 2423 de

1348 2445 1517 2482 trinitate
1542 2446 1692 2492 laudis,
1716 2446 1851 2493 gloriae
1872 2449 1909 2483 et
1928 2445 2099 2493 virtutis,
2124 2447 2234 2494 quod
2258 2450 2385 2495 potest

1350 2507 1494 2543 divinis
1513 2507 1694 2555 adaptari
1713 2508 1916 2555 personiS,
1937 2508 2032 2556 quia
2057 2508 2156 2545 sicut
2183 2520 2231 2546 ex
2258 2510 2384 2558 Scrip-

1349 2569 1444 2606 turis
1464 2569 1681 2616 colligitur,
1711 2570 1799 2606 laus
1819 2570 1939 2616 Patri,
1967 2570 2094 2617 gloria
2124 2571 2242 2618 Filio,
2261 2572 2385 2609 virtus

1349 2631 1505 2679 Spiritui
1525 2634 1661 2669 sancto
1680 2632 1930 2669 adscribitur.

1398 2693 1572 2731 Primum
1590 2695 1697 2741 patet
1714 2704 1787 2742 per
1805 2693 1905 2731 illud
1924 2694 2114 2742 Sapientis
2131 2695 2382 2743 eloquium⁶z

1356 2769 1373 2790 «
1395 2756 1495 2794 Patri
1515 2756 1696 2792 omnium
1715 2756 1763 2804 (a)
1794 2755 2045 2795 decantantes
2068 2757 2221 2796 laudes.
2247 2771 2267 2794 »
2292 2761 2384 2796 Ecce

1351 2818 1437 2856 laus
1456 2818 1557 2855 Patri
1575 2817 1786 2866 adscripta.

1400 2880 1626 2917 Secundum
1654 2880 1781 2928 liquet
1815 2891 1887 2929 per
1919 2881 2020 2919 illud
2052 2883 2325 2931 evangelicum
2345 2885 2382 2921 ⁷:

1356 2957 1375 2977 «
1394 2943 1572 2980 Vidimus
1599 2942 1768 2990 gloriam
1796 2945 1902 2990 eJus,
1927 2944 2098 2990 gloriam
2118 2947 2230 2993 quasi
2253 2946 2389 2993 unige-

1352 3004 1422 3043 niti
1442 3015 1466 3042 a
1483 3006 1593 3041 Patre
1611 3017 1619 3041 :
1642 3017 1660 3038 »
1683 3016 1773 3043 ecce
1793 3005 1920 3052 gloria
1940 3006 2036 3044 Filio
2055 3007 2253 3045 attributa.

1399 3066 1571 3104 Tertium
1607 3069 1772 3116 apparet
1806 3079 1879 3116 per
1914 3068 2016 3105 illud
2051 3069 2327 3117 propheticum
2344 3070 2358 3092 ⁸
2377 3082 2386 3106 :

1359 3141 1377 3164 ι(
1398 3129 1542 3177 Spiritu
1561 3128 1640 3166 oris
1660 3129 1764 3176 eJ‘us,
1785 3130 1915 3167 omnis
1933 3130 2055 3168 virtus
2075 3141 2237 3170 eorum:
2259 3145 2276 3167 »
2301 3143 2389 3170 ecce

1353 3191 1476 3229 virtus
1495 3190 1654 3239 Spiritui
1672 3193 1808 3230 sancto
1828 3192 2000 3231 addicta.

1355 3296 1368 3315 ²
1387 3296 1502 3338 Apoc..
1519 3303 1581 3337 vu,
1604 3298 1652 3327 it.
1675 3313 1710 3318 —
1734 3296 1747 3318 ὃ
1764 3295 1879 3336 Αροε,,
1898 3303 1972 3335 xix,
1988 3296 2018 3327 3.
2035 3312 2076 3319 —
2096 3297 2106 3314 ⁵
2130 3294 2219 3336 rob„
2238 3305 2316 3334 xiii,
2336 3300 2389 3330 22.

1355 3360 1398 3366 -
1427 3343 1441 3364 ⁶
1468 3343 1561 3384 Sap„
1594 3349 1702 3383 xviii,
1730 3345 1760 3374 9.
1790 3359 1831 3366 —
1867 3342 1877 3360 ⁷
1907 3342 2016 3381 Joan.,
2047 3350 2079 3381 1,
2108 3343 2155 3375 14.
2187 3360 2227 3368 -
2256 3343 2270 3366 ⁸
2298 3344 2389 3377 Psal.

1357 3397 1470 3430 xxxii,
1489 3391 1521 3421 6.

1400 3451 1444 3491 (α)
1474 3448 1571 3489 Vulq.
1592 3448 1728 3480 Patruin
1749 3447 1828 3487 jam.

2446 1716 2538 1742 Mtlra

2398 1758 2479 1791 quui.
