2633 3878
55 2429 122 2455 Tria
137 2437 192 2456 ncr:

56 2473 123 2496 sunt
142 2470 193 2497 ab·

55 2513 196 2539 scanden-

208 283 283 322 344

207 368 384 404 videlicet
412 369 570 413 propter
599 362 849 410 agitationem
865 389 875 406 ‚
899 357 1230 401 commotionem,

208 429 479 466 contritionem
494 456 504 473 ,
550 424 856 463 confractionem
887 434 893 457 :
937 420 1084 467 agitant
1129 417 1233 454 enim

208 490 501 537 intelligentiam
517 517 527 534 ,
565 488 817 525 commovent
846 480 1204 528 concupiscentiam
1220 506 1232 523 ,

207 556 407 589 conterunt
444 551 743 594 conscientiam,
776 546 1023 590 confringunt
1050 543 1235 578 innocen-

207 615 312 651 tiam.
343 616 392 650 De
421 615 549 660 primo
580 615 615 648 ¹:
641 626 659 646 α
685 609 900 657 Agitatione
919 604 1128 652 agitabitur
1164 606 1235 640 ter-

207 689 263 717 ra,
295 691 310 710 »
337 676 447 723 quasi
469 676 595 712 dicat:
619 672 834 719 Agitatione
855 674 1016 705 terrenae
1036 664 1234 714 sapientia:

207 751 276 786 per
297 739 451 775 diversa
470 736 597 773 studia
618 733 828 781 agitabitur
846 735 996 768 terrena
1016 728 1232 774 intelligen-

208 804 271 839 tia.
305 802 406 846 Quid
437 801 564 845 cuim,
593 798 666 834 nisi
705 800 856 833 terrena
900 793 1093 840 cogitant,
1134 801 1235 838 quos

207 866 333 903 studia
348 869 499 901 tcrrcna
517 863 691 910 agitant?
708 863 758 897 De
773 858 946 896 secundo
964 860 976 880 Ξ
994 871 1001 894 :
1023 871 1039 891 (ι
1055 858 1235 892 Commo-

207 929 308 965 tione
325 926 638 964 commovebitur
661 927 774 967 terra,
795 936 813 955 »
837 920 948 969 quasi
970 919 1099 955 dicat:
1123 918 1235 953 Com-

207 991 378 1027 motione
418 994 578 1026 terrenae
621 984 883 1031 intelligentiae
921 977 1236 1019 commovebitur

206 1057 358 1089 terrena
379 1049 706 1098 concupiscentia.
725 1050 820 1084 Nam
841 1045 908 1093 qui
928 1046 1008 1080 tota
1029 1042 1091 1078 die
1113 1039 1237 1076 consi-

208 1116 345 1151 derant
359 1113 565 1157 terrestria,
579 1111 675 1158 quid
688 1105 1006 1152 desiderant,nisi
1019 1102 1235 1141 terrestria?

209 1185 257 1213 t2c
288 1177 398 1213 tertio
424 1177 436 1197 ³
464 1187 472 1211 z
512 1188 529 1207 «
560 1172 795 1210 contritione
826 1170 1044 1207 conteretur
1069 1169 1193 1210 terra,
1215 1178 1232 1198 »

207 1238 318 1286 quasi
339 1238 461 1281 dicat3
483 1235 712 1272 contritione
734 1238 893 1270 terrente
914 1226 1237 1276 concupiscentiae

208 1304 426 1338 conteretur
448 1303 600 1335 terrena
621 1295 857 1333 conscientia
877 1306 885 1330 :
909 1305 999 1330 cum
1020 1291 1125 1328 enim
1138 1300 1235 1337 pau-

207 1364 315 1400 latim
330 1361 554 1398 dissolvitur
574 1357 893 1406 concupiscenti-2122
905 1355 1094 1404 pronitas,
1111 1352 1237 1401 pede-

207 1426 340 1463 tentim
360 1424 566 1460 resolvitur
586 1420 830 1458 conscientiae
850 1420 1019 1455 bonitas.
1049 1420 1098 1454 De
1121 1425 1236 1464 quar-

207 1494 244 1524 to
271 1490 282 1509 '⁴
309 1499 317 1523 :
344 1501 360 1521 «
379 1485 648 1523 confractione
666 1483 932 1529 confringetur
951 1484 1066 1526 terra,
1085 1494 1101 1513 υ
1125 1478 1238 1527 quasi

208 1550 310 1586 dicat
344 1562 351 1584 ε
380 1547 649 1585 confractione
677 1549 834 1582 terrenae
868 1543 1113 1580 conscientiae
1143 1551 1238 1577 con·

207 1612 395 1658 fringetur
414 1609 653 1647 terrestrium
672 1607 897 1644 innocentia
918 1618 926 1642 t
947 1605 1112 1642 faciliter
1133 1603 1239 1640 enim

208 1673 464 1719 confringitur
482 1671 725 1715 innocentia,
755 1681 842 1716 quae
862 1678 943 1705 non
964 1666 1240 1712 constringitur

209 1747 231 1771 a
247 1734 480 1771 conscientia
497 1745 504 1770 :
522 1732 758 1770 conscientia
774 1742 884 1775 vero,
899 1741 986 1777 quse
1000 1739 1081 1766 non
1095 1728 1240 1773 stricta,

209 1797 275 1834 sed
296 1796 467 1833 resoluta
488 1800 556 1841 est,
579 1794 784 1842 quomodo
805 1792 1069 1838 constringere
1089 1790 1240 1838 potest?

547 1902 732 1936 Arta-ulus
755 1901 896 1935 tertius.

258 1990 451 2032 Quantum
473 1986 522 2022 ad
543 1985 717 2030 tertium,
738 1983 847 2020 addit
871 1995 878 2019 :
901 1984 982 2020 Non
1008 1981 1200 2017 abscondas
1221 1991 1242 2016 α

211 2062 275 2086 me.
307 2053 375 2086 Per
397 2049 473 2086 hoc
500 2048 652 2084 intimat
679 2045 863 2083 desiderii
888 2043 1183 2088 aestuationem,
1206 2045 1243 2078 et

210 2113 332 2159 ipsius
348 2111 642 2147 virtuositatem.
663 2109 757 2146 Petit
771 2108 875 2145 enim
890 2108 1114 2151 affectuose,
1132 2105 1242 2153 quod

212 2175 358 2221 appetit
376 2174 547 2209 virtuose
570 2184 578 2208 :
605 2171 679 2208 nisi
701 2171 805 2207 enim
826 2171 1026 2217 appeteret
1044 2168 1243 2215 amplecti,

212 2248 293 2273 non
320 2237 468 2283 peteret
491 2245 572 2271 non
604 2232 810 2270 abscondi.
840 2234 914 2268 Nec
946 2231 1090 2266 insulse
1118 2229 1241 2266 dicit:

215 2301 294 2335 ,van
314 2298 507 2333 abscondas
533 2307 555 2332 a
573 2307 626 2331 nze
650 2307 657 2330 :
681 2305 725 2331 ac
752 2294 783 2329 si
804 2294 950 2329 diceret
969 2295 1101 2339 aperte
1130 2303 1138 2327 z
1160 2294 1245 2328 Non

215 2360 435 2396 abscondas
457 2362 520 2395 tua
547 2368 569 2393 a
589 2368 670 2402 me,
698 2356 763 2403 qui
784 2366 865 2391 non
886 2354 1090 2391 abscondo
1114 2364 1202 2390 mea
1222 2364 1246 2390 a

217 2427 263 2459 te.
298 2424 339 2458 Et
369 2426 474 2466 nota,
506 2420 615 2468 quod
647 2419 720 2455 tria
753 2418 911 2466 praecise
941 2417 1132 2453 debemus
1164 2426 1246 2453 non

216 2485 478 2529 abscondere,
510 2494 600 2519 cum
619 2481 890 2529 opportunitas
918 2480 959 2516 id
984 2479 1139 2515 videtur
1166 2478 1246 2515 exi-

217 2559 305 2594 gere
329 2560 336 2583 :
360 2549 402 2583 ut
425 2549 519 2594 puta
540 2544 726 2591 justitiam
748 2543 963 2580 immissam
978 2571 989 2588 ,
1018 2541 1247 2589 injustitiam

215 2610 473 2657 permissam,
511 2607 721 2655 pecuniam
770 2605 1036 2642 commissam.
1076 2603 1248 2640 Primum

216 2672 417 2719 potissime
445 2680 527 2706 non
553 2669 743 2706 debemus
763 2667 1005 2704 abscondere
1033 2667 1073 2703 in
1104 2665 1248 2702 contri-

218 2735 347 2779 tionc3
381 2732 599 2769 secundum
635 2732 675 2767 in
710 2730 980 2775 confessione;
1019 2729 1175 2766 tertium
1208 2728 1249 2765 in

219 2796 493 2833 satisfactione.
521 2796 571 2830 De
602 2793 732 2840 primo
765 2795 776 2814 ³
812 2805 819 2828 :
862 2806 878 2826 «
913 2792 1106 2828 Justitiam
1142 2794 1249 2827 tuam

221 2869 301 2894 non
329 2857 518 2894 abscondi
548 2857 588 2892 in
617 2855 734 2892 corde
764 2864 880 2900 meo,
909 2868 925 2888 »
957 2853 1103 2889 scilicet
1133 2852 1250 2899 plane

223 2920 386 2957 contrito
409 2923 443 2954 et
463 2917 667 2954 humiliato
684 2945 693 2961 ,
717 2916 828 2963 quasi
857 2915 1001 2951 diceret
1023 2926 1030 2950 :
1057 2916 1140 2950 Non
1161 2913 1250 2949 abs-

223 2982 339 3018 condi
357 2980 511 3027 justitiae
529 2985 601 3016 tuae
623 2982 836 3027 aspectum,
858 2989 929 3026 per
947 2989 1065 3026 quarn
1088 2977 1252 3014 contrivi

224 3044 416 3091 injustitiae
442 3054 537 3079 meze
558 3042 751 3078 affectum.
775 3040 946 3085 Qualiter
971 3040 1076 3076 enim
1094 3050 1253 3087 possem

225 3110 423 3143 conterere
442 3105 616 3141 radicem
637 3103 831 3149 injustitiae
852 3103 891 3138 in
911 3102 1140 3138 mortariolo
1162 3113 1254 3138 con-

225 3169 405 3212 scientiae,
421 3168 494 3204 nisi
513 3171 586 3203 tuae
602 3165 747 3214 pistillo
762 3165 941 3210 justitiae?
959 3167 1008 3200 Dc
1024 3164 1197 3200 secundo
1212 3166 1225 3186 ⁶
1243 3178 1250 3198 :

231 3244 247 3262 «
279 3230 467 3266 Delictum
491 3240 625 3265 meum
655 3228 856 3274 cognitum
882 3227 952 3262 tibi
979 3226 1079 3272 feci,
1113 3240 1131 3260 »
1160 3228 1254 3270 etc.,

228 3292 340 3338 quasi
361 3292 504 3328 diceret
522 3304 530 3327 ;
560 3294 699 3328 Notum
718 3290 791 3326 feci
813 3288 997 3325 delictum
1017 3287 1255 3331 omissionis,

227 3364 299 3389 nec
331 3352 521 3389 abscondi
553 3352 782 3398 injustitiam
808 3350 1108 3395 commissionis,
1139 3360 1185 3385 ne
1214 3352 1256 3386 tu

230 3414 449 3450 abscondas
488 3415 653 3461 gratiam
688 3412 928 3450 remissionis
968 3424 976 3447 :
1019 3421 1101 3448 non
1140 3410 1257 3448 debet

275 3497 282 3515 ¹
305 3496 381 3535 1›a.,
403 3504 496 3537 urs,
518 3500 569 3529 ΞΟ.
589 3514 629 3521 -
652 3498 663 3516 ²
682 3497 777 3537 thid„
805 3499 852 3529 19.
876 3512 916 3521 —
938 3495 951 3518 ³
972 3495 1056 3527 ibid.
1076 3510 1117 3519 -
1135 3494 1150 3516 δ
1171 3493 1258 3525 ibid.

230 3561 271 3568 -
296 3542 309 3564 ⁵
330 3542 420 3573 Psal.
443 3551 562 3582 xxxix,
588 3549 634 3577 Η.
664 3562 697 3568 -
722 3547 733 3563 ⁶
755 3545 841 3576 Psol.
870 3552 965 3585 xxm,
995 3546 1023 3576 ὅ.
1046 3559 1086 3568 -·-
1104 3543 1117 3565 '¹
1140 3541 1257 3581 ticeli„

897 266 1170 310 EXPOSlTlO
1202 265 1253 306 IN
1284 264 1633 307 PSALTERIUM.

1306 365 1401 401 ergo
1422 354 1665 392 abscondere
1680 358 1861 403 peccator
1873 355 2087 402 miseriam,
2104 366 2153 393 ne
2170 357 2333 396 abscon-

1307 416 1373 454 dat
1392 417 1568 454 Salvator
1586 417 1909 454 misericordiam.
1926 419 1976 455 De
1995 417 2106 455 tertio
2119 418 2158 453 ⁷:
2178 420 2332 457 «Perde

1305 479 1515 525 pecuniam
1542 482 1702 527 propter
1727 479 1886 516 fratrem
1906 482 1942 516 et
1966 479 2159 525 amicum,
2189 481 2227 516 et
2255 490 2336 518 non

1307 541 1528 578 abscondas
1547 541 1656 577 illam
1677 542 1749 578 sub
1776 542 1908 589 lapide
1938 541 1978 578 in
2006 541 2268 588 perditionem
2282 569 2293 587 ,
2315 555 2332 575 »

1307 602 1418 649 quasi
1439 603 1542 639 dicat
1564 615 1572 638 :
1603 604 1715 639 Perde
1740 603 1998 651 temporalem
2017 602 2335 649 retributionem,

1307 675 1387 701 non
1400 664 1662 712 praestolando
1676 669 1881 711 pecuniam,
1901 668 2062 713 peccata
2075 666 2336 713 elecmosynis

1307 726 1563 772 redimendo3
1591 730 1735 773 propter
1763 729 1917 771 fratrem
1937 732 1968 764 ec
2002 730 2170 774 amicum,
2196 728 2239 764 id
2266 730 2340 773 est,

1307 791 1466 835 propter
1493 789 1739 826 fraternitatis
1776 800 1954 826 amorem
1981 790 2146 837 pauperi
2175 801 2335 827 succur-

1306 850 1453 896 1'end03
1474 855 1505 887 et
1525 862 1596 887 non
1616 852 1809 888 abscondas
1832 853 1936 887 illam
1955 853 2018 888 sub
2039 852 2186 898 lapide,
2205 851 2248 888 id
2269 854 2338 896 est,

1307 911 1466 959 lapideo
1494 913 1632 959 corde,
1654 924 1721 951 cor
1746 916 1856 950 tuum
1885 913 1999 962 quasi
2024 913 2201 961 lapidem
2220 913 2337 951 indu·
2391 901 2394 904 ’

1307 974 1454 1020 rando;
1482 977 1521 1011 τη
1547 976 1810 1022 perdicionem,
1839 976 1880 1012 id
1914 978 1996 1021 est,
2026 975 2148 1012 vitam
2180 975 2339 1012 beatam

1308 1036 1527 1082 perdendo.
1551 1037 1656 1074 Felix
1675 1048 1791 1085 ergo,
1813 1038 1881 1086 qui
1899 1038 2028 1086 perdit
2045 1038 2276 1086 pecuniam,
2297 1039 2340 1075 ut

1310 1109 1399 1134 cum
1434 1110 1480 1136 ea
1509 1100 1648 1147 perdat
1678 1100 1890 1137 miseriam.
1926 1100 2076 1147 Infelix,
2111 1101 2179 1148 qui
2209 1101 2339 1148 perdit

1309 1161 1429 1198 vitam
1449 1162 1694 1208 aeternalem,
1714 1173 1764 1200 ne
1783 1163 1922 1210 perdat
1946 1163 2156 1211 pecuniam
2181 1166 2336 1211 tempo-

1310 1223 1445 1260 ralem.

1633 1273 1823 1309 Artz‘culas
1852 1276 2014 1319 quartas.

1358 1352 1553 1394 Quantum
1573 1350 1624 1387 ad
1645 1353 1852 1397 quartum,
1884 1351 2113 1399 superaddit
2133 1364 2141 1388 ;
2163 1352 2341 1388 Mandata

1312 1415 1395 1459 tua3
1416 1423 1487 1460 per
1505 1413 1581 1449 hoc
1604 1412 1811 1460 implicans
1831 1413 2013 1450 divinum
2041 1413 2274 1460 imperium,
2307 1416 2343 1451 et

1310 1475 1479 1512 fructum
1511 1477 1594 1522 ejus
1616 1475 1797 1512 nimium.
1827 1476 2008 1513 Mandata
2040 1476 2186 1524 quippe
2207 1475 2343 1513 divina
2364 1495 2503 1523 Mandu,

1311 1540 1399 1573 sunt
1418 1537 1585 1574 nimium
1603 1538 1804 1575 fructuosa
1823 1550 1832 1574 ε
1863 1538 1970 1574 unde
1995 1548 2069 1585 pro
2089 1548 2160 1574 sua
2178 1537 2341 1586 praecel-
2363 1537 2472 1566 divina.

1311 1599 1431 1636 lentia
1451 1600 1633 1637 dicuntur
1661 1600 1746 1646 via,
1765 1600 1931 1645 veritas,
1958 1600 2038 1637 vita
2059 1612 2068 1636 ε
2091 1600 2178 1646 via,
2201 1599 2346 1638 scilicet

1312 1662 1352 1698 in
1371 1662 1539 1709 patriam
1573 1672 1646 1698 nos
1680 1662 1874 1700 reducens
1887 1675 1898 1709 3
1923 1662 2086 1708 veritas,
2106 1662 2147 1699 in
2176 1662 2345 1710 patriam

1313 1734 1385 1761 nos
1405 1724 1655 1771 conducens;
1675 1724 1755 1761 vita
1768 1753 1778 1769 ‚
1799 1724 1841 1761 in
1859 1724 2027 1772 patriam
2045 1735 2119 1761 nos
2138 1725 2344 1762 inducens

1315 1787 1366 1823 lle
1402 1786 1531 1834 primo
1567 1786 1580 1808 ⁸
1620 1799 1628 1823 :
1666 1799 1684 1820 «
1720 1785 1831 1823 Viam
1867 1786 2150 1824 mandatorum
2187 1790 2342 1824 tuorum

1315 1848 1467 1884 cucurri
1489 1860 1497 1884 :
1529 1863 1545 1882 »
1577 1858 1667 1885 ecce
1690 1848 1783 1895 quia
1805 1848 1994 1885 mandata
2020 1851 2109 1885 sunt
2134 1848 2212 1885 via.
2242 1850 2346 1887 Hanc

1314 1909 1420 1947 viam
1438 1910 1631 1946 currimus
1650 1910 1812 1947 internis
1830 1910 2015 1958 pedibus,
2035 1913 2078 1947 ut
2094 1910 2145 1946 ad
2165 1910 2347 1958 patriam,

1316 1983 1338 2008 a
1350 1982 1430 2019 qua
1444 1971 1663 2008 decidimus
1677 1983 1747 2020 per
1763 1972 2087 2018 inobedientiam,
2100 1982 2349 2010 recurramus

1315 2045 1385 2081 per
1405 2034 1685 2072 obedientiam.
1709 2037 1759 2071 De
1779 2035 1953 2071 secundo
1970 2036 1983 2057 ⁹
2007 2047 2016 2070 :
2042 2047 2059 2068 «
2079 2034 2218 2072 Omnia
2237 2045 2349 2072 man-

1318 2098 1409 2135 data
1434 2100 1501 2134 tua
1523 2099 1678 2135 veritas.
1709 2111 1728 2132 »
1760 2098 1940 2135 Mandata
1968 2097 2151 2134 dicuntur
2182 2097 2348 2144 veritas,

1318 2162 1412 2209 quia
1425 2162 1594 2198 lucentia
1609 2162 1706 2199 sicut
1719 2161 1876 2207 veritas,
1891 2161 1984 2209 quia
1996 2161 2178 2198 ducentia
2191 2171 2261 2209 per
2270 2163 2349 2210 jus-

1317 2224 1408 2260 tttiae
1427 2224 1597 2260 semitas.
1614 2225 1664 2260 De
1682 2224 1792 2260 tertio
1809 2223 1834 2246 ¹⁰
1850 2236 1859 2260 :
1880 2237 1897 2258 «
1909 2223 1992 2260 Scio
2009 2224 2104 2271 quia
2119 2224 2350 2261 mandatum

1320 2288 1402 2334 ejus
1420 2287 1500 2324 vita
1528 2289 1672 2324 aeterna
1693 2290 1768 2332 est,
1791 2300 1809 2322 »
1832 2286 1979 2323 scilicet
1998 2287 2205 2323 causaliter
2228 2299 2235 2323 :
2257 2298 2351 2324 nam

1320 2349 1551 2386 mandatum
1579 2352 1635 2386 est
1661 2359 1778 2386 causa
1802 2348 1889 2386 vitae
1917 2351 2090 2393 aeternae,
2119 2359 2192 2385 nec
2219 2349 2350 2386 solum

1320 2411 1532 2457 meritoria,
1555 2412 1625 2447 sed
1639 2413 1675 2447 et
1694 2411 1990 2455 introductoria,
2011 2411 2163 2447 dicente
2185 2411 2350 2449 Domino

1320 2474 1361 2510 in
1395 2474 1537 2511 eodem
1563 2473 1688 2521 capite
1710 2474 1733 2496 ¹¹
1761 2485 1769 2510 :
1799 2486 1816 2507 «
1835 2473 1871 2510 Si
1892 2473 1950 2509 vis
1974 2473 2025 2510 ad
2044 2473 2162 2510 vitam
2182 2473 2352 2521 ingredi,

1322 2548 1435 2575 serva
1455 2538 1655 2575 mandata.
1684 2550 1702 2572 »

1756 2640 1927 2683 Epilogus.

1373 2727 1467 2764 Dicit
1485 2727 1616 2774 itaque
1637 2726 1830 2773 Propheta
1851 2737 1858 2761 :
1888 2727 2006 2763 Incola
2027 2736 2086 2770 eqo
2107 2736 2205 2771 sum,
2232 2735 2369 2772 quam.

1325 2791 1407 2825 tum
1425 2789 1477 2825 ad
1493 2787 1693 2825 fastidium
1714 2798 1946 2832 onerosum3
1967 2789 2010 2823 In
2031 2790 2140 2832 terra,
2162 2789 2356 2834 quantum

1327 2850 1378 2886 ad
1398 2849 1571 2886 studium
1596 2848 1902 2895 infructuosum3
1923 2850 2004 2886 Non
2025 2848 2217 2884 abscondas
2238 2859 2259 2883 a
2280 2858 2333 2883 nze
2343 2874 2355 2892 ,

1326 2913 1518 2958 quantum
1551 2911 1602 2947 ad
1638 2911 1877 2947 desiderium
1909 2910 2144 2956 virtuosum;
2181 2909 2356 2947 Mandata

1328 2979 1391 3010 tua
1405 3003 1413 3016 ,
1438 2976 1629 3021 quantum
1651 2972 1702 3010 ad
1721 2972 1932 3027 imperium
1950 2972 2206 3010 fructuosum.

1700 3120 1916 3147 VERSICULUS
1942 3121 1991 3147 lv.

1378 3229 1437 3262 20.
1450 3227 1661 3272 Concupivit
1678 3226 1802 3260 anima
1815 3234 1905 3269 mea,
1921 3226 1992 3260 etc.
2008 3223 2237 3260 Enucleatus
2251 3224 2307 3258 est
2319 3221 2360 3257 in

1330 3288 1538 3335 praemissis
1569 3287 1698 3324 servor
1726 3285 1941 3323 affectionis
1969 3287 2148 3332 respectu
2180 3293 2358 3331 supernae

1332 3349 1599 3386 delectationis
1607 3376 1619 3395 ,
1641 3350 1819 3396 respectu
1846 3348 2006 3384 internae
2039 3345 2358 3391 illuminationis,

1331 3413 1507 3458 respectu
1527 3410 1735 3448 meritoriae
1750 3409 1926 3455 actionis,
1943 3408 2042 3445 sicut
2058 3410 2163 3455 patet
2175 3407 2216 3444 in
2234 3406 2361 3443 tribus

1332 3503 1430 3535 xxm,
1454 3498 1502 3529 13.
1519 3513 1558 3519 —
1576 3495 1590 3517 ⁸
1608 3494 1700 3527 Psal.
1714 3494 1794 3531 hoc,
1810 3495 1862 3525 32.
1877 3509 1917 3516 -
1937 3494 1949 3511 ’ν’
1971 3491 2066 3533 ibid„
2081 3493 2131 3524 86.
2149 3509 2187 3515 -
2212 3493 2236 3515 ¹⁰
2249 3491 2359 3532 Joan„

1333 3549 1395 3582 xil,
1421 3544 1471 3574 50.
1495 3559 1527 3567 -
1554 3542 1576 3563 ¹¹
1599 3543 1670 3574 lmo
1692 3540 1825 3580 Mansa„
1848 3547 1921 3580 xix,
1942 3540 1992 3572 Π.
