2633 3878
35 1307 174 1341 Tropolo-

47 1348 96 1382 gia
114 1349 166 1376 du-

68 1391 143 1426 plex.

899 278 951 321 ΙΝ
981 275 1359 320 HEXAEMERON.
1393 273 1566 316 SERMO
1598 274 1646 314 ll.
2293 276 2342 314 37

210 387 230 412 (ι
250 373 260 396 ¹
281 372 501 427 Numquid
527 370 640 413 nosti
659 369 852 411 ordinem
874 367 988 420 coeli,
1021 369 1095 408 aut
1115 366 1238 408 ratio-

203 457 301 486 nem
323 446 414 498 eJ'us
433 455 563 498 pones
582 443 626 483 in
646 444 784 484 terra?
802 454 822 479 n
838 440 1067 493 Anagogia
1086 450 1235 492 super-

203 517 384 559 coelestis
411 518 491 567 est,
513 514 682 569 quando
711 513 928 555 Abraham
953 516 968 538 2
986 513 1073 553 tres
1102 510 1234 561 vidit,

202 591 241 631 et
260 600 396 630 unum
415 587 619 628 adoravit.
643 585 714 627 Est
732 585 861 626 etiam
890 585 935 625 in
967 583 1134 625 duobus
1155 594 1231 623 an-

203 661 313 714 gelis
342 658 482 700 missis
509 657 560 699 ad
586 657 907 698 subversionem
931 654 1232 697 Sodomorum.

201 732 253 774 Hi
290 730 431 783 angeli
464 731 562 770 sunt
594 728 726 770 Filius
756 730 796 769 et
827 727 1009 782 Spiritus
1039 729 1230 778 sanctus,

200 803 274 857 qui
293 802 536 843 mittuntur.
572 800 696 842 Pater
727 802 870 841 autem
892 811 979 840 non
1012 798 1232 839 mittitur:

200 876 240 916 et
258 874 360 916 hinc
387 875 477 924 est,
508 872 620 926 quod
649 871 788 913 solum
821 871 906 911 duo
932 869 1074 922 angeli
1093 869 1232 909 nomi-

198 950 380 998 nantur,
402 958 452 987 eo
472 945 585 999 quod
617 945 743 987 Pater
762 955 976 996 nusquam
996 942 1152 982 missus
1171 941 1233 982 le-

198 1019 330 1072 gitur.
357 1017 463 1067 Quia
483 1029 585 1059 vero
606 1016 829 1070 apparuit,
862 1018 910 1057 ut
930 1015 1049 1057 docet
1071 1015 1135 1055 1111
1143 1026 1200 1067 go
1220 1046 1230 1065 ,

198 1089 299 1131 hinc
319 1092 400 1141 est,
423 1089 536 1142 quod
556 1089 600 1130 in
621 1089 784 1130 visione
802 1088 988 1130 Abrahae
1008 1086 1161 1128 dicitur
1184 1087 1196 1109 ⁵
1221 1101 1230 1128 ε

204 1176 225 1201 <1
242 1159 345 1202 Tres
364 1161 488 1212 vidit,
509 1175 528 1199 υ
554 1162 633 1202 ete.
654 1160 784 1202 Juxta
802 1160 971 1201 tertiam
991 1158 1231 1211 intelligen-

198 1233 301 1275 tiam
315 1266 330 1285 ,
352 1245 448 1288 quae
469 1234 653 1275 declarat
672 1233 772 1287 quid
797 1233 1012 1286 agendum
1034 1245 1108 1286 per
1128 1233 1229 1273 chan

197 1305 366 1347 ritatem
380 1338 390 1358 ,
413 1306 598 1348 sumitur
616 1305 873 1359 tropologia.
895 1304 967 1346 Est
988 1307 1132 1345 autem
1150 1307 1232 1345 tro-

195 1378 369 1432 pologia
388 1378 546 1432 duplex
568 1392 578 1418 ι
599 1389 685 1419 una
701 1409 711 1428 ,
739 1388 836 1430 quae
870 1379 1028 1430 spectat
1048 1376 1100 1416 ad
1133 1376 1231 1417 acti-

196 1461 312 1499 vam,
334 1448 491 1490 scilicet
510 1460 608 1503 quae
628 1448 748 1490 docet
767 1447 867 1501 quid
886 1447 1128 1500 agendum;
1150 1447 1232 1487 alia

195 1523 351 1574 spectat
366 1521 419 1562 ad
439 1519 834 1573 contemplativam,
859 1531 955 1571 quae
984 1518 1102 1559 docet
1121 1530 1227 1572 quo-

193 1592 320 1633 modo
372 1590 744 1644 contemplandum
783 1622 792 1641 ,
834 1590 1048 1642 quomodo
1086 1590 1231 1630 anima

193 1664 353 1705 feratur
374 1663 418 1704 in
448 1662 607 1712 Deum;
630 1674 709 1703 nec
729 1663 872 1703 tamen
903 1664 966 1702 est
986 1662 1201 1714 anagogia
1216 1694 1226 1713 ‚

192 1735 293 1789 quia
323 1733 540 1787 anagogia
568 1736 631 1774 est
661 1745 834 1775 sursum
868 1733 976 1774 actio
1008 1733 1163 1774 animae
1185 1734 1229 1774 in

191 1806 354 1856 Deum,
389 1805 461 1846 sed
491 1804 733 1858 tropologia
762 1805 1092 1857 'contemplativa
1134 1805 1230 1846 faait

191 1877 307 1932 quod
327 1877 500 1928 feratur,
523 1879 563 1917 et
583 1876 703 1918 docet
722 1876 898 1917 modum
918 1876 1093 1917 ferendi.
1128 1876 1229 1918 Haec

191 1948 398 2003 sapientia
425 1951 487 1988 est
510 1948 716 2001 sapientia
734 1947 874 1989 velata
904 1948 1117 2001 superbis,
1153 1950 1227 2002 qui

190 2022 407 2074 nequeunt
450 2019 688 2073 Scripturas
730 2019 998 2072 intelligere,
1041 2033 1226 2074 quarum

189 2092 392 2146 mysteria
410 2091 591 2144 intelligi
612 2104 698 2133 non
718 2095 910 2146 possunt,
938 2092 1019 2133 nisi
1039 2093 1228 2134 sciantur

189 2163 412 2205 volumina
430 2163 688 2205 decursuum
710 2163 924 2215 universi,
949 2167 988 2205 et
1009 2164 1226 2217 dispositio

188 2234 280 2288 ejus
304 2247 380 2289 per
404 2235 622 2276 antitheta.
653 2234 757 2277 Vide
792 2236 1122 2290 pulcherrimam
1157 2249 1225 2277 sa-

189 2307 393 2360 pientiam
414 2307 458 2348 in
478 2307 717 2360 mysteriis,
741 2309 781 2348 et
813 2308 910 2361 plus
930 2320 1062 2361 quam
1084 2308 1223 2361 primo

170 2379 329 2428 .modo.
352 2378 395 2420 Si
415 2379 530 2420 enim
558 2379 687 2420 laudo
709 2391 907 2433 sponsam
922 2412 932 2431 ,
954 2381 1067 2433 quod
1089 2393 1222 2422 verax

188 2453 250 2492 est
280 2453 323 2492 et
357 2451 563 2504 pulchra,
600 2463 687 2492 non
715 2451 897 2493 afficitur
917 2453 1113 2505 animus3
1150 2454 1221 2495 sed

188 2521 291 2562 dum
311 2521 410 2562 dicit
437 2521 658 2574 Scriptura
675 2521 716 2562 ¹⁹:
745 2537 765 2560 «
787 2522 985 2564 Pulchrae
1014 2527 1114 2565 sunt
1142 2538 1221 2577 ge-

189 2603 256 2633 nae
283 2595 369 2633 tuae
397 2592 503 2634 sicut
529 2593 734 2643 turturis,
769 2593 925 2634 collum
958 2598 1082 2635 tuum
1114 2596 1224 2637 sicut

188 2664 387 2716 monilia,
413 2678 431 2702 >³
458 2664 723 2706 commendat
743 2667 899 2706 castam
921 2669 961 2707 et
979 2666 1217 2718 honestam,

188 2738 228 2777 et
247 2735 317 2777 dat
342 2748 513 2778 causam
540 2736 762 2787 castitatis,
786 2737 888 2791 quia
909 2741 1083 2792 propter
1105 2752 1221 2782 amo·

187 2819 278 2848 rem
293 2808 450 2861 sponsi.
463 2806 622 2848 Turtur
636 2808 751 2848 enim
773 2809 866 2849 avis
884 2813 946 2850 est
967 2823 1163 2853 amorosa
1181 2815 1220 2853 et

188 2881 320 2929 casta;
344 2882 385 2920 ct
401 2882 573 2933 propter
592 2891 781 2920 amorem
804 2882 1014 2935 comparis
1033 2883 1140 2924 nulli
1164 2884 1214 2938 (α)

188 2950 480 3004 conjungitur,
506 2950 645 2991 necin
663 2951 750 2992 vita
770 2952 876 3003 ejus,
899 2965 976 2993 uec
997 2957 1091 3007 post
1113 2968 1222 2997 mor-

188 3024 288 3063 tem.
330 3020 495 3075 Sponsa
523 3021 657 3074 igitur
690 3021 868 3063 honesta
899 3036 986 3065 non
1018 3028 1079 3066 est
1115 3026 1217 3079 quia

189 3096 326 3144 casta,
350 3093 422 3135 sed
441 3093 615 3134 honesta
635 3096 806 3147 propter
835 3106 1025 3136 amorem
1056 3098 1214 3151 sponsi.

190 3163 326 3218 Igitur
350 3179 369 3203 α
387 3163 685 3218 pulcherrimae
705 3168 807 3206 sunt
825 3178 948 3218 gente
967 3170 1053 3210 tuae
1066 3183 1102 3219 ,»
1123 3182 1220 3223 quae

189 3237 288 3276 sunt
314 3235 627 3289 prominentes,
662 3236 706 3277 in
736 3237 893 3290 quibus
916 3239 1114 3292 primitus
1148 3254 1220 3295 ap-

189 3309 307 3361 paret
325 3307 613 3361 pulchritudo.
635 3322 654 3345 «
671 3307 846 3360 Collum,
868 3324 886 3348 n
907 3323 981 3364 per
1000 3313 1113 3365 quod
1133 3326 1219 3356 vox

189 3378 409 3430 emittitur,
439 3379 597 3420 veritas
617 3382 692 3420 est.
721 3395 740 3419 α
760 3379 955 3433 Monilia,
978 3398 997 3421 »
1025 3396 1122 3438 quae
1155 3398 1221 3428 or-

188 3452 293 3492 nant
325 3453 471 3505 pectus
490 3482 501 3502 ‚
540 3453 583 3492 et
615 3451 858 3505 stringunt,
897 3454 1093 3498 discretio
1129 3460 1218 3510 est,

233 3558 241 3576 ¹
263 3557 338 3601 Job,
364 3567 518 3600 xxxvm,
545 3561 597 3594 33.
623 3577 665 3585 -
688 3562 704 3584 ²
728 3561 824 3604 Gen„
848 3570 954 3604 xviii,
975 3566 1005 3597 2.
1029 3581 1068 3588 —
1089 3565 1102 3587 ⁸
1122 3567 1220 3608 Aug„

191 3611 294 3639 serm.
313 3613 428 3648 v11,n.
452 3610 485 3642 6.
503 3625 545 3633 —
567 3608 582 3633 δ
601 3608 714 3650 Cant„
735 3616 759 3652 1,
780 3611 812 3642 9.
831 3628 871 3635 -
896 3612 906 3631 ⁵
927 3612 1052 3652 Exod„
1071 3620 1219 3656 xxxvni,

1315 365 1418 419 quia
1446 365 1480 406 si
1516 364 1615 418 quis
1646 363 1757 405 dicat
1791 364 2010 405 veritatem
2044 375 2131 404 non
2173 362 2343 416 quando
2363 373 2505 419 veritatis

2371 422 2496 442 Circum-

1314 437 1436 478 debet
1454 467 1467 487 ,
1490 436 1558 478 vel
1585 439 1738 477 utnon
1772 435 1919 486 debet,
1951 435 2019 476 vel
2047 435 2121 476 ubi
2149 447 2235 476 non
2267 435 2343 476 de-
2381 457 2506 485 smum,

1313 508 1382 548 bet
1399 540 1408 557 ,
1431 507 1498 548 vel
1522 501 1679 560 quibus
1715 518 1801 546 non
1821 506 1941 546 delict
1964 538 1973 555 ,
2006 519 2092 546 non
2126 508 2229 546 sunt
2259 518 2344 546 ser-

1312 582 1422 620 vatae
1454 577 1781 619 circumstantiae
1813 590 1963 618 verum
1995 577 2207 630 loquendi.
2243 577 2343 619 IIaec

1312 651 1517 705 sapientia
1539 651 1680 701 surgit
1704 662 1756 689 cx
1792 649 1936 689 multis
1962 649 2174 702 mysteriis
2190 682 2200 699 ,
2234 651 2343 691 sicut

1311 736 1365 763 ex
1410 723 1554 763 multis
1595 722 1776 774 speculis
1814 722 1924 761 fiunt
1973 719 2343 773 multiplicationes

1310 796 1530 837 radiorum
1571 797 1612 836 et
1664 795 1850 846 ignium.
1895 793 1993 834 Haec
2037 796 2136 834 sunt
2176 795 2344 846 specula

1311 868 1541 909 mulierum
1561 872 1589 918 ⁵,
1612 879 1666 908 ex
1699 867 1854 921 quibus
1874 867 1920 907 sit
1937 865 2100 907 labium
2133 877 2303 907 aeneum
2328 880 2336 904 ς

1309 940 1403 981 haeo
1437 942 1500 981 est
1520 940 1727 993 scriptura
1743 972 1753 991 ,
1775 942 1822 980 ut
1847 954 1866 977 «
1885 939 1899 960 ⁶
1917 938 2101 980 revelata
2122 938 2225 979 facie
2252 938 2343 990 glo-

1308 1013 1416 1053 riam
1438 1012 1605 1053 Domini
1629 1011 1914 1064 spcculantes,
1938 1011 1984 1051 in
2009 1011 2202 1051 eamdem
2230 1011 2342 1051 ima-

1310 1084 1458 1137 ginem
1476 1084 1827 1124 transformemur
1850 1096 1875 1123 a
1902 1082 2091 1123 claritate
2111 1083 2153 1123 in
2174 1083 2341 1124 clarita-

1308 1158 1393 1196 tem
1409 1187 1419 1205 ,
1444 1159 1647 1208 tanquam
1676 1167 1701 1195 a
1720 1154 1885 1195 Domini
1918 1154 2094 1208 spiritu,
2117 1169 2136 1192 »
2172 1166 2196 1194 a
2215 1154 2338 1195 clari-

1307 1229 1391 1268 tate
1419 1226 1659 1279 allegoriae,
1694 1226 1737 1266 iu
1771 1226 2002 1267 claritatem
2038 1227 2263 1279 anagogiae
2300 1230 2341 1268 et

1307 1300 1573 1354 tropologiae.
1596 1304 1691 1341 Ilcec
1713 1300 1917 1354 sapientia
1951 1299 2154 1340 tribuitur
2187 1299 2200 1321 ⁷
2235 1316 2253 1338 α
2281 1313 2341 1341 εθ-

1306 1372 1495 1413 cundum
1523 1384 1770 1413 mensuram
1791 1372 1915 1423 fidei,
1939 1386 1959 1409 n
1984 1372 2083 1425 quia
2105 1371 2339 1413 secundum

1307 1444 1469 1496 gradus
1510 1444 1843 1496 captivationum
1890 1443 2239 1484 intellectualium
2278 1446 2341 1484 est

1305 1516 1465 1568 gradus
1492 1516 1752 1556 effusionum
1781 1515 2063 1568 spiritualium
2096 1517 2135 1555 et
2170 1515 2339 1567 sapien-

1303 1588 1488 1629 tialium.
1512 1587 1647 1641 Hujus
1668 1587 1884 1640 sapientia}
1917 1586 2072 1627 Paulus
2104 1598 2147 1627 se
2166 1587 2337 1639 profite-

1305 1663 1375 1701 tur
1393 1660 1675 1714 professorem
1692 1692 1702 1711 ,
1725 1659 1894 1712 quando
1914 1657 2040 1699 dicit8
2063 1671 2072 1698 :
2102 1673 2120 1695 α
2137 1657 2181 1698 In
2204 1656 2339 1698 Evan-

1304 1733 1418 1786 gelio
1448 1733 1610 1786 positus
1640 1745 1738 1773 sum
1771 1731 2036 1785 praedicator,
2070 1733 2111 1771 et
2133 1728 2339 1781 magister

1304 1805 1548 1858 gentium.»
1574 1804 1738 1857 Moyses
1757 1807 1897 1845 autem
1917 1804 2055 1857 posuit
2075 1804 2238 1856 figuras
2259 1816 2337 1844 nu-

1302 1877 1458 1917 bilosas
1475 1908 1485 1926 ,
1526 1879 1565 1918 et
1584 1876 1679 1917 ideo
1712 1876 1862 1917 hahuit
1880 1876 1894 1898 ⁹
1913 1876 2062 1916 faciem
2083 1878 2332 1925 cornuta1n;

1302 1949 1372 1990 sed
1399 1949 1624 2002 Apostolus
1643 1948 1890 1989 revelatam.

1354 2020 1493 2062 Tertia
1509 2021 1633 2062 facies
1652 2023 1693 2061 et
1711 2021 1847 2060 forma
1864 2019 2083 2073 sapientiae
2117 2022 2179 2060 est
2199 2019 2337 2060 omni-

1300 2093 1448 2134 formis
1462 2093 1505 2133 in
1523 2093 1714 2145 vestigiis
1734 2093 1978 2134 divinorum
2000 2104 2191 2145 operum.
2217 2090 2334 2132 Unde

1301 2165 1627 2208 Ecclesiasticus
1665 2165 1767 2206 dicit
1796 2163 1823 2185 ¹⁰
1858 2177 1867 2205 :
1896 2180 1914 2202 «
1946 2164 2080 2206 Radix
2117 2164 2333 2217 sapientiae

1299 2239 1369 2279 cui
1390 2238 1574 2279 revelata
1592 2240 1668 2288 est,
1688 2240 1728 2278 et
1742 2238 2037 2278 manifestata?
2050 2240 2090 2277 et
2112 2237 2335 2289 ingressus

1298 2310 1412 2351 illius
1449 2310 1542 2363 quis
1573 2309 1784 2362 agnovit?
1818 2308 1935 2350 Unus
1963 2311 2024 2349 est
2061 2308 2303 2349 Altissimus
2322 2341 2332 2355 ‚

1300 2382 1470 2424 Creator
1504 2381 1789 2435 omnipotens.
1824 2380 1916 2433 Ipse
1950 2381 2108 2421 creavit
2144 2380 2260 2420 illam
2291 2380 2334 2420 in

1299 2453 1463 2508 Spiritu
1484 2456 1651 2505 sancto,
1685 2456 1726 2494 et
1751 2453 1872 2503 vidit,
1897 2456 1937 2493 et
1959 2452 2270 2503 dinumeravit,
2293 2455 2335 2493 et

1298 2525 1514 2566 dimensus
1538 2529 1622 2575 est,
1645 2527 1686 2565 et
1715 2524 1864 2565 effudit
1892 2523 2008 2564 illam
2040 2523 2334 2576 superomnia

1297 2608 1426 2649 opera
1447 2608 1539 2637 sua.
1561 2610 1580 2634 ))
1607 2595 1706 2636 Ilaec
1725 2596 1930 2649 sapientia
1950 2595 2044 2636 ideo
2065 2596 2333 2636 manifestata

1297 2670 1373 2718 est,
1395 2668 1498 2721 quia
1516 2670 1540 2693 ¹¹
1559 2682 1577 2705 «
1598 2667 1803 2721 sapientia
1822 2667 2022 2718 clamitat,
2041 2667 2081 2707 in
2094 2667 2242 2720 plateis
2263 2666 2333 2707 dat

1296 2751 1443 2780 vocem
1471 2751 1608 2780 suam.
1640 2753 1659 2776 »
1693 2738 1744 2780 Et
1771 2741 1915 2779 tamen
1944 2751 2023 2779 nos
2046 2750 2133 2779 non
2164 2738 2332 2780 inveni-

1297 2824 1394 2853 mus
1423 2823 1544 2862 eam,
1578 2811 1687 2851 sicut
1722 2811 1853 2852 laicus
1881 2813 2030 2852 tenens
2065 2810 2252 2861 librum,
2291 2812 2332 2851 et

1297 2883 1488 2925 nescicns
1523 2883 1708 2934 litteras,
1741 2894 1828 2923 non
1862 2885 1983 2923 curat
2017 2882 2068 2923 de
2100 2894 2149 2923 eo
2185 2881 2331 2923 :unde

1296 2954 1513 3008 Scriptura
1541 2957 1602 2995 est
1629 2955 1751 2995 nobis
1785 2967 1941 3007 graeca,
1973 2955 2155 2996 barbara
2186 2957 2225 2995 et
2253 2954 2331 2995 lic-

1295 3027 1425 3068 hraea.
1450 3026 1548 3067 Haec
1576 3027 1784 3080 sapientia
1811 3027 1964 3067 diffusa
1983 3029 2044 3067 est
2063 3026 2107 3067 in
2127 3026 2243 3066 omni
2264 3037 2324 3077 rc,

1295 3100 1395 3153 quia
1421 3112 1488 3141 res
1514 3100 1653 3140 omnis
1677 3100 1910 3141 secuudum
1941 3111 2111 3141 omnem
2135 3099 2201 3139 sui
2230 3109 2326 3151 pro-

1294 3171 1516 3225 prietatem
1532 3172 1657 3213 habct
1671 3171 1867 3224 regulam
1887 3171 2118 3225 sapientiae,
2136 3173 2175 3212 et
2194 3173 2329 3211 osten-

1295 3243 1356 3283 dit
1376 3243 1624 3296 sapientiam
1643 3243 1830 3284 diviuam
1850 3257 1858 3293 ;
1880 3247 1921 3284 et
1946 3243 2018 3296 qui
2040 3243 2163 3283 sciret
2182 3254 2329 3282 omnes
2356 3236 2358 3238 ’

1295 3315 1585 3368 proprietates,
1608 3314 1829 3356 manifeste
1848 3315 2008 3355 viderat
2027 3314 2142 3354 illam
2165 3313 2328 3366 sapien-

1295 3387 1412 3428 tiam.
1436 3386 1500 3428 Ad
1518 3386 1672 3428 harum
1692 3398 1836 3427 rerum
1852 3385 2126 3439 proprietates
2144 3384 2329 3426 conside-

1296 3521 1328 3552 8.
1347 3537 1390 3545 —
1408 3520 1421 3542 ⁶
1444 3520 1466 3552 ll
1491 3520 1728 3560 C01·.,111,18.
1747 3535 1788 3541 -
1806 3519 1818 3540 ⁷
1840 3517 1944 3554 Rom„
1964 3524 2034 3558 xit,
2056 3517 2086 3550 3.
2109 3533 2144 3540 -
2167 3517 2178 3535 ⁸
2199 3517 2207 3548 l
2231 3515 2327 3555 Tim.‚

1297 3575 1342 3609 11,
1366 3569 1397 3600 7.
1417 3583 1459 3590 —
1483 3569 1494 3586 ‘³
1521 3566 1640 3607 Exod„
1663 3573 1782 3606 xxxiv,
1803 3567 1855 3597 30.
1881 3582 1920 3589 —-
1947 3566 1972 3588 ¹0
1990 3565 2106 3606 Eccle‘„
2128 3572 2160 3605 ι,
2179 3565 2268 3596 6-10.
2290 3580 2324 3585 -—

1298 3615 1321 3638 ¹¹
1342 3616 1452 3657 Prota,
1475 3622 1499 3655 1,
1519 3616 1571 3647 20.
1593 3632 1631 3640 -—
1653 3614 1697 3655 (α)
1716 3613 1832 3656 Βαρμί.
1853 3612 1919 3646 alii.

2374 2040 2479 2066 Forma

2355 2081 2439 2107 tertia
2453 2089 2497 2108 sa-

2355 2122 2484 2158 pientiae.
