2633 3878
1064 155 1306 198 PSALMUS
1337 157 1508 199 CXVlII.

646 290 818 331 Epilogus.

261 375 317 410 Ex
356 372 564 420 praemissis
597 373 723 419 potest
762 372 961 418 patescere
1005 379 1117 405 mens
1153 371 1245 405 Pro-

211 434 368 481 phetae:
408 434 577 471 ostendit
612 433 718 469 enim
755 432 944 469 orationis
981 430 1131 468 vocalis
1165 430 1244 466 vir-

211 499 353 541 tutem,
379 507 459 544 qua
479 495 695 533 custoditur
713 495 874 532 interior
893 494 1015 531 homo
1040 504 1111 540 per
1138 495 1245 529 exte-

211 562 371 607 riorem,
395 561 552 598 dicens:
584 562 974 608 Appropinquaverunt
998 561 1244 604 persequentes

209 634 262 659 me
275 650 283 666 ,
304 624 496 670 quantum
516 622 567 658 ad
588 622 872 667 cogitationum
896 620 1130 657 animalium
1157 630 1242 656 cur-

208 694 317 730 sum3
339 685 559 729 Iniquitatz',
581 686 775 730 quantum
794 683 847 719 ad
867 681 1122 719 rationalium
1146 691 1241 718 con·

207 745 437 782 sensionum
453 755 709 791 concursum3
731 747 760 780 A
783 746 854 790 leqe
871 747 990 780 autem
1013 748 1090 789 tua,
1114 754 1242 791 quan-

207 809 290 844 tum
309 807 361 844 ad
391 806 578 854 legalium
605 806 820 843 lectionum
845 816 1074 842 succursum
1084 818 1094 852 3
1125 807 1244 852 Lonqe

205 871 301 913 facti
324 873 427 914 sunt,
454 871 646 916 quantum
674 868 726 905 ad
755 867 894 905 talium
922 867 1241 915 persecutionum

206 940 422 967 recursum.

566 1023 788 1052 VERSICULUS
813 1024 878 1050 vll.

250 1118 333 1153 151.
346 1118 460 1163 Prope
473 1127 507 1154 es
520 1120 573 1161 tu,
587 1119 745 1162 Domine,
761 1119 832 1154 010.
848 1119 936 1153 Ρο51
947 1117 1241 1165 primamvoca-

201 1179 250 1215 lis
269 1179 455 1216 orationis
481 1178 685 1224 virtutem,
713 1190 792 1226 qua
819 1179 1005 1216 divinitus
1033 1179 1240 1216 exauditur

200 1240 323 1278 homo
355 1241 523 1277 exterior
555 1251 627 1288 per
658 1241 884 1277 interiorem
894 1254 905 1287 3
942 1244 979 1279 et
1005 1241 1237 1287 secundam,

201 1314 281 1351 qua
300 1303 488 1340 divinitus
519 1302 739 1339 custoditur
762 1303 885 1340 homo
905 1303 1067 1340 interior
1086 1314 1156 1351 per
1175 1314 1239 1340 ex-

200 1365 405 1410 teriorem3
428 1365 626 1402 acceditur
645 1365 696 1401 ad
717 1365 883 1410 tertiam,
903 1376 983 1412 qua
1012 1365 1150 1403 doctor
1176 1377 1238 1402 su-

198 1426 331 1474 perior
351 1427 403 1463 ad
425 1427 631 1463 hominem
661 1426 888 1463 interiorem
915 1426 1136 1473 ingreditur
1165 1438 1237 1475 per

199 1488 446 1525 exteriorem.
486 1490 566 1525 Hoc
597 1488 800 1525 evidenter
830 1489 1037 1536 probatur,
1064 1500 1156 1525 cum
1174 1500 1236 1527 sa-

195 1550 348 1598 pienter
366 1550 570 1598 psallitur,
590 1552 633 1586 ut
653 1550 916 1596 intelligenter
936 1553 1071 1587 oratur
1092 1563 1100 1587 :
1124 1551 1235 1599 quod

197 1612 303 1648 enim
321 1612 488 1649 exterius
506 1612 803 1659 pronuntiatur,
825 1612 987 1649 interius
1008 1613 1230 1660 nuntiatur,

196 1674 308 1721 quod
341 1673 578 1711 sensibiliter
608 1675 886 1721 pronuntiatur
918 1685 989 1722 per
1028 1675 1234 1712 hominem

195 1736 450 1782 exteriorem,
468 1735 764 1783 intelligibiliter·
784 1737 987 1774 nuntiatur
1020 1738 1071 1774 ad
1102 1738 1232 1775 homi-

194 1809 286 1835 nem
305 1798 543 1835 interiorem.
565 1800 608 1835 In
628 1799 804 1835 oratione
824 1810 999 1847 namque
1019 1800 1149 1836 vocali
1176 1803 1233 1837 est

196 1863 233 1897 et
251 1860 439 1897 vocalitas
465 1859 685 1903 sensibilis,
719 1863 755 1896 et
782 1860 927 1898 veritas
953 1861 1209 1908 intelligibilis
1217 1875 1228 1909 3

194 1921 381 1959 vocalitas
399 1921 671 1969 pronuntiata,
692 1922 836 1959 veritas
862 1923 1052 1960 nuntiata.
1074 1923 1228 1960 Vocali-

193 1986 250 2021 tas
268 1994 393 2031 usque
413 1984 466 2020 ad
485 1983 666 2020 auditum
687 1985 964 2031 progreditur3
987 1985 1056 2022 sed
1086 1985 1229 2023 veritas

192 2045 296 2083 intus
306 2056 431 2093 usque
442 2046 494 2083 ad
512 2046 754 2083 intellectum
771 2046 1004 2093 ingreditur.
1019 2049 1117 2084 Cum
1134 2058 1228 2094 ergo

191 2118 263 2155 per
284 2107 552 2154 vocalitatem,
582 2119 671 2156 quae
696 2119 768 2156 per
794 2119 990 2155 organum
1014 2109 1092 2146 oris
1119 2110 1228 2146 emit-

191 2171 301 2218 titur,
323 2174 360 2208 et
379 2171 431 2208 ad
450 2182 646 2218 organum
673 2171 779 2208 auris
809 2172 1100 2218 transmittitur,
1124 2173 1227 2210 veri-

194 2236 253 2271 tas
270 2233 560 2279 intromittitur,
587 2237 679 2270 tunc
700 2235 838 2271 doctor
867 2234 1046 2282 superior
1064 2245 1135 2282 per
1154 2235 1227 2272 ho-

191 2295 340 2332 minem
373 2296 606 2332 exteriorem
635 2296 687 2332 ad
718 2296 946 2333 interiorem
971 2296 1132 2334 introire
1168 2297 1228 2333 di-

192 2358 405 2404 gnoscitur.
440 2360 519 2394 Hoc
551 2358 754 2395 annotavit
779 2359 1001 2405 Psalmista,
1024 2370 1115 2396 cum
1143 2360 1224 2396 ait:

191 2422 306 2467 Prope
321 2431 354 2457 es
371 2423 426 2466 tu,
446 2422 517 2457 010.
521 2448 534 2466 ,
556 2430 601 2456 ac
620 2420 652 2456 si
666 2419 897 2457 dicathomo
908 2420 1070 2458 interior
1082 2433 1090 2458 ;
1103 2424 1227 2469 Prope

192 2492 232 2519 es
252 2485 306 2527 tu,
329 2482 468 2519 doctor
489 2482 670 2530 superior
685 2495 696 2528 3
719 2485 756 2519 et
775 2493 856 2519 vox
875 2484 955 2526 tua,
974 2494 1096 2531 quam
1117 2484 1227 2520 emit-

190 2544 233 2581 tit
250 2545 372 2581 homo
406 2544 593 2588 exterior,
626 2545 683 2580 est
710 2543 871 2590 veritas,
908 2555 1031 2592 quam
1056 2545 1228 2583 admittit

190 2607 311 2644 homo
343 2606 517 2644 interior.
550 2607 724 2651 Quatuor
751 2606 883 2654 itaque
918 2617 1131 2654 possumus
1163 2608 1226 2645 hic

190 2671 326 2707 notare
349 2681 358 2706 :
380 2669 468 2717 quis
485 2668 703 2716 ingreditur
711 2682 723 2715 3
757 2669 810 2705 ad
836 2680 958 2717 quem
982 2669 1203 2716 ingreditur
1212 2684 1223 2716 ;

189 2742 261 2779 per
284 2742 405 2779 quem
435 2731 676 2779 ingreditur,
705 2733 742 2768 et
770 2731 937 2779 qualiter
972 2732 1192 2779 ingreditur
1214 2745 1222 2770 ;

190 2793 286 2841 quia
312 2793 451 2831 doctor
476 2793 655 2841 superior
682 2793 734 2830 ad
758 2793 963 2831 hominem
981 2794 1222 2843 interiorem,

188 2866 259 2903 per
277 2855 481 2894 hominem
498 2855 743 2902 exteriorem,
762 2856 934 2894 veritatis
948 2857 1221 2895 adductorem.

528 2962 711 2999 Articulus
732 2945 889 3009 primus.

236 3044 409 3081 Primum
428 3046 604 3091 notatur,
630 3045 799 3082 dicendo
822 3058 831 3083 :
857 3047 928 3089 Tu,
957 3049 1117 3084 Domine.
1141 3046 1223 3093 Hic,

188 3106 229 3143 ni
249 3106 385 3151 fallor,
407 3106 697 3144 demonstratur
728 3107 866 3145 doctor
898 3108 1079 3155 superior
1100 3121 1108 3146 :
1135 3109 1224 3157 quis

189 3168 295 3205 enim
313 3168 443 3205 verius
469 3169 621 3215 doctor,
643 3179 766 3216 quam
785 3170 1000 3207 Dominus?
1021 3169 1128 3208 Unde
1148 3181 1222 3208 110-

188 3230 355 3267 tandum
374 3231 477 3268 circa
495 3231 720 3276 Dominum,
741 3231 853 3279 quod
872 3232 1060 3270 Dominus
1081 3232 1223 3281 legitur

188 3292 377 3340 indicare,
395 3293 596 3341 judicare,
619 3296 656 3331 et
674 3293 900 3342 vindicare,
919 3296 1110 3342 tanquam
1130 3295 1224 3333 doc-

232 3376 270 3407 ¹1
296 3376 385 3418 Req„
413 3384 522 3416 xxm,
549 3379 599 3408 11.
619 3394 660 3401 —
684 3377 698 3398 ²
723 3378 734 3408 1
755 3377 846 3417 Cor..
869 3385 916 3419 iv,
940 3380 968 3411 4.
997 3396 1037 3402 —
1062 3379 1076 3402 ³
1093 3379 1221 3420 ludim,

188 3430 258 3463 xvi,
279 3425 330 3455 20.
345 3440 385 3447 —
404 3424 655 3465 ¹·Psa1.cm.1v,
675 3426 724 3457 18.
738 3443 779 3450 —
793 3426 807 3447 ⁵
823 3426 901 3466 lsa„
922 3435 968 3467 Lt,
986 3429 1017 3459 5.
1033 3444 1074 3451 —
1095 3429 1107 3448 θ
1124 3428 1221 3468 Joel„

2278 169 2350 207 511

1320 251 1381 283 tor
1399 247 1586 293 veritatis,
1607 249 1814 296 aequitatis,
1835 253 1873 287 01
1888 252 2115 290 severitatis.
2137 255 2188 291 De
2207 256 2353 303 primo,

1319 308 1388 344 ubi
1410 308 1533 345 David
1554 309 1648 346 dicit
1667 312 1833 349 Domino
1856 315 1866 335 ²
1890 325 1898 349 :
1926 327 1943 347 «
1962 315 1999 351 Si
2017 315 2228 354 descendet
2246 318 2352 365 Saul,

1319 370 1418 406 510111
1436 370 1589 408 audivit
1605 382 1741 408 servus
1768 376 1877 420 tuus,
1907 376 2070 413 Domine
2096 379 2194 415 Deus
2222 380 2352 427 Israel,

1319 431 1452 468 indica
1472 443 1586 469 servo
1608 436 1674 470 tuo
1696 446 1704 470 :
1725 449 1742 469 »
1775 446 1863 472 0000
1883 437 2070 474 Dominus
2087 439 2279 478 indicans,
2303 444 2354 479 De

1319 494 1494 530 secundo
1514 496 1526 515 '2
1548 507 1556 530 z
1588 508 1605 529 (ι
1625 496 1695 540 Qui
1724 496 1876 542 judicat
1895 508 1979 544 mc,
2003 501 2189 537 Dominus
2223 506 2278 539 051
2301 515 2309 540 :
2332 518 2349 538 »

1319 565 1409 591 ecce
1430 556 1617 593 Dominus
1633 557 1830 603 judicans.
1852 561 1903 596 De
1924 561 2035 598 tertio
2056 564 2069 584 ³
2092 574 2100 598 :
2124 577 2141 595 «
2168 565 2230 600 Vae
2248 565 2353 611 genti

1318 616 1536 663 insurgenti
1556 629 1673 666 super
1703 631 1827 667 genus
1846 633 1982 659 meum
2003 635 2012 659 :
2035 625 2223 661 Dominus
2248 627 2354 663 enim

1319 678 1571 726 omnipotens
1599 680 1815 719 vindicabit
1840 683 1882 719 in
1902 684 1956 721 015
1979 696 1987 722 :
2010 699 2027 721 ›>
2056 697 2146 723 0000
2167 688 2354 725 Dominus

1316 740 1539 778 vindicans.

1638 793 1824 829 Articulus
1849 795 2034 832 secundus.

1364 865 1590 903 Secundum
1616 867 1870 916 subnotatur,
1890 871 2101 910 subdendo
2132 887 2142 910 .·
2170 877 2283 924 Prope
2303 889 2350 924 05,

1315 926 1481 972 50111001,
1501 929 1655 966 1101111111
1686 930 1884 977 interiori,
1905 936 2093 981 tanquam
2125 936 2265 975 doctor
2282 950 2352 976 au-

1317 988 1447 1026 ditori.
1470 992 1515 1027 Et
1534 994 1642 1036 nota,
1664 993 1775 1040 quod
1794 1004 1920 1042 prope
1941 999 1997 1032 est
2017 998 2202 1036 Dominus
2221 1000 2274 1037 ad
2292 1003 2351 1038 in-

1316 1050 1548 1099 dicandum,
1564 1053 1842 1102 judicandum,
1863 1057 2148 1097 vindicandum
2158 1074 2169 1108 ,
2191 1062 2231 1098 111
2250 1064 2352 1100 veri-

1313 1115 1404 1158 tate,
1425 1114 1466 1150 in
1485 1115 1683 1162 aequitate,
1708 1117 1749 1153 in
1770 1119 1987 1157 severitate.
2013 1123 2064 1158 De
2092 1123 2222 1170 primo
2243 1126 2351 1162 cani-

1313 1177 1375 1211 tur
1394 1177 1408 1198 4
1427 1188 1434 1212 :
1459 1189 1477 1211 «
1496 1179 1621 1225 Prope
1642 1180 1698 1215 est
1726 1181 1914 1218 Dominus
1946 1183 2132 1221 omnibus
2160 1185 2350 1225 invocan-

1313 1238 1416 1275 tibus
1439 1249 1549 1286 eum,
1573 1242 1758 1279 omnibus
1776 1243 2051 1283 invocantibus
2073 1257 2164 1285 eum
2183 1249 2223 1285 in
2251 1251 2351 1287 veri-

1312 1303 1387 1337 tate
1422 1313 1431 1338 :
1465 1316 1482 1337 »
1515 1314 1604 1340 0000
1638 1305 1913 1353 propinquitas
1953 1309 2171 1347 indicandi.
2206 1314 2257 1349 De
2287 1323 2348 1350 se-

1312 1364 1444 1401 cundo
1474 1366 1486 1386 ⁵
1517 1377 1526 1402 :
1563 1378 1582 1400 «
1608 1368 1732 1414 Prope
1766 1371 1822 1404 est
1846 1369 1972 1414 justus
2002 1382 2136 1419 meus,
2171 1385 2349 1421 egressus

1312 1429 1368 1463 est
1395 1427 1569 1465 salvator
1600 1440 1734 1476 1110115,
1754 1434 1791 1467 01
1808 1431 1971 1469 brachia
1990 1445 2080 1471 mea
2097 1436 2268 1483 populos
2284 1437 2348 1483 ju-

1311 1487 1529 1526 dicabunt:
1557 1505 1574 1523 n
1617 1502 1705 1528 0000
1738 1493 2013 1541 propinquitas
2033 1496 2255 1543 judicandi.
2296 1501 2347 1535 De

1309 1550 1422 1587 tertio
1442 1552 1455 1574 ὃ
1477 1564 1486 1588 :
1512 1565 1530 1586 «
1549 1555 1674 1600 Prope
1696 1556 1752 1590 est
1773 1555 1856 1591 dies
1876 1557 2053 1604 Domini,
2076 1561 2113 1594 et
2133 1560 2244 1606 quasi
2261 1571 2348 1597 vas-

1308 1612 1396 1649 titas
1415 1624 1436 1649 a
1455 1616 1614 1660 potente
1636 1616 1763 1653 veniet
1786 1628 1794 1652 :
1813 1631 1830 1650 »
1856 1628 1944 1655 0000
1964 1620 2240 1668 propinquitas
2259 1622 2347 1659 vin-

1311 1674 1484 1712 dicandi.

1649 1727 1834 1763 Artz'cuius
1860 1730 2001 1765 tertius.

1355 1799 1524 1837 Tertium
1551 1804 1782 1849 annotatur,
1814 1804 2001 1842 addendo
2024 1817 2033 1842 :
2057 1808 2104 1843 Et
2130 1818 2247 1846 omnes
2278 1812 2346 1847 vz'oe

1308 1865 1391 1898 tuoe.
1415 1862 1522 1899 Tales
1540 1863 1613 1900 viae
1641 1867 1730 1901 sunt
1753 1876 1868 1902 voces
1884 1866 2172 1916 significativae,
2205 1881 2253 1908 ex
2272 1882 2344 1908 vo-

1307 1924 1458 1963 calitate
1490 1928 1690 1974 sensibili,
1723 1933 1760 1966 et
1789 1931 1948 1968 veritate
1979 1932 2216 1980 intelligibili
2246 1936 2345 1973 adu-

1304 1990 1425 2034 natae,
1461 1989 1512 2025 ab
1545 1990 1705 2028 homine
1735 1993 1918 2030 exteriori
1958 1995 2138 2042 protatae.
2177 1999 2221 2035 Et
2250 2003 2345 2037 nota

1306 2051 1431 2097 quod,
1449 2052 1546 2089 sicut
1577 2052 1721 2100 legitur
1749 2054 1790 2091 in
1822 2055 2039 2104 Scriptura,
2060 2058 2120 2095 11ῑο
2149 2062 2239 2097 511111
2269 2063 2344 2109 spi—

1304 2112 1462 2150 rituales
1486 2115 1573 2161 viae,
1593 2126 1664 2162 per
1681 2127 1780 2163 quas
1797 2117 1980 2155 dicuntur
1994 2120 2150 2167 spiritus
2165 2124 2340 2170 transire,

1304 2176 1454 2221 venire,
1472 2178 1510 2213 et
1529 2177 1638 2214 abire
1652 2190 1664 2224 3
1686 2179 1780 2225 quia
1809 2190 1881 2227 per
1912 2192 1976 2218 eas
2005 2182 2160 2230 spiritus
2188 2189 2343 2223 sanctus

1303 2237 1452 2284 transit,
1475 2238 1527 2275 ad
1547 2239 1732 2286 spiritum
1750 2243 1946 2280 mundum
1965 2245 2084 2291 venit,
2096 2247 2165 2283 sed
2184 2248 2344 2295 spiritus

1303 2310 1428 2346 vagus
1450 2300 1543 2337 abit.
1566 2303 1618 2338 De
1638 2302 1767 2349 primo
1785 2305 1799 2327 ⁷
1821 2316 1829 2340 :
1858 2307 1962 2342 «Per
1981 2317 2103 2354 quam
2115 2308 2222 2346 viam
2240 2313 2343 2347 tran-

1303 2361 1393 2397 sivit
1407 2362 1566 2409 spiritus
1583 2364 1738 2400 Domini
1751 2366 1802 2402 ad
1816 2378 1896 2412 me,
1911 2371 1953 2405 ut
1968 2368 2196 2416 loqueretur
2209 2372 2306 2409 tibi?
2320 2388 2337 2408 »

1303 2433 1349 2460 ac
1367 2423 1400 2459 si
1422 2424 1591 2461 diceret:
1615 2427 1685 2462 Per
1705 2437 1826 2474 quam
1845 2439 1985 2466 vocem
1998 2430 2152 2468 locutus
2165 2436 2221 2469 est
2229 2434 2340 2482 mihi,

1302 2487 1345 2521 ut
1362 2484 1593 2533 loqueretur
1611 2488 1681 2524 tibi
1694 2489 1712 2524 ·?
1733 2500 1825 2526 0000
1842 2489 1909 2527 via
1926 2491 2082 2539 spiritus
2094 2496 2339 2533 transeuntis.

1302 2547 1353 2583 De
1371 2547 1545 2585 secundo
1567 2548 1709 2586 (11011111
1730 2551 1743 2573 ⁸
1770 2563 1778 2588 :
1805 2565 1823 2586 «
1844 2553 2014 2590 Psallam
2051 2557 2087 2592 et
2123 2556 2339 2605 intelligam

1302 2607 1344 2644 in
1369 2609 1433 2646 via
1463 2609 1743 2658 immaculata,
1772 2614 1934 2661 quando
1963 2616 2096 2654 venies
2124 2618 2177 2655 ad
2204 2630 2335 2657 111οε»

1303 2681 1391 2707 ecce
1418 2671 1482 2709 via
1500 2672 1658 2720 spiritus
1678 2675 1883 2713 venientis.
1917 2679 1968 2715 De
2000 2679 2113 2717 tertio
2133 2681 2146 2702 ⁹
2169 2692 2178 2718 :
2203 2695 2221 2716 α
2239 2682 2342 2719 Abiit

1301 2743 1427 2779 vagus
1453 2734 1495 2770 in
1525 2735 1590 2773 via
1622 2737 1754 2775 cordis
1785 2738 1845 2775 sui
1879 2751 1888 2776 2
1919 2753 1937 2771 ¹>
1969 2751 2059 2779 ecce
2091 2742 2156 2780 via
2183 2743 2341 2792 spiritus

1303 2794 1497 2834 abeuntis.

1632 2848 1817 2885 Articulus
1844 2854 2008 2896 quartus.

1349 2922 1540 2965 Quartum
1564 2927 1814 2972 0011110101111,
1833 2927 2015 2966 continue
2036 2932 2306 2972 connectendo
2327 2945 2336 2971 ε

1305 2984 1472 3031 Veritas,
1505 2984 1604 3023 sicut
1639 2997 1758 3025 voces
1791 2989 1952 3037 prolatae
1974 2993 2097 3040 :quia
2134 2995 2337 3033 sensibiles

1299 3049 1465 3093 possunt
1490 3047 1567 3084 dici
1592 3050 1813 3088 sonoritas:
1853 3052 1908 3090 sic
1933 3055 2125 3102 quoniam
2152 3056 2336 3105 intelligi-

1299 3108 1414 3153 biles,
1434 3114 1600 3157 possunt
1620 3111 1698 3148 dici
1718 3113 1874 3152 veritas.
1896 3115 1999 3154 Sicut
2020 3117 2125 3155 enim
2143 3121 2335 3158 sonoritas

1298 3181 1370 3218 per
1393 3182 1434 3208 se
1455 3173 1664 3220 sensibilis,
1684 3174 1738 3211 sic
1752 3177 1896 3214 veritas
1915 3189 1986 3226 per
2004 3189 2044 3216 se
2063 3180 2332 3228 intelligibilis.

1299 3235 1343 3270 Et
1361 3237 1455 3271 nota
1486 3234 1535 3272 de
1566 3236 1727 3274 veritate
1754 3237 1934 3285 praefata,
1965 3242 2074 3288 quod
2107 3246 2164 3280 est
2193 3246 2336 3284 veritas

1298 3297 1583 3345 praenuntiata,
1604 3299 1762 3347 nutrita,
1783 3302 1983 3340 enuntiata
2003 3315 2013 3340 ε
2034 3305 2128 3352 quia
2145 3306 2334 3348 nimirum

1300 3388 1324 3421 i,
1347 3382 1398 3412 15.
1418 3398 1458 3404 -
1486 3382 1494 3400 ⁷
1522 3382 1548 3412 ΙΙ
1575 3381 1744 3424 Ραναῖίμ,
1768 3391 1875 3426 xvm,
1900 3387 1950 3419 23.
1972 3404 2011 3412 -—
2034 3387 2048 3410 ⁸
2071 3389 2158 3423 Psal.
2180 3400 2218 3435 e,
2241 3394 2273 3426 2.
2295 3411 2335 3420 —

1300 3431 1312 3449 ⁴³
1334 3428 1414 3470 Isa.‚
1436 3437 1519 3471 Lvu,
1545 3432 1594 3463 17.

2382 3139 2496 3167 νει-1105

2355 3180 2471 3215 trIplex.
