2633 3878
1141 231 1310 275 CAPUT
1340 232 1427 274 XII.

217 320 372 363 borum
387 321 626 374 conjunctio
646 322 687 362 et
708 321 920 373 colligatio
934 352 947 372 ,
971 332 1067 374 quae
1086 321 1139 362 ad
1160 333 1247 363 mo-

217 391 319 432 dum
341 391 455 432 funis
473 390 694 431 hominem
721 391 852 442 ligat,
875 391 979 432 dum
995 392 1243 444 persuadet,

218 461 453 503 secundum
492 461 596 502 illud
621 465 630 485 ¹
659 473 669 501 :
701 475 720 499 ε(
750 461 938 502 lrretivit
971 473 1072 502 eum
1102 462 1247 502 multis

215 532 482 573 sermonibus
508 563 522 582 ,
562 534 601 572 et
639 531 854 572 blanditiis
892 531 1105 573 labiorum
1146 544 1245 585 pro-

215 603 345 643 traxit
374 602 514 644 illum.
538 617 557 641 >³
583 602 704 643 Tunc
734 614 839 654 ergo
870 606 1099 655 rumpetur
1133 603 1247 643 funis

215 676 467 725 argenteus,
490 673 661 726 quando
690 676 783 726 post
809 672 921 713 diem
949 672 1099 724 judicii
1120 685 1249 713 mun-

215 744 325 786 dana
343 744 584 797 eloquentia
602 746 878 786 obmutescet.
894 749 908 770 ²
925 760 944 782 α
963 745 1124 795 Amice,
1144 757 1249 798 quo-

215 816 340 857 modo
361 816 446 856 huc
464 815 634 856 intrasti
662 827 749 856 non
769 815 930 856 habens
952 819 1115 857 vestem
1135 829 1245 870 nup-

215 886 390 928 tialem?
410 886 465 927 At
498 886 566 927 ille
589 886 817 927 obmutuit.
849 902 867 923 n
905 885 1098 928 Secundo
1127 890 1247 928 nota-

215 961 286 998 tur
313 958 532 999 evacuatio
566 957 827 1010 praelationis
855 989 866 1009 ,
900 958 990 999 sive
1020 959 1246 1011 potentiae,

216 1040 314 1069 cum
341 1028 438 1069 dicit
470 1043 478 1069 :
507 1029 711 1070 Recurrat
735 1029 845 1070 vitta
879 1039 1024 1071 aurea.
1058 1028 1138 1069 Per
1162 1029 1246 1070 vit-

215 1103 325 1150 tam,
350 1112 449 1153 quae
466 1103 479 1125 ³
499 1100 735 1153 ponebatur
759 1100 806 1139 in
833 1101 966 1153 capite
998 1100 1225 1141 sacerdotis
1233 1132 1245 1152 ,

217 1171 474 1223 intelligitur
490 1171 593 1212 ordo
614 1171 813 1224 potentiae
836 1174 876 1212 et
892 1171 1154 1224 praelationis
1169 1203 1180 1222 ,
1206 1171 1250 1212 in

215 1254 301 1296 quo
332 1242 557 1295 colligatur
583 1242 798 1284 Ecclesia:
831 1244 910 1284 ista
935 1243 1042 1285 vitta
1071 1243 1251 1284 recurrit

216 1314 268 1355 ad
289 1326 416 1354 suum
443 1314 727 1368 principium,
751 1315 906 1355 scilicet
936 1315 1106 1368 quando
1135 1314 1250 1356 solus

217 1384 407 1426 Christus
427 1385 733 1437 dominabitur,
752 1390 793 1427 et
811 1388 952 1427 omnis
971 1390 1154 1440 potestas
1173 1400 1247 1428 au-

216 1456 397 1506 feretur;
420 1459 461 1497 et
481 1456 562 1497 hoc
592 1457 671 1497 erit
701 1460 796 1510 post
822 1458 1036 1510 judicium
1055 1459 1068 1480 ¹·
1092 1472 1100 1498 z
1131 1474 1150 1497 ε(
1169 1459 1250 1500 De-

216 1527 313 1568 inde
345 1527 442 1567 finis
460 1558 471 1578 ,
493 1539 591 1567 cum
622 1527 840 1569 tradiderit
870 1541 1059 1581 regnum
1081 1529 1187 1581 Deo,
1209 1533 1250 1571 et

216 1597 346 1650 Patri,
360 1610 458 1639 cum
477 1600 747 1642 evacuaverit
759 1611 930 1640 omnem
947 1600 1247 1652 principatum,

216 1672 258 1710 et
276 1669 608 1710 dominationem
624 1702 635 1720 ,
658 1672 698 1710 et
728 1670 947 1711 virtutem.
965 1685 984 1707 ›)
1016 1669 1156 1712 Tertio
1175 1683 1252 1712 110-

216 1741 330 1782 tatur
358 1740 579 1780 evacuatio
609 1740 840 1780 mundanae
872 1740 1092 1793 sapientiae
1109 1772 1120 1792 ,
1151 1754 1250 1782 cum

217 1811 346 1852 dicit:
380 1811 433 1853 Et
453 1814 696 1853 conteratur
723 1811 885 1864 hydria
914 1821 1041 1864 saper
1074 1812 1248 1862 fontem.

219 1882 301 1924 Ista
319 1882 472 1935 hydria
491 1885 554 1923 est
576 1881 713 1922 cordis
733 1882 976 1933 curiositas,
999 1894 1097 1936 quae
1120 1884 1247 1924 affer-

217 1956 289 1994 tur
308 1954 362 1994 ad
392 1952 672 1994 hauriendam
697 1952 970 2005 sapientiam,
991 1953 1042 1994 de
1070 1966 1156 2007 qua
1181 1954 1250 1995 di-

218 2024 328 2065 citur
351 2024 397 2064 in
425 2025 570 2076 figura
594 2056 604 2073 ,
640 2024 753 2077 quod
774 2028 787 2048 ⁵
814 2039 833 2062 «
859 2024 977 2065 venit
1010 2024 1165 2065 mulier
1199 2024 1250 2065 de

219 2096 410 2138 Samaria
429 2108 527 2136 cum
548 2096 703 2149 hydria
721 2096 895 2137 haurire
914 2108 1085 2149 aquam.
1110 2110 1129 2133 ι)
1159 2095 1248 2137 Mu-

216 2168 294 2209 lier
326 2167 377 2209 de
407 2167 599 2209 Samaria
630 2166 845 2219 gentilitas
876 2170 961 2224 est,
995 2179 1093 2220 quae
1133 2167 1250 2209 venit

215 2251 315 2281 cum
344 2238 518 2292 hydria,
540 2238 580 2278 id
610 2241 697 2290 est,
721 2238 981 2289 curiositate,
1007 2239 1057 2279 ad
1080 2238 1249 2291 sapien-

214 2311 318 2351 tiam
360 2309 658 2351 hauriendam.
706 2308 824 2350 Unde
874 2308 1030 2349 dicitur
1051 2341 1062 2360 ‚
1103 2309 1218 2362 quod
1236 2309 1249 2331 ⁵

219 2398 239 2421 «
260 2382 538 2423 Athenienses
556 2381 608 2422 ad
628 2380 737 2420 nihil
763 2380 879 2421 aliud
908 2381 1141 2431 vacabant,
1167 2381 1248 2421 nisi

214 2456 290 2494 aut
308 2453 467 2502 dicere,
488 2453 563 2492 aut
588 2451 735 2492 audire
759 2451 918 2504 aliquid
949 2452 1066 2492 novi.
1088 2466 1108 2489 ›>
1134 2451 1246 2492 Fons

214 2526 357 2565 autem
378 2525 441 2564 est
459 2522 678 2564 mundana
697 2522 917 2575 sapientia,
939 2522 1054 2563 unde
1073 2521 1247 2563 in'Psal·

214 2606 286 2636 mo
307 2595 321 2616 ⁷
343 2609 351 2635 :
383 2609 402 2632 «
420 2593 485 2634 Tu
505 2593 704 2646 dirupisti
731 2593 866 2634 fontes
886 2596 926 2634 et
942 2595 1151 2634 torrentes
1168 2606 1178 2644 3
1199 2596 1248 2634 tu

215 2665 379 2707 siccasti
397 2665 552 2707 fluvios
581 2664 734 2705 Ethan.
756 2679 775 2701 n
798 2663 959 2717 Hydria
987 2676 1091 2716 ergo
1120 2676 1247 2718 super

214 2739 373 2779 fontem
393 2736 607 2789 frangitur
619 2768 632 2788 ,
655 2736 825 2789 quando
845 2748 931 2776 non
948 2738 1077 2777 restat
1094 2736 1212 2777 locus
1230 2767 1241 2786 ,

215 2813 264 2852 ut
282 2808 514 2850 mundanae
549 2807 766 2860 sapientiae
801 2807 966 2848 curiose
1005 2810 1178 2849 vacetur
1196 2811 1210 2833 ⁸
1234 2822 1243 2849 :

221 2898 240 2920 «
262 2878 313 2921 Et
328 2879 642 2921 comminuetur
660 2878 744 2919 illis
762 2878 918 2931 lagena
933 2878 1060 2931 figuli
1089 2879 1247 2920 contri-

215 2953 329 2994 tione
367 2950 597 3004 pervalida.
632 2965 652 2988 n
687 2949 845 3000 Quarto
878 2952 1050 2991 notatur
1090 2950 1246 2992 ablatio

215 3023 446 3065 mundanae
477 3022 703 3076 opulentiae
721 3054 731 3071 ,
763 3033 863 3062 cum
895 3021 1122 3074 subjungit
1150 3036 1159 3062 z
1191 3022 1247 3065 Ec

215 3094 514 3147 confringatur
529 3096 626 3136 rota
644 3102 771 3146 saper
796 3093 1038 3135 cisternam.
1067 3091 1146 3133 Per
1166 3092 1246 3133 cis-

215 3170 381 3208 ternam
402 3196 414 3215 ,
455 3175 554 3217 quae
590 3163 742 3216 recipit
779 3175 912 3216 aquas
935 3195 949 3214 ,
989 3163 1247 3216 intelligitur

216 3235 495 3288 congregatio
528 3234 755 3288 opulentiae
789 3234 1019 3275 mundauae
1045 3265 1057 3284 ,
1094 3246 1244 3276 secun-

217 3308 321 3350 dum
356 3306 460 3348 illud
479 3305 493 3328 ⁹
527 3320 536 3346 :
578 3320 598 3345 α
632 3305 698 3346 Me
734 3305 1052 3359 dereliquerunt
1086 3306 1245 3349 fontem

260 3439 268 3457 ¹
287 3438 398 3478 Prov.,
423 3445 490 3477 v11,
510 3439 564 3470 21.
584 3455 625 3461 —
644 3437 655 3456 2
673 3427 809 3477 Matth..
836 3445 930 3479 xxii,
955 3440 1005 3470 12.
1029 3454 1070 3462 —
1088 3438 1102 3461 ³
1123 3439 1246 3474 Exod..

218 3493 349 3525 xxvm,
373 3486 425 3518 28.
450 3503 486 3508 —
512 3484 525 3506 δ
552 3485 562 3516 l
590 3484 682 3522 Corn,
701 3493 759 3525 xv,
783 3486 836 3517 24.
855 3503 894 3510 —
919 3486 932 3507 ³
953 3485 1063 3525 Joan„
1086 3493 1132 3528 iv,
1154 3487 1186 3518 7.
1208 3505 1247 3512 —

220 3533 232 3552 ⁶
247 3532 336 3574 Act„
354 3539 442 3574 xvu,
461 3535 514 3566 21.
535 3550 575 3557 —
594 3532 608 3555 ⁷
626 3531 716 3565 Psac.
737 3539 861 3574 Lxxm,
882 3534 933 3566 15.
953 3550 991 3557 —
1017 3532 1032 3555 ⁸
1059 3533 1139 3574 Isa„
1160 3543 1246 3575 xxii,

2271 242 2344 281 681

1321 334 1444 376 aquae
1465 322 1579 363 vivae
1593 352 1606 372 ‚
1628 324 1669 363 et
1685 323 1882 364 foderunt
1909 323 1989 365 sibi
2010 324 2209 367 cisternas
2234 326 2350 368 dissi-

1319 396 1453 445 patas.
1477 406 1496 430 >³
1523 391 1629 433 Rota
1659 392 1811 434 dicitur
1838 394 2081 436 volubilitas
2104 401 2145 437 et
2163 398 2348 439 variabi-

1320 464 1415 505 litas
1433 465 1479 505 in
1499 465 1750 518 possidendo
1769 481 1777 506 ε
1797 467 1908 507 unde
1922 467 2001 508 ista
2024 468 2222 510 dicuntur
2238 470 2352 512 bona

1321 536 1517 576 fortunae.
1540 534 1661 576 Tunc
1679 547 1783 588 ergo
1809 539 1901 577 rota
1923 538 2205 590 confringitur
2224 553 2352 594 super

1322 606 1548 646 cisternam
1574 637 1586 656 ,
1630 606 1800 658 quando
1848 607 1986 647 omnis
2031 620 2126 661 spes
2168 610 2351 653 habendi

1321 676 1433 717 bona
1464 676 1714 729 temporalia
1741 677 1959 718 aufertur:
1988 679 2101 730 quod
2132 680 2351 733 signatum

1322 749 1397 795 est,
1419 747 1524 787 dum
1543 748 1571 769 ¹0
1600 762 1620 785 ((
1640 747 1868 800 respiciens
1886 747 2093 789 Dominus
2112 761 2239 803 super
2259 763 2352 792 cas-

1323 819 1389 857 tra
1402 816 1720 869 AEgyptiorum,
1737 818 1944 859 subvertit
1958 821 2071 859 rotas
2085 831 2310 872 curruum,
2327 837 2347 859 »

1322 888 1423 941 quia
1441 888 1468 910 ¹¹
1489 888 1766 929 «substantiae
1784 890 2031 942 impiorum,
2054 890 2164 932 sicut
2179 892 2351 945 fluvius,

1322 959 1610 1000 siccabuntur.
1629 974 1648 997 n
1671 960 1825 1008 Quinto
1841 963 2028 1011 notatur,
2050 964 2262 1015 quomodo
2280 966 2354 1007 fiet

1322 1031 1498 1072 inflictio
1518 1043 1681 1084 poenae,
1706 1043 1807 1072 cum
1828 1031 1927 1073 dicit
1948 1035 2006 1083 (v.
2029 1033 2066 1084 7)
2096 1047 2105 1073 :
2131 1035 2192 1076 Et
2212 1046 2351 1078 rever-

1324 1105 1440 1143 tatur
1458 1102 1603 1154 pulvis
1623 1103 1672 1144 in
1693 1105 1862 1144 terram.
1892 1102 2038 1145 Pulvis
2061 1106 2175 1145 recte
2204 1105 2356 1148 dicitur

1323 1173 1481 1226 impius
1502 1176 1544 1214 et
1561 1176 1768 1226 peccator,
1787 1173 2022 1214 secundum
2041 1173 2147 1215 illud
2162 1178 2193 1200 ¹²
2206 1190 2215 1216 z
2227 1190 2246 1215 α
2262 1175 2356 1218 Non

1324 1243 1383 1283 sic
1402 1243 1549 1296 impii,
1582 1256 1668 1285 non
1707 1244 1766 1284 sic
1790 1257 1801 1295 ;
1840 1244 1913 1285 sed
1943 1247 2148 1298 tanquam
2183 1247 2325 1299 pulvis
2341 1281 2353 1299 ‚

1324 1326 1454 1367 quem
1473 1315 1641 1368 projicit
1662 1318 1819 1356 ventus
1831 1327 1856 1356 a
1871 1316 1977 1357 facie
1996 1319 2138 1358 terrae.
2161 1331 2181 1355 n
2207 1317 2352 1370 Terra,

1324 1385 1593 1426 obscuritatis
1613 1386 1893 1439 profunditaS,
1914 1388 2151 1429 secundum
2171 1389 2276 1431 illud
2296 1391 2324 1413 ¹³
2343 1407 2352 1432 :

1330 1471 1349 1495 α
1369 1456 1532 1498 Caelum
1551 1469 1741 1508 sursum,
1765 1460 1806 1498 et
1824 1460 1938 1498 terra
1958 1459 2171 1501 deorsum.
2193 1475 2214 1500 n
2235 1461 2356 1504 Tunc

1325 1539 1431 1580 ergo
1449 1528 1591 1580 pulvis
1616 1528 1669 1569 ad
1701 1531 1859 1569 terram
1892 1530 2123 1572 revertitur
2139 1563 2152 1582 ‚
2187 1534 2356 1585 quando

1324 1600 1517 1650 peccator
1536 1599 1582 1638 in
1602 1594 1818 1639 infernum
1837 1599 2055 1641 infernalis
2087 1603 2357 1645 tenebrosita-

1325 1667 1379 1708 tis
1401 1668 1635 1710 recluditur
1656 1670 1685 1694 ¹¹·
1707 1682 1717 1710 :
1747 1685 1766 1708 «
1787 1669 1866 1719 Qui
1885 1682 1973 1711 non
2000 1674 2062 1713 est
2081 1673 2283 1715 inventus
2310 1675 2357 1716 in

1323 1739 1433 1780 libro
1453 1741 1555 1782 vitae
1575 1741 1779 1795 scriptus,
1801 1742 1961 1783 missus
1987 1746 2050 1784 est
2080 1744 2127 1785 in
2153 1748 2356 1798 stagnum

1325 1810 1454 1862 ignis.
1473 1825 1492 1849 >³
1516 1811 1644 1852 Sexto
1662 1824 1766 1854 vero
1785 1815 1958 1853 notatur
1971 1845 1985 1863 ,
2007 1816 2220 1866 quomodo
2232 1817 2358 1869 ,iustis

1326 1884 1367 1922 et
1386 1882 1679 1935 spirituatibus
1695 1883 1768 1924 fiet
1800 1883 1966 1925 collatio
1986 1884 2152 1937 gloriae,
2176 1900 2275 1928 cum
2293 1888 2358 1929 di-

1325 1953 1397 1993 cit:
1411 1953 1606 2005 Spiritus
1619 1953 1765 1996 redcat
1775 1953 1832 1996 ad
1842 1956 1992 2006 Deam,
2006 1958 2082 2009 qai
2091 1957 2356 2001 deditillum.

1325 2023 1511 2076 Spiritus
1537 2027 1598 2064 est
1628 2023 1758 2065 homo
1788 2025 2045 2078 spiritualis,
2075 2027 2150 2080 qui
2180 2027 2265 2069 Deo
2297 2036 2360 2071 est

1325 2097 1578 2148 conjunctus
1610 2107 1687 2148 per
1721 2096 1906 2148 gratiam
1927 2098 1957 2121 ¹⁵
1982 2112 1992 2138 :
2022 2098 2142 2147 «Qui
2172 2099 2360 2142 adhaeret

1324 2165 1525 2218 Domino,
1557 2179 1671 2208 unus
1706 2168 1880 2220 spiritus
1916 2171 1993 2210 est.
2029 2184 2049 2207 n
2076 2170 2159 2211 Iste
2186 2171 2359 2224 spiritus

1324 2237 1434 2277 redit
1462 2237 1514 2278 ad
1534 2237 1688 2289 Deum,
1711 2251 1797 2280 non
1824 2239 1925 2292 quia
1956 2240 2077 2293 prius
2102 2240 2230 2282 fuerit
2260 2254 2359 2283 cum

1325 2319 1388 2359 eo,
1414 2311 1455 2349 et
1472 2311 1568 2361 post
1585 2310 1829 2360 recesserit,
1850 2322 1951 2352 cum
1969 2311 2087 2353 venit
2105 2312 2159 2353 ad
2178 2324 2332 2366 corpus
2345 2346 2356 2365 ,

1324 2379 1429 2420 etin
1451 2383 1587 2420 morte
1615 2381 1774 2422 iterum
1805 2382 2056 2432 revertitur,
2081 2384 2358 2436 quemadmo-

1324 2450 1428 2491 dum
1448 2450 1586 2492 voluit
1605 2450 1836 2503 Origenes;
1866 2452 1940 2493 sed
1967 2452 2060 2493 ideo
2090 2454 2229 2495 redire
2256 2455 2358 2497 dici-

1323 2524 1410 2572 tur,
1426 2521 1526 2574 quia
1545 2522 1598 2562 ab
1617 2522 1690 2563 illo
1710 2525 1791 2574 est,
1807 2526 1849 2564 et
1867 2535 1942 2577 per
1961 2523 2084 2564 illum
2105 2527 2146 2564 et
2165 2525 2217 2566 ad
2235 2525 2358 2567 illum

1324 2592 1508 2633 finaliter
1538 2593 1759 2634 ordinatur
1792 2608 1802 2635 ;
1835 2596 1876 2634 et
1905 2594 1987 2635 hoc
2015 2594 2189 2647 quidem
2214 2598 2295 2637 erit
2313 2597 2358 2638 in

1324 2663 1462 2716 gloria
1482 2668 1575 2717 post
1586 2665 1799 2717 Judicium
1818 2666 1847 2688 ¹⁸
1871 2680 1880 2706 :
1899 2681 1918 2704 α
1937 2665 2044 2707 Cum
2062 2669 2206 2708 autem
2225 2680 2355 2721 appa—

1323 2735 1458 2776 ruerit
1478 2735 1670 2777 Christus
1695 2736 1784 2778 vita
1813 2739 1979 2788 vestra,
2001 2739 2104 2778 tunc
2123 2741 2165 2779 et
2184 2750 2263 2780 vos
2281 2751 2358 2792 ap-

1324 2807 1524 2860 parebitis
1544 2819 1643 2848 cum
1661 2807 1753 2861 ipso
1771 2807 1816 2848 in
1837 2807 1988 2860 gloria.
2011 2821 2031 2845 n

1377 2881 1416 2919 8.
1449 2878 1630 2921 Vanitas
1652 2879 1917 2930 vanitatum,
1943 2882 2023 2920 etc.
2058 2879 2176 2921 Sicut
2197 2881 2356 2923 dictum

1322 2949 1442 2990 suita
1458 2949 1666 3002 principio
1682 2949 1798 3002 libri,
1822 2953 1937 2992 totus
1957 2950 2063 2992 liber
2082 2950 2160 2992 iste
2179 2951 2232 2992 ad
2253 2964 2356 3005 pro-

1322 3020 1511 3062 bandum
1519 3032 1653 3061 unam
1661 3021 1993 3075 propositionem
2007 3022 2200 3063 ordinem
2210 3022 2350 3075 habet,

1323 3103 1454 3145 quam
1485 3092 1531 3132 in
1550 3092 1757 3146 principio
1776 3092 1873 3133 libri
1899 3092 2145 3146 proposuit,
2174 3092 2318 3134 dicens
2341 3109 2350 3136 :

1329 3178 1349 3203 α
1377 3162 1550 3204 Vanitas
1582 3163 1847 3214 vanitatum,
1881 3162 1987 3203 dixit
2022 3161 2304 3205 Ecclesiastes.
2326 3179 2347 3203 υ

1324 3235 1462 3289 Supra
1481 3235 1673 3276 similiter
1690 3234 1823 3285 dixit,
1845 3234 1888 3276 id
1907 3238 1994 3286 est,
2017 3234 2258 3288 proposuit3
2281 3236 2354 3278 sed

1323 3318 1437 3349 nunc
1465 3305 1583 3349 discit
1609 3304 1908 3358 Ecclesiastes,
1932 3305 1976 3347 id
2007 3308 2084 3355 est,
2122 3305 2350 3357 conclusit3

1326 3441 1375 3471 14.
1409 3453 1449 3460 —
1485 3438 1496 3455 ²¹
1523 3437 1659 3477 Jerem„
1691 3443 1737 3477 11,
1771 3438 1821 3469 13.
1848 3453 1888 3460 —
1919 3436 1942 3456 ¹⁰
1975 3435 2100 3476 Exod„
2132 3444 2203 3477 xiv,
2233 3437 2285 3470 25.
2314 3454 2353 3462 ·—

1324 3486 1350 3508 ²¹
1369 3484 1490 3524 Eccli„
1509 3491 1566 3522 XL,
1589 3485 1687 3516 13.—
1704 3484 1730 3506 ¹²
1745 3483 1834 3516 Psal.
1854 3491 1879 3525 1,
1902 3485 1931 3516 4.
1944 3500 1985 3508 ·-
2002 3483 2025 3503 ¹³
2043 3484 2157 3522 Prov„
2177 3491 2258 3526 xxv,
2278 3485 2353 3517 3.—

1325 3534 1349 3554 ¹⁴
1370 3534 1485 3576 Apoc„
1504 3539 1565 3574 xx,
1587 3534 1638 3566 15.
1654 3549 1694 3559 —
1714 3532 1739 3555 ¹⁸
1758 3532 1770 3565 1
1796 3531 1885 3573 Com,
1908 3540 1957 3574 vx,
1976 3533 2028 3568 17.
2042 3548 2084 3557 —
2105 3533 2128 3552 ¹⁵
2145 3531 2230 3573 Col„
2246 3539 2303 3573 111,
2319 3534 2350 3566 4.
