2633 3878
293 278 370 315 -ΠΟ

289 362 474 399 versario.
496 364 537 398 Et
567 365 672 408 nota,
707 362 816 410 quod
848 363 986 411 triplex
1017 367 1072 400 est
1109 363 1316 410 cogitatio,

289 436 375 473 quae
393 424 614 473 frequenter
630 425 847 462 immittitur
858 425 908 462 ab
923 425 1164 471 adversario,
1178 429 1316 473 utputa

288 487 472 533 cogitatio
493 486 691 533 deliciosa,
714 487 894 534 cogitatio
916 487 1126 534 malitiosa,
1165 488 1313 534 cogita-

287 547 341 584 tio
361 547 569 584 ambitiosa
592 561 599 584 :
623 559 792 596 quarum
806 549 933 596 prima
947 549 1165 585 immittitur
1181 549 1312 586 virtuti

287 609 595 657 concupiscibili,
617 611 789 647 secunda
823 610 1023 656 irascibili,
1058 611 1168 647 tertia
1198 612 1313 649 ratio-

285 670 421 707 nabili.
444 673 494 707 De
526 671 654 719 prima
674 672 709 707 ¹:
736 685 754 707 α
773 673 917 709 Sensus
952 674 989 708 et
1026 672 1209 719 cogitatio
1244 673 1313 710 hu-

285 732 392 768 mani
411 732 542 769 cordis
561 744 686 780 prona
703 736 791 770 sunt
819 733 858 770 in
885 733 1037 771 malum
1067 733 1117 770 ab
1156 734 1310 771 adoles-

285 794 411 831 centia
429 805 499 831 sua
539 807 546 830 ε
570 808 587 827 »
611 805 698 832 0000
725 795 909 843 cogitatio
943 796 1143 833 deliciosa.
1174 799 1221 833 Dc
1252 807 1311 833 se—

285 855 459 892 cunda22
477 870 495 890 «
510 858 703 894 Venerunt
722 857 803 895 duo
817 859 1034 906 presbyteri
1049 859 1155 906 pleni
1175 858 1311 905 iniqua

283 918 519 965 cogitatione
550 918 739 956 adversus
777 921 1014 965 Susannam,
1042 923 1083 956 ut
1118 920 1312 956 interfice-

280 982 366 1016 rent
386 990 474 1017 eam
499 993 506 1017 :
530 994 548 1017 n
571 991 659 1018 eece
681 982 864 1029 cogitatio
903 982 1109 1018 malitiosa.
1155 983 1203 1017 De
1237 984 1311 1018 ter-

281 1041 333 1079 tia
352 1043 365 1064 ³
384 1056 392 1080 :
420 1057 437 1077 «
457 1046 541 1081 Non
560 1047 596 1081 te
618 1044 783 1081 extollas
820 1044 860 1080 in
898 1043 1133 1090 cogitatione
1171 1043 1311 1081 animae

281 1108 368 1152 tuae,
387 1105 494 1143 velut
514 1110 645 1143 taurus
665 1119 673 1142 ε
695 1119 713 1140 ι)
746 1116 834 1143 ecce
863 1105 1046 1152 cogitatio
1088 1106 1307 1144 ambitiosa.

603 1211 795 1247 Artz'culus
822 1214 984 1258 quartus.

326 1294 522 1337 Quantum
539 1293 590 1330 ad
613 1296 810 1340 quartum,
844 1293 1095 1340 subjungitur
1118 1306 1125 1329 ;
1150 1294 1308 1340 Injusta,

278 1354 320 1390 id
341 1357 409 1400 est,
432 1354 472 1391 in
491 1355 734 1401 injustitiam,
756 1355 837 1391 sive
857 1354 1072 1402 iniquitatis
1090 1355 1308 1392 observan-

278 1417 371 1454 tiam
387 1417 620 1454 introdueta.
641 1417 744 1455 Sicut
775 1417 879 1454 enim
907 1418 1081 1465 aequitas,
1103 1418 1157 1453 sic
1179 1420 1215 1454 et
1235 1417 1309 1454 ini·

279 1479 407 1526 quitas
442 1490 531 1516 suas
568 1479 687 1516 habet
707 1479 975 1516 observantias
985 1492 996 1526 3
1023 1479 1219 1527 quasdam
1238 1480 1309 1516 ini-

278 1542 433 1589 quitatis
457 1541 772 1589 procuratorias,
811 1542 1005 1589 quasdam
1048 1541 1309 1588 diffinitorias,

277 1603 470 1651 quasdam
491 1604 748 1640 executorias.
787 1604 922 1640 Primce
951 1604 1146 1651 pertinent
1179 1603 1231 1640 ad
1252 1603 1310 1640 in-

273 1666 376 1711 justa
396 1665 580 1711 consilia3
603 1666 785 1702 secundae
806 1666 858 1702 ad
873 1666 1017 1712 injusta
1033 1665 1183 1712 judicia
1199 1678 1209 1712 3
1232 1667 1309 1702 ter·-

278 1727 337 1764 tiae
367 1728 418 1764 ad
453 1728 595 1774 injusta
623 1727 817 1763 exercitia.
856 1728 919 1763 Vis
957 1727 1094 1764 audire
1131 1728 1309 1774 linguam

277 1790 490 1837 iniquitatis
518 1789 856 1837 procuratoriam?
877 1789 976 1826 Audi
1011 1790 1233 1836 Sapientem
1255 1789 1311 1825 di-

277 1858 429 1888 centem
448 1850 460 1870 5
481 1864 488 1888 :
515 1865 533 1885 «
552 1851 737 1888 Liberasti
776 1862 865 1897 me;
888 1865 904 1883 »
931 1854 966 1887 et
984 1851 1106 1897 int'ra;
1132 1863 1149 1883 (ι
1168 1854 1195 1886 Λ
1216 1861 1309 1897 rege

277 1913 428 1960 iniquo,
451 1916 485 1949 et
507 1923 530 1949 a
549 1913 687 1960 linqua
705 1913 860 1959 injusta.
884 1927 900 1945 »
922 1912 984 1948 Vis
1011 1912 1146 1949 videre
1178 1923 1311 1960 perso-

278 1985 371 2012 nam
385 1975 598 2022 iniquitatis
618 1975 887 2012 dit'finitoriam
898 1976 916 2011 ἱ)
932 1976 1066 2019 Quaerc
1074 1985 1241 2022 puerum
1251 1976 1313 2022 ju-

277 2038 428 2074 niorem
438 2039 573 2073 contra
580 2037 855 2084 presbyterum
867 2036 1062 2073 seniorem
1073 2037 1127 2073 sic
1142 2037 1310 2084 loquen-

281 2102 359 2136 tem
378 2100 390 2121 ⁵
414 2111 422 2135 :
450 2100 586 2134 «Nunc
600 2100 793 2135 venerunt
812 2101 974 2145 peccata
993 2101 1073 2144 tua,
1105 2110 1192 2146 quae
1221 2110 1313 2147 ope-

278 2160 430 2197 rabaris
449 2161 556 2208 prius
566 2160 749 2208 judicans
762 2160 913 2207 judicia
928 2160 1084 2207 injusta.
1097 2174 1114 2195 »
1129 2161 1191 2197 Vis
1204 2161 1313 2198 inve-

279 2222 362 2259 nire
379 2232 567 2270 personas
587 2222 684 2259 alias
717 2222 933 2270 iniquitatis
968 2222 1235 2259 executorias‘?
1256 2225 1313 2259 at-

279 2284 395 2320 tende
415 2284 538 2320 alium
557 2284 773 2331 sapientem
793 2284 846 2320 sie
860 2284 1102 2320 scribentem
1120 2284 1159 2320 ⁶.-
1185 2297 1202 2317 «
1223 2285 1312 2321 Odi-

280 2345 376 2382 bilia
395 2345 478 2392 tibi,
496 2345 674 2391 Domine,
697 2356 818 2393 opera
837 2345 1033 2382 faciebant
1051 2356 1120 2392 per
1140 2346 1313 2383 medica-

280 2407 388 2444 mina
408 2410 444 2444 et
460 2407 649 2444 sacrificia
666 2407 821 2454 injusta.
845 2422 862 2440 »

713 2515 888 2556 Epilogus.

329 2597 397 2631 Per
436 2594 621 2642 praedicta
657 2596 784 2641 potest
822 2594 1034 2631 clarescere
1073 2605 1184 2631 mens
1224 2598 1315 2631 Pro-

282 2657 408 2704 phetae
423 2656 685 2704 prolocutoris
706 2655 884 2693 Ecclesize
909 2656 949 2692 in
967 2656 1041 2692 hac
1061 2659 1184 2704 parte.
1224 2657 1317 2694 Dicit

283 2729 456 2766 namque
477 2729 485 2754 z
506 2718 682 2765 Sprevisti
702 2728 818 2754 omnes
840 2729 848 2753 :
869 2727 957 2754 ecce
976 2717 1312 2765 primariaepotes-

286 2780 372 2816 tatis
388 2782 648 2827 contemptus,
669 2779 866 2827 pertinens
899 2779 951 2815 ad
984 2779 1210 2816 temeritatis
1228 2790 1316 2828 per-

286 2841 537 2887 missionem;
560 2842 782 2877 Dz'sceclentes
803 2853 823 2877 α
830 2842 991 2887 justiciis
1014 2843 1087 2877 tuis
1109 2855 1119 2877 .·
1140 2852 1228 2878 ecce
1250 2842 1319 2878 do-

287 2902 439 2939 minicae
477 2903 654 2948 eivitatiS,
704 2902 848 2939 scilicet
893 2903 1084 2950 aequitatis
1124 2914 1316 2950 recessus,

288 2965 452 3001 attinens
490 2964 541 3000 ad
576 2965 765 3012 aequitatis
800 2966 1190 3013 prsetermissionem3
1225 2967 1320 3010 Quia

287 3029 458 3074 cogitatio
489 3038 608 3063 eorum
630 3037 638 3062 :
672 3037 759 3062 cccc
779 3027 1018 3064 secundariae
1037 3029 1235 3075 potestatis
1257 3039 1321 3065 oc-

288 3100 438 3134 cursus,
449 3088 658 3136 respiciens
678 3088 729 3125 ad
750 3088 995 3135 cogitationis
1012 3089 1293 3126 immissionem
1309 3105 1319 3137 ;

296 3152 449 3197 Injusta,
488 3150 530 3186 id
551 3152 620 3196 est,
659 3150 700 3186 in
745 3149 973 3196 injustitiam
1009 3161 1077 3187 seu
1109 3152 1322 3199 iniquitatis

291 3214 569 3261 experientiam
590 3213 812 3251 introducta
839 3226 845 3249 :
863 3224 951 3250 ecce
964 3213 1171 3251 diabolicae
1191 3216 1321 3253 civita-

291 3275 351 3321 tis,
388 3275 571 3312 videlicet
591 3275 804 3323 iniquitatis
832 3276 1023 3321 incursus,
1055 3279 1233 3324 spectans
1271 3278 1321 3314 ad

292 3336 506 3385 iniquitatis
531 3337 860 3374 commissionem.
894 3341 979 3384 Aut,
1020 3342 1059 3374 ut
1088 3339 1247 3376 brevius
1266 3340 1323 3376 di-

294 3409 401 3436 cam:
418 3400 608 3446 Sprevisti,
624 3403 815 3447 quantum
829 3399 881 3437 ad
893 3401 1146 3438 temeritatem
1160 3403 1322 3449 permis-

338 3529 348 3550 ¹
372 3529 466 3569 Gen„
490 3536 564 3570 vm,
586 3530 640 3562 21.
659 3547 698 3554 -—
718 3531 728 3549 ²
751 3530 848 3570 Dan„
868 3536 947 3571 xm,
968 3532 1019 3562 28.
1042 3548 1077 3554 —
1099 3531 1112 3553 ⁸
1132 3532 1251 3573 Ecclz'„
1276 3541 1322 3573 vr,

986 273 1256 316 EXPOSlTIO
1288 275 1338 316 IN
1372 276 1722 319 PSALTERIUM.

1393 376 1476 403 sam
1486 380 1498 413 ;
1527 367 1750 404 Discedentcs
1773 378 1795 403 a
1821 367 1983 412 justiciis
2020 370 2106 414 tuis,
2140 371 2331 415 quantum
2361 371 2414 407 ad

1390 428 1610 476 aequitatem
1630 428 1948 476 praetermissam,
1973 428 2069 473 Quia
2086 431 2254 475 coqz'tatz'o
2281 441 2414 477 eorum,

1392 495 1584 538 quantum
1620 492 1670 529 ad
1702 491 1954 539 cupiditatem
1984 491 2220 538 immissam3
2257 493 2414 540 Injasta,

1391 556 1580 601 quantum
1601 554 1651 590 ad
1671 554 1915 601 iniquitatem
1934 553 2198 592 commissam.

1753 700 1971 728 VERSICULUS
1995 701 2060 728 vn.

1437 806 1452 839 1
1464 805 1518 840 19.
1531 804 1808 840 Ρνεευανιόαητεε
1820 805 1998 849 reputavi,
2013 806 2083 840 etc.
2093 804 2135 840 ln
2141 813 2257 841 versu
2269 814 2416 852 praeee-

1390 862 1495 898 denti
1531 862 1711 899 militavit
1748 862 1916 899 Ecclesia
1955 865 2090 899 contra
2122 862 2353 910 diabolum3
2377 862 2418 900 in

1387 924 1565 971 praesenti
1599 924 1738 961 militat
1769 927 1904 961 contra
1937 924 2146 960 mundum.
2181 923 2275 961 Dicit
2309 924 2413 962 enim

1389 985 1594 1032 Propheta,
1614 985 1679 1022 vel
1697 985 1827 1033 potius
1848 985 2015 1023 Ecclesia
2034 996 2130 1023 voce
2149 985 2380 1034 prophetica
2403 998 2411 1022 :

1388 1049 1682 1093 Praevarz‘cantes,
1704 1050 1796 1095 etc.;
1812 1059 1857 1085 ae
1878 1048 1909 1084 si
1929 1047 2091 1095 loquela
2123 1047 2267 1085 diceret
2285 1047 2412 1084 mani-

1387 1108 1484 1146 festa
1506 1122 1514 1147 :
1537 1111 1679 1147 Omnes
1698 1110 1836 1147 mundi
1853 1110 2014 1157 amicos,
2034 1109 2100 1147 Dei
2119 1111 2258 1157 reputo
2278 1109 2411 1147 inimi-

1389 1182 1455 1209 cos
1476 1184 1485 1209 2
1507 1171 1693 1220 quocirca
1731 1183 1804 1219 ego
1835 1172 1900 1209 Dei
1937 1172 2077 1218 amica,
2117 1181 2276 1208 sumens
2305 1181 2414 1209 arma

1388 1233 1621 1276 thearchica,
1643 1234 1782 1270 mundi
1801 1234 1902 1271 faeta
1919 1244 2006 1271 sum
2042 1232 2215 1270 inimica.
2235 1232 2343 1270 Unde
2372 1231 2413 1269 in

1387 1307 1522 1332 versus
1540 1295 1658 1342 hujus
1678 1295 1916 1332 continentia
1935 1297 2103 1343 quatuor
2116 1297 2205 1332 sunt
2215 1297 2410 1341 contenta,

1387 1357 1571 1394 videlicet
1590 1357 1762 1394 amicitia
1780 1358 1860 1403 Dei,
1888 1360 1924 1394 et
1949 1356 2120 1393 amicitia
2156 1356 2318 1402 mundi3
2339 1355 2416 1393 ini-

1388 1420 1532 1457 micitia
1546 1420 1626 1465 Dei,
1658 1422 1694 1456 et
1713 1419 1915 1457 inimicitia
1934 1418 2074 1456 mundi
2097 1431 2105 1455 :
2129 1429 2300 1467 quorum
2337 1418 2417 1466 pri-

1387 1493 1499 1520 mum
1530 1481 1698 1530 pertinet
1734 1482 1785 1518 ad
1824 1481 2051 1518 charitatem
2062 1494 2073 1528 3
2112 1479 2343 1527 secundum,
2367 1479 2419 1517 ad

1388 1543 1642 1591 cupiditatem
1648 1556 1659 1590 3
1682 1543 1852 1589 tertium,
1874 1543 1925 1579 ad
1944 1542 2285 1590 praedicationem3
2304 1551 2419 1590 quar·

1387 1608 1485 1650 tum,
1502 1605 1553 1642 ad
1572 1605 1947 1653 praevaricationem.
1969 1607 2088 1642 Porro
2107 1603 2207 1641 inter
2224 1602 2418 1651 praedica-

1388 1667 1535 1704 tionem
1555 1669 1591 1704 et
1609 1666 1971 1714 praevaricationem
2000 1668 2056 1703 cst
2093 1668 2232 1703 mutua
2268 1666 2419 1702 contra·

1390 1729 1522 1774 dictio,
1543 1739 1612 1765 seu
1632 1728 1830 1765 coalterna
1859 1727 2109 1773 concertatio,
2131 1727 2228 1764 sicut
2244 1727 2352 1774 patet
2370 1736 2417 1763 ex

1389 1801 1450 1837 eo,
1472 1790 1582 1838 quod
1610 1789 1836 1838 praedicatio
1865 1791 1922 1826 est
1951 1789 2178 1837 protestatio
2207 1786 2418 1834 charitatis,

1389 1856 1425 1889 et
1446 1852 1647 1888 detestatio
1687 1851 1910 1899 cupiditatis
1922 1863 1933 1897 3
1955 1849 2224 1898 praevaricatio
2248 1858 2343 1886 vero
2364 1850 2420 1885 est

1387 1914 1614 1962 protestatio
1647 1912 1884 1961 cupiditatis,
1904 1914 1941 1949 et
1964 1911 2165 1949 detestatio
2197 1909 2421 1957 charitatis;

1389 1979 1425 2012 et
1462 1976 1608 2012 idcirco
1646 1975 1874 2023 praedicatio
1915 1976 2031 2021 atque
2067 1971 2335 2021 praevaricatio
2368 1971 2420 2009 ad

1388 2038 1557 2075 invicem
1576 2037 1846 2081 adversantur,
1865 2035 2055 2084 quoniam
2077 2033 2187 2083 quod
2217 2044 2298 2072 una
2327 2043 2420 2081 pro-

1389 2101 1563 2146 testatur,
1585 2099 1708 2137 altera
1726 2099 1949 2136 detestatur.

1726 2204 1914 2240 Articulus
1937 2204 2090 2249 primus.

1438 2286 1682 2324 inimicitiam
1714 2296 1808 2332 ergo
1842 2284 1907 2322 Dei
1925 2284 2075 2321 notavit
2093 2272 2308 2329 psalmista,
2331 2293 2421 2320 cum

1391 2350 1444 2386 ait
1466 2361 1475 2386 :
1497 2351 1778 2386 Proevarz'cantes
1794 2349 1976 2394 reputavi,
1998 2345 2092 2394 quia
2120 2344 2420 2394 praevaricantes

1393 2414 1483 2448 sunt
1509 2413 1645 2448 contra
1682 2410 1889 2447 DomInum
1926 2408 2148 2445 inimicitias
2184 2407 2422 2452 exercentes,

1392 2472 1644 2522 protestando
1666 2472 1776 2520 quod
1794 2471 1859 2508 ille
1880 2471 2110 2517 detestatur,
2132 2471 2169 2507 et
2194 2467 2424 2507 detestando

1392 2536 1504 2585 quod
1540 2535 1605 2572 ille
1639 2536 1888 2583 protestatur.
1921 2534 1986 2571 Hic
2018 2534 2155 2569 notare
2191 2541 2423 2580 possumus,

1393 2598 1503 2646 quod
1535 2596 1880 2645 praevaricantibus
1919 2594 1992 2631 tria
2029 2594 2243 2640 debemus,
2283 2593 2427 2632 seilicet

1393 2659 1724 2708 compassionem,
1733 2658 2041 2702 aemulationem,
2052 2655 2402 2694 comminationem
2416 2669 2423 2693 :

1392 2722 1668 2770 compatiendo
1682 2731 1728 2759 ex
1741 2721 1901 2768 pietate;
1917 2718 2142 2755 aemulando
2156 2728 2205 2755 ex
2218 2717 2404 2756 charitate
2412 2730 2424 2762 ς

1394 2784 1674 2823 comminando
1714 2793 1760 2819 ex
1781 2781 1995 2819 severitate.
2036 2782 2086 2816 De
2105 2779 2234 2827 primo
2253 2780 2268 2802 ⁷
2293 2791 2303 2815 :
2330 2781 2422 2816 «Vae

1394 2847 1504 2892 mihi,
1525 2845 1823 2893 praevaricantes
1842 2841 2086 2891 praevaricati
2105 2842 2194 2878 sunt
2204 2852 2216 2887 3
2238 2853 2258 2876 »
2276 2839 2427 2878 scilicet

1394 2908 1692 2957 praevaricantes
1729 2905 1862 2951 eorde,
1883 2903 2124 2952 praevaricati
2155 2904 2244 2939 sunt
2275 2912 2423 2950 opere:

1396 2981 1474 3008 vox
1506 2972 1563 3007 est
1599 2967 1882 3016 compatientis.
1921 2967 1972 3002 De
2008 2964 2182 3001 seeundo
2216 2963 2357 3001 dicitur
2386 2963 2427 3001 in

1396 3034 1545 3070 Psalmo
1576 3033 1590 3054 ⁸
1626 3045 1634 3068 :
1671 3043 1689 3065 «
1709 3029 1796 3067 Vidi
1837 3028 2156 3077 praevaricantes,
2189 3028 2227 3064 et
2253 3026 2427 3064 tabesce-

1396 3096 1490 3133 bam
1509 3107 1516 3131 :
1540 3108 1556 3129 »
1579 3104 1659 3130 vox
1679 3094 1735 3129 est
1753 3089 1984 3128 aemulantis.
2016 3092 2067 3126 De
2098 3088 2209 3125 tertio
2230 3089 2243 3111 ⁹
2262 3100 2271 3125 :
2297 3100 2316 3122 «
2335 3090 2426 3125 Fac-

1397 3161 1456 3194 tus
1478 3159 1532 3194 est
1545 3166 1673 3193 sermo
1689 3153 1841 3191 Domini
1861 3152 1913 3190 ad
1932 3163 1996 3189 me
2026 3152 2160 3188 dicens
2179 3162 2193 3188 .·
2211 3151 2281 3188 Fili
2298 3150 2427 3188 homi-

1397 3220 1471 3264 nis,
1491 3222 1594 3256 terra
1613 3228 1703 3254 cum
1717 3214 1937 3265 peccaverit
1962 3213 2074 3259 mihi,
2093 3215 2136 3251 ut
2151 3212 2428 3261 praevaricetur

1396 3281 1671 3329 praevaricans‚
1699 3277 1909 3315 extendam
1947 3286 2113 3312 manum
2149 3284 2279 3311 meam
2309 3283 2427 3320 super

1398 3355 1482 3381 eam
1502 3355 1510 3380 :
1530 3357 1547 3377 »
1572 3353 1650 3379 vox
1671 3343 1727 3378 est
1751 3337 2040 3376 comminantis.

1397 3444 1428 3472 2.
1446 3459 1486 3463 -
1503 3442 1514 3460 ⁴
1535 3439 1654 3479 Ecca„
1675 3447 1727 3479 m,
1749 3439 1778 3477 4,
1799 3439 1830 3468 7.
1852 3452 1891 3458 —
1945 3434 2045 3471 Dum,
2069 3439 2152 3472 xm,
2173 3431 2226 3462 53-
2245 3448 2286 3455 -
2304 3432 2316 3451 ⁶
2331 3431 2424 3473 Sap„

1398 3496 1467 3527 XM,
1494 3490 1524 3520 4.
1546 3505 1584 3510 —
1612 3488 1621 3505 7
1644 3487 1723 3524 Isa.‚
1756 3490 1850 3522 xxm,
1885 3482 1932 3512 16.
1955 3494 1995 3503 -—
2024 3479 2036 3498 ⁸
2058 3477 2148 3510 Psal.
2177 3478 2260 3518 hoc,
2289 3479 2360 3511 158.
2386 3496 2425 3502 —

1398 3535 1411 3555 ⁹
1431 3533 1563 3573 Ezech„
1584 3540 1656 3571 xw,
1681 3532 1731 3563 13.
