2633 3878
184 2629 305 2662 spen-n-

165 2669 193 2695 di
203 2670 306 2703 tr2pl2x

166 2709 280 2736 mod-12..

329 291 405 328 438

328 379 370 412 In
391 378 582 417 (eternum,
603 376 789 421 quantum
809 371 859 408 ad
880 373 1064 408 aeternam
1089 367 1221 411 vitam,
1244 365 1354 412 quod

325 437 490 484 pertinet
506 436 558 473 ad
571 437 635 472 Dm
649 433 1041 482 contemplationem,
1057 430 1135 467 Non
1150 429 1353 473 obliviscar,

327 502 518 547 quantum
536 498 587 534 ad
607 496 886 545 gratitudinem
906 493 1120 535 infinitam,
1141 489 1251 537 quod
1272 488 1354 525 atti-

326 565 392 599 net
411 561 463 598 ad
490 562 552 597 Dm
579 558 933 602 collaudationem3
955 554 1234 599 Jusesficationes
1257 554 1351 594 tuas,

328 626 521 671 quantum
540 622 592 659 ad
621 622 778 669 culpam
797 618 1004 656 mortalem
1029 615 1165 652 saltem
1186 613 1355 660 origina—

328 685 406 721 lem
427 685 630 730 abolitam,
653 682 762 730 quod
782 680 944 718 refertur
966 678 1018 715 ad
1037 677 1091 714 rei
1111 674 1355 713 reformatio-

328 757 445 792 nem;
479 748 573 791 Quia
595 748 632 781 in
655 746 744 791 ipsis
769 743 960 788 vivificasti
988 750 1062 786 me,
1091 740 1282 786 quantum
1303 737 1354 772 ad

326 809 447 846 vitam
481 808 671 844 moralem
704 805 926 849 redditam,
960 802 1071 851 quod
1108 802 1355 847 retorquetur

327 871 379 908 ad
398 870 750 909 conformationem
771 882 777 905 :
801 880 846 906 ac
864 868 896 904 si
911 867 1046 913 lingua
1072 865 1217 902 diceret
1236 873 1353 910 expe-

327 934 406 970 dita
429 946 436 969 :
465 935 506 969 ln
526 935 670 969 aeterna
688 931 766 968 vita
798 941 877 966 non
903 929 974 966 erit
1000 927 1140 965 tradita
1160 923 1355 962 oblivioni

327 996 442 1044 culpa
469 995 639 1041 abolita,
662 998 698 1031 et
720 995 799 1030 vita
817 992 994 1037 reddita3
1025 991 1100 1027 hoc
1121 990 1175 1025 est
1204 1001 1211 1024 :
1234 988 1353 1034 Spero

327 1059 494 1105 gloriam
543 1055 883 1104 contemplationis
898 1082 910 1099 ,
947 1056 983 1089 et
1021 1048 1323 1088 collaudationis
1341 1075 1352 1094 ,

325 1122 486 1167 propter
523 1119 688 1167 gratiam
725 1114 1028 1160 reformationis,
1064 1115 1100 1149 et
1137 1111 1355 1149 conforma-

327 1183 457 1219 tionis.

681 1275 898 1302 VERSICULUS
922 1275 983 1302 xiv
991 1292 997 1300 .

376 1373 433 1407 94.
480 1372 573 1406 Tuus
608 1379 684 1405 sum
731 1377 792 1413 090
809 1394 820 1412 ,
856 1368 925 1402 etc.
978 1363 1238 1401 Praeordinata
1275 1362 1357 1410 spei

325 1432 472 1469 fiducia
490 1431 530 1468 in
550 1441 665 1467 versu
682 1427 937 1477 praecedenti,
959 1426 1241 1463 subordinatur
1263 1424 1355 1461 fidei

326 1494 542 1531 constantia
561 1493 602 1529 in
628 1491 830 1540 praesenti;
854 1501 926 1526 nec
954 1489 1035 1526 sine
1064 1498 1181 1525 causa
1210 1497 1354 1525 conve-

325 1557 460 1602 nienti,
475 1555 506 1592 si
523 1555 728 1602 diligenter
749 1552 1028 1597 consideretur,
1046 1550 1157 1598 quod
1178 1561 1225 1586 ex
1245 1551 1355 1585 motu

325 1620 429 1668 spei,
451 1622 580 1656 motus
601 1617 694 1654 fidei
712 1617 933 1663 generatur,
955 1614 1051 1650 dum
1068 1624 1116 1650 ex
1135 1612 1232 1649 boui
1253 1611 1354 1648 desi-

327 1681 457 1727 derio,
481 1679 591 1727 quod
610 1681 806 1727 speratur,
838 1677 931 1713 fidei
957 1675 1157 1712 inclinatio
1186 1674 1353 1721 impera-

327 1748 398 1780 tur.
418 1745 522 1780 Hanc
543 1742 634 1779 fidei
657 1740 916 1777 constantiam
942 1738 1162 1775 manifestat
1182 1736 1354 1773 Psalmo-

326 1805 523 1854 graphus,
563 1816 634 1853 per
675 1802 1039 1851 quadriinembrem
1077 1800 1355 1838 continentiam

323 1869 440 1914 hujus
476 1878 610 1904 versus
644 1865 906 1914 proponendo
945 1864 1168 1900 servitutem
1183 1891 1194 1909 ,
1235 1873 1355 1909 quam

324 1931 482 1976 tolerat,
505 1932 665 1977 propter
689 1928 877 1972 salutem,
899 1936 1020 1974 quam
1052 1927 1206 1972 sperat;
1229 1927 1265 1961 ct
1291 1935 1355 1971 pc-

323 1992 443 2029 tendo
463 1991 669 2039 praemium
685 1989 831 2034 salutis,
856 1990 1016 2036 propter
1035 1987 1217 2023 meritum
1238 1987 1355 2023 servi-

324 2055 427 2090 tut‘s.
458 2053 628 2091 Servitus
659 2052 822 2089 tolerata
851 2052 906 2087 est
941 2049 1142 2096 captivitas
1171 2048 1352 2094 rationis;

324 2117 430 2153 salus
449 2118 603 2164 sperata
623 2118 679 2153 est
698 2115 856 2152 libertas
874 2113 1057 2158 visionis:
1078 2112 1283 2161 praemium
1304 2112 1351 2160 (a)

324 2179 588 2226 praestolatum
621 2181 676 2215 est
709 2177 884 2214 salvifica
921 2174 1091 2213 veritatis
1131 2174 1352 2220 evidentia3

322 2241 505 2278 meritum
538 2240 748 2287 allegatum
782 2241 837 2275 est
869 2237 1039 2283 justifica
1066 2235 1237 2272 veritatis
1274 2246 1354 2272 cre·

325 2303 472 2342 dentia-

657 2350 846 2385 Articulus
869 2349 1023 2394 primus.

372 2426 542 2464 Salutem
569 2428 764 2473 speratam
791 2424 1009 2470 denotavit,
1032 2424 1201 2461 dicendo
1226 2437 1233 2461 :
1266 2426 1353 2470 Εῃο,

326 2488 515 2536 quoniam
539 2491 629 2536 post
653 2487 938 2535 expositionem
962 2486 1043 2534 spei
1070 2497 1149 2523 suae
1173 2486 1214 2522 in
1240 2496 1355 2522 versu

325 2550 586 2599 praecedente,
625 2549 758 2586 subdit
791 2548 1046 2585 immediate:
1080 2550 1173 2595 qu,
1212 2548 1357 2585 scilicet

326 2613 394 2660 qui
430 2612 594 2649 salutem
633 2623 761 2660 spero.
803 2611 961 2656 Quaeris,
1001 2610 1167 2658 qualiter
1183 2611 1200 2645 ἱ)
1237 2610 1356 2658 plane

326 2674 548 2723 tripliciter,
580 2674 677 2711 sicut
709 2685 756 2711 ex
776 2673 907 2710 verbis
938 2672 1016 2709 suis
1048 2672 1245 2720 colligitur
1276 2672 1355 2709 cvi·

328 2737 462 2774 denter
484 2749 492 2772 :
514 2735 834 2783 magnanimiter,
858 2735 1130 2783 aequanimiter
1144 2764 1154 2780 ,
1173 2734 1356 2781 longani-

327 2799 451 2835 miter.
481 2798 655 2846 Speravit
680 2808 851 2845 namque
881 2800 917 2834 et
948 2797 1081 2834 docuit
1098 2807 1172 2833 nos
1199 2802 1356 2844 sperare

328 2860 627 2907 magnanimiter
655 2859 694 2895 in
723 2859 978 2907 prosperitate
995 2887 1004 2904 ,
1025 2859 1297 2906 aequanimIter
1317 2858 1357 2894 in

328 2921 558 2958 adversitate
574 2950 583 2966 ,
628 2921 906 2967 longanimiter
946 2921 987 2956 in
1025 2920 1267 2968 antiquitate.
1307 2922 1356 2956 De

327 2983 456 3030 primo
476 2982 605 3030 psallit
636 2985 645 3005 ¹
679 2995 686 3018 :
717 2996 732 3015 «
764 2985 842 3029 Ego
863 2983 903 3018 in
931 2982 1155 3019 innocentia
1184 2993 1273 3019 mea
1299 2982 1357 3018 in-

328 3055 483 3091 gressus
502 3055 588 3080 sum
604 3071 614 3089 ,
637 3046 673 3080 et
692 3044 732 3080 in
764 3045 928 3080 Domino
954 3053 1116 3090 sperans
1145 3054 1225 3080 non
1245 3043 1357 3080 infir-

328 3105 471 3143 mabor
493 3119 499 3140 :
521 3118 539 3139 n
563 3115 651 3142 ecce
671 3104 753 3152 spei
772 3104 1091 3150 magnanimitas,
1123 3116 1245 3153 quam
1277 3115 1358 3141 non

329 3167 501 3204 infirmat
519 3166 770 3215 prosperitas.
803 3168 852 3202 lie
873 3165 1047 3202 secundo
1068 3166 1161 3203 dicit
1180 3168 1192 3188 ²
1216 3179 1224 3202 :
1250 3180 1267 3201 «
1287 3167 1358 3211 Qui

330 3230 517 3267 tribulant
536 3240 599 3267 me
615 3258 626 3276 ,
648 3228 900 3272 exultabunt,
922 3229 954 3265 si
976 3230 1105 3265 motus
1126 3228 1260 3265 fuero:
1285 3239 1357 3275 ego

330 3295 461 3328 autem
478 3292 518 3328 in
538 3291 806 3328 misericordia
834 3293 899 3327 tua
925 3290 1105 3338 speravi:
1128 3303 1146 3323 n
1170 3300 1256 3326 ecce
1277 3291 1358 3338 spei

330 3353 615 3401 aequanimitas,
638 3363 757 3400 quam
788 3363 870 3390 non
903 3351 1032 3389 turbat
1056 3351 1285 3388 adversitas.
1309 3354 1358 3388 De

332 3415 441 3451 tertio
463 3425 623 3462 quoque
643 3414 775 3451 scribit
794 3416 807 3437 ³
831 3426 839 3451 ε
866 3428 883 3449 «
903 3416 981 3462 Ego
1002 3424 1156 3460 semper
1175 3414 1357 3461 sperabo,

378 3499 385 3517 ¹
410 3497 496 3530 Psal.
517 3505 596 3538 xxv,
621 3500 646 3529 t.
662 3515 700 3520 —
722 3498 732 3506 ⁸
753 3497 842 3528 Psal.
866 3506 926 3537 3411,
947 3499 977 3529 6.
997 3514 1037 3521 —
1056 3497 1070 3519 ³
1088 3496 1181 3529 Psal.
1206 3504 1286 3536 Lxx,
1309 3498 1357 3528 14.

333 3561 372 3566 -
391 3544 404 3564 ⁸
423 3543 512 3575 Psal.
533 3543 612 3583 hoc,
635 3546 702 3576 129.
722 3561 762 3568 —
780 3545 793 3567 ὅ
815 3545 898 3577 Psal.
921 3552 1004 3585 xcu,
1025 3546 1055 3576 5.
1074 3562 1114 3568 —
1136 3544 1149 3566 ὅ
1166 3544 1256 3577 Psal.
1280 3544 1357 3585 hoc,

1027 275 1297 319 1-IXPOSlT10
1327 275 1380 317 IN
1410 275 1760 318 PSALTERIUM.

1426 369 1462 402 et
1483 365 1666 412 adjiciam
1686 376 1802 414 super
1821 376 1979 404 omnem
1999 367 2159 405 laudem
2175 370 2299 405 tuam:
2321 382 2339 403 »
2361 379 2450 406 ecce

1427 428 1508 475 spei
1519 427 1815 475 longanimitas,
1830 439 1950 476 quam
1968 439 2050 466 non
2068 429 2202 476 fatigat
2227 429 2448 478 antiquitas.

1750 532 1930 569 Articulus
1950 533 2136 569 secundus.

1475 614 1704 650 servitutem
1723 615 1928 652 toleratam
1949 616 2195 662 connotavit,
2225 619 2456 654 connecten-

1428 675 1503 712 do:
1530 677 1622 712 Tuus
1633 686 1723 722 sum,
1745 677 1856 724 quasi
1877 678 2006 716 dicat:
2031 682 2115 717 Non
2132 691 2258 727 meus,
2279 679 2348 717 sed
2365 682 2456 717 tuus

1427 748 1513 773 sum
1534 749 1541 773 :
1565 738 1673 785 quod
1696 741 1750 775 cst
1769 743 1946 787 apertum
1967 742 2160 779 servitutis
2186 743 2389 780 indicium.
2418 743 2456 780 Si

1429 799 1627 846 quaeritur,
1646 800 1687 837 in
1707 812 1787 849 quo
1808 805 1897 839 tuus
1917 815 2001 840 sum
2019 804 2308 852 :proculdubio
2321 804 2360 841 in
2380 804 2456 841 tuis

1427 864 1697 912 mirabilibus,
1721 867 1864 913 quibus
1885 878 1972 904 sum
1993 868 2200 916 attonitus3
2222 868 2262 906 in
2282 868 2358 906 tuis
2377 879 2458 906 cre-

1429 926 1617 964 dibilibus
1631 956 1643 974 ,
1665 928 1810 976 quibus
1831 941 1918 966 sum
1939 931 2119 968 subditus
2132 944 2142 978 3
2174 931 2215 968 in
2233 931 2308 970 tuis
2329 931 2457 969 delec-

1428 988 1638 1036 tabilibuS,
1660 991 1803 1037 quibus
1822 1003 1910 1028 sum
1940 993 2118 1029 irretitus.
2152 996 2249 1031 Nam
2279 993 2456 1042 profecto

1428 1051 1628 1088 mirabiles
1649 1055 1736 1090 sunt
1756 1053 1930 1100 articuli,
1952 1065 2053 1102 quos
2080 1055 2230 1092 testaris
2243 1067 2255 1101 3
2285 1055 2355 1092 sed
2375 1066 2456 1093 ore-

1428 1115 1570 1159 dibiles
1589 1119 1702 1163 sunt,
1726 1118 1915 1166 quoniam
1941 1121 2102 1167 propter
2130 1119 2189 1157 sui
2217 1121 2457 1168 contempla-

1428 1177 1577 1215 tionem
1594 1179 1755 1216 testaris.
1778 1182 1828 1217 De
1848 1181 1977 1228 primo
2003 1192 2074 1229 per
2101 1182 2336 1230 prophetam
2354 1182 2457 1230 psal-

1428 1239 1526 1276 ΙίΗε
1553 1255 1570 1273 «
1588 1240 1776 1278 Mirabilia
1796 1242 2018 1280 testimonia
2035 1246 2102 1280 tua
2116 1257 2126 1290 3
2150 1258 2168 1279 »
2195 1244 2308 1292 quasi
2327 1243 2454 1281 dicat.-

1428 1303 1618 1341 Mirabilia
1637 1307 1749 1347 sunt,
1782 1315 1869 1352 quae
1898 1305 2057 1342 testaris.
2093 1308 2144 1343 De
2175 1306 2349 1344 secundo
2386 1317 2457 1354 per

1428 1365 1670 1402 psalmistam
1692 1366 1834 1403 dicitur
1853 1367 1865 1389 ⁵
1890 1379 1898 1403 :
1922 1367 2187 1405 «Testimonia
2204 1369 2272 1405 tua
2293 1367 2458 1405 credibi-

1428 1426 1481 1463 lia
1499 1427 1599 1463 facta
1619 1430 1755 1474 sunt,»
1779 1429 1969 1476 quoniam
2005 1431 2046 1466 tu
2073 1429 2236 1466 testaris.
2257 1431 2318 1476 *De
2344 1429 2457 1467 tertio

1427 1499 1498 1536 per
1519 1489 1869 1538 psalmographum
1904 1491 2085 1528 scribitur
2103 1492 2116 1513 ⁶
2136 1503 2144 1528 ε
2172 1503 2190 1526 «
2209 1492 2252 1528 In
2271 1491 2334 1528 via
2353 1491 2458 1529 testi-

1429 1551 1657 1589 moniorum
1677 1554 1833 1589 tuorum
1854 1552 2067 1590 delectatus
2087 1564 2175 1590 sum
2189 1582 2201 1600 ,
2222 1566 2240 1589 »
2264 1553 2377 1602 quasi
2397 1553 2458 1599 di-

1429 1616 1490 1651 cat
1510 1626 1517 1650 z
1543 1613 1793 1652 Delectabilia
1809 1618 1918 1660 sunt,
1936 1618 2097 1664 propter
2114 1627 2201 1664 quae
2221 1615 2274 1653 sic
2295 1616 2455 1654 testaris.

1766 1722 1792 1756 A
1801 1721 1954 1756 rticulus
1981 1723 2122 1757 tertius.

1476 1802 1681 1839 Praemium
1708 1803 1949 1850 postulatum
1979 1804 2202 1850 annotavit,
2235 1804 2422 1842 addendo
2448 1817 2456 1842 :

1429 1864 1572 1900 Salvum
1594 1875 1647 1900 me
1666 1866 1738 1909 fac.
1761 1864 1863 1909 Quid
1884 1868 1938 1901 est
1959 1865 2192 1909 salvificari,
2219 1866 2295 1903 nisi
2318 1866 2460 1903 verita-

1429 1929 1507 1963 tem
1536 1926 1754 1963 salvificam
1785 1927 2065 1974 contemplari?
2101 1927 2200 1965 Talis
2230 1927 2459 1966 salvificatio

1430 1991 1484 2025 est
1504 1987 1597 2024 fidei
1617 1988 1894 2025 remuneratio.
1916 1990 2192 2027 Verumtamen
2203 1989 2303 2027 fides
2322 1992 2460 2038 praeter

1429 2061 1540 2098 spem
1560 2053 1596 2087 et
1616 2050 1845 2087 charitatem
1859 2061 1941 2087 non
1960 2050 2102 2088 sufficit
2121 2051 2173 2088 ad
2186 2051 2364 2089 salutem.
2386 2053 2460 2089 Un-

1430 2113 1479 2150 de
1499 2113 1741 2159 notandum,
1775 2113 1886 2160 quod
1907 2113 2004 2150 sicut
2022 2114 2275 2152 testificantur
2294 2115 2459 2163 Scriptu-

1429 2186 1505 2221 rce,
1534 2175 1721 2213 Dominus
1749 2175 1890 2222 legitur
1922 2175 2052 2213 salvos
2077 2177 2202 2214 facere
2231 2177 2459 2224 credentes,

1431 2240 1630 2284 sperantes
1644 2265 1655 2283 ,
1677 2240 1714 2273 et
1731 2237 1960 2284 diligentes3
1983 2238 2175 2285 quoniam
2191 2239 2327 2276 tribuit
2346 2249 2386 2276 se
2403 2239 2460 2277 vi-

1431 2298 1607 2336 dendum
1620 2326 1631 2344 ,
1649 2298 1863 2335 tenendum
1875 2327 1886 2345 ,
1904 2301 1940 2336 et
1957 2299 2184 2337 fruendum.
2204 2302 2255 2338 De
2274 2300 2404 2348 primo
2417 2301 2454 2337 ⁷:

1434 2375 1450 2395 u
1462 2360 1608 2397 Placuit
1628 2362 1704 2397 Deo
1720 2371 1791 2408 per
1811 2361 2011 2398 stultitiam
2026 2361 2313 2409 praedicationis
2332 2363 2460 2400 salvos

1430 2421 1557 2459 facere
1573 2423 1773 2459 credentes
1786 2435 1796 2458 :
1808 2436 1825 2458 »
1841 2423 2059 2459 secundum
2071 2426 2201 2461 autem
2216 2424 2460 2472 Dionysium,

1431 2485 1495 2522 Dei
1526 2484 1685 2521 stultitia
1716 2488 1771 2521 est
1799 2485 2209 2532 incomprehensibilis
2239 2485 2459 2534 sapientia:

1432 2557 1520 2583 ecce
1548 2546 1778 2583 salvificatio
1807 2547 2064 2584 credentium.
2089 2550 2139 2584 De
2165 2548 2339 2585 secundo
2371 2548 2462 2585 scri-

1430 2609 1593 2646 biturssz
1620 2623 1636 2641 «
1657 2609 1728 2653 Qui
1749 2609 1879 2646 salvos
1910 2609 1999 2645 facit
2030 2612 2229 2657 sperantes
2260 2610 2301 2647 in
2331 2621 2372 2647 se
2407 2623 2416 2647 :
2441 2625 2457 2644 »

1432 2681 1519 2708 ecce
1541 2670 1770 2707 salvificatio
1790 2672 2043 2718 sperantium.
2070 2674 2120 2709 De
2133 2672 2268 2719 tertio,
2290 2672 2360 2710 ubi
2378 2683 2462 2709 mu-

1431 2733 1541 2779 lieri,
1577 2745 1663 2781 quae
1691 2733 1859 2769 multum
1890 2733 2049 2779 dilexit,
2083 2733 2267 2771 Dominus
2298 2734 2395 2771 dixit
2415 2735 2457 2770 ⁹:

1435 2792 1578 2829 «Fides
1608 2795 1672 2828 tua
1698 2794 1732 2828 te
1757 2792 1905 2828 salvam
1930 2792 2018 2829 fecit
2040 2804 2048 2829 z
2071 2806 2088 2827 >³
2118 2803 2206 2829 ecce
2230 2792 2460 2830 salvificatio

1433 2854 1691 2900 diligentium.
1714 2853 1824 2890 Fides
1855 2855 1960 2891 enim
1984 2856 2040 2891 est
2064 2854 2191 2891 meriti
2226 2854 2460 2892 fundamen-

1433 2917 1534 2961 tum3
1558 2915 1627 2952 sed
1649 2914 1806 2951 dilectio
1821 2945 1832 2958 ,
1854 2916 2199 2963 complementum.

1755 3020 1945 3056 Articulus
1974 3023 2137 3066 quartus.

1481 3103 1655 3140 Meritum
1685 3103 1897 3150 allegatum
1928 3104 2182 3150 subnotavit,
2209 3104 2420 3142 subdendo
2450 3117 2458 3141 :

1437 3166 1531 3209 Quia
1545 3166 1824 3212 justificationes
1845 3169 1925 3202 tuas
1949 3169 2141 3213 eaequisivi.
2162 3167 2461 3210 ‚iustificationes

1433 3226 1661 3274 hujusmodi
1692 3228 1886 3275 pertinent
1917 3229 1969 3265 ad
1998 3229 2186 3275 justitiam
2216 3228 2336 3274 fidei,
2373 3237 2460 3274 quae

1435 3289 1629 3336 captivant
1654 3289 1892 3327 intellectum
1919 3279 2122 3327 Christiani
2152 3290 2192 3326 in
2224 3288 2460 3336 obsequium

1435 3352 1583 3389 Christi.
1605 3352 1703 3389 Talis
1723 3353 1909 3400 equidem
1928 3352 2135 3400 captivatio
2163 3362 2244 3389 non
2263 3354 2320 3388 est
2343 3351 2457 3388 intel-

1434 3413 1605 3451 lectuum
1622 3417 1818 3451 rectorum
1838 3414 2055 3451 recurvatio
2068 3440 2081 3458 ,
2103 3413 2172 3450 sed
2202 3424 2458 3451 recurvorum

1438 3499 1485 3528 14.
1506 3515 1546 3520 -—
1569 3498 1582 3519 ⁷
1614 3498 1621 3528 l
1651 3497 1742 3534 Cor„
1771 3505 1801 3536 i,
1826 3498 1877 3528 2¹.
1897 3514 1938 3519 —
1961 3497 1974 3517 ⁸
1994 3496 2083 3527 Psal.
2109 3505 2185 3537 xri,
2211 3499 2242 3529 7.
2261 3513 2301 3521 --
2327 3498 2338 3515 ²⁸
2367 3497 2459 3538 Luc„

1434 3552 1496 3585 vu,
1514 3547 1563 3576 50.
1579 3561 1614 3566 —-
1637 3544 1683 3585 (a)
1702 3543 1791 3576 Eam.
1815 3544 1890 3575 Ven.
1910 3542 2083 3582 pnaevium.

2493 1066 2614 1094 Articuli

2512 1108 2579 1135 fidei

2477 1150 2588 1184 quales.

2514 2121 2617 2149 Domi-

2480 2171 2535 2190 nus
2545 2171 2619 2198 quos

2480 2205 2582 2232 salvet.
