2633 3878
43 2010 159 2036 Monar-

15 2050 70 2077 cha
103 2059 138 2077 ve
147 2065 154 2070 -

14 2099 47 2119 ru
52 2100 76 2119 s.

841 249 891 289 lN
924 245 1304 289 HEXAEMERON.
1338 244 1513 286 SERMO
1543 244 1646 285 XXI.

173 345 373 387 convenit
393 344 491 395 Deo,
510 346 559 385 ut
577 342 700 384 estin
719 340 883 382 ratione
901 336 1204 387 beatificantis;

173 418 216 458 et
234 415 465 458 secundum
492 416 600 461 haec,
624 414 724 454 sunt
742 411 837 462 tria,
860 409 1016 451 scilicet
1037 407 1206 449 00101111-

173 491 260 537 tas,
299 487 561 536 formositas,
599 483 843 537 Jucunditas
865 494 875 522 ε
914 480 1129 522 aeternitas
1164 479 1208 520 in

174 560 322 610 Patre3
358 557 596 600 formositas
630 556 674 596 in
709 555 848 609 prole;
885 552 1133 607 Jucun‹litas
1164 551 1209 591 in

173 645 289 673 nexu
306 632 358 683 (α)
379 630 617 682 utriusque.
638 626 881 668 Secundum
904 623 1210 678 appropriatio-

174 716 273 745 nem
300 701 448 744 Hilarii
471 714 480 741 τ
509 715 528 739 <1
553 699 781 741 AEternitas
807 698 850 738 in
878 697 1022 747 Patre,
1051 695 1210 749 species

174 777 219 817 in
239 774 443 827 imagine,
464 785 568 814 usus
588 772 633 812 in
653 782 844 812 munere.
863 784 882 808 >i
905 769 1059 809 Anima
1079 767 1211 820 igitur

174 847 355 889 efficitur
374 846 509 893 beata,
532 843 635 885 dum
653 843 701 883 fit
723 841 927 894 particeps
947 838 1207 890 aeternitatis,

173 918 343 973 quando
363 917 406 957 in
422 915 629 957 memoria
648 914 782 954 Deum
803 913 945 962 habet,
959 923 1035 964 per
1058 911 1211 951 tentio-

174 1002 298 1040 nem3
330 987 616 1037 formositatis,
645 998 721 1039 per
741 983 949 1025 visionem
966 998 975 1033 ;
1003 982 1211 1035 jucundi-

174 1062 285 1113 tatis,
309 1073 386 1115 per
408 1059 670 1101 fruitionem.
700 1058 801 1099 Haec
826 1056 1097 1110 appropriata
1122 1066 1212 1095 res-

174 1134 337 1188 piciunt
364 1132 497 1173 Deum
524 1142 613 1171 non
639 1129 778 1171 solum
804 1128 850 1168 in
881 1140 939 1178 se,
969 1127 1041 1168 sed
1070 1129 1118 1168 ut
1150 1128 1213 1167 est

174 1205 430 1260 principium
458 1206 499 1245 et
526 1203 651 1255 origo
678 1200 914 1253 originans,
949 1199 1207 1252 gubernans,

173 1277 430 1318 beatificans.
450 1274 510 1315 Ex
527 1272 676 1327 primis
692 1271 929 1312 luminibus
947 1270 1208 1319 aeternitatis,

175 1347 408 1389 secundum
426 1345 540 1398 quod
560 1347 621 1384 est
639 1344 683 1384 in
703 1343 840 1396 seipsa
860 1345 899 1383 et
919 1342 971 1383 ad
996 1342 1099 1382 alias
1120 1354 1212 1395 per-

176 1430 316 1469 sonaS,
352 1417 617 1470 accipiuntur
646 1427 804 1455 novem
838 1413 1210 1463 considerationes,

175 1502 271 1544 quae.
301 1492 401 1530 sunt
429 1488 473 1528 in
501 1487 640 1540 primo
672 1485 922 1536 Monarcha,
954 1488 995 1525 et
1022 1485 1065 1525 in
1094 1485 1213 1525 nullo

175 1562 258 1603 alio
285 1561 566 1602 inveniuntur
592 1570 754 1599 omnes.
788 1557 868 1598 Iste
896 1569 1018 1609 ergo,
1049 1557 1124 1610 qui
1150 1559 1213 1597 est

175 1644 344 1675 summe
363 1632 531 1684 vigens,
554 1641 724 1670 summe
743 1628 928 1681 fulgens,
954 1641 1121 1669 summe
1142 1641 1211 1669 ca-

174 1705 280 1754 1005,
302 1704 380 1745 iste
401 1703 515 1744 solus
538 1705 599 1743 est
624 1701 824 1754 Princeps
848 1700 1106 1752 aeternitatis,
1136 1700 1213 1753 qui

175 1779 237 1817 est
264 1775 520 1830 principium
551 1774 595 1814 in
624 1773 915 1827 producendo,
948 1772 1138 1814 medium
1168 1773 1214 1813 in

179 1848 470 1901 gubernando,
493 1846 592 1887 finis
611 1846 655 1886 111
675 1844 970 1895 beatificando,
992 1845 1001 1866 ¹
1024 1845 1100 1884 «in
1119 1857 1211 1885 om-

176 1920 301 1961 nibus
332 1919 563 1973 primatum
594 1920 756 1958 tenens.
786 1931 804 1954 1)
835 1917 897 1958 Ad
932 1916 1012 1957 hoc
1045 1920 1209 1968 autem,

178 1992 291 2046 quod
311 1991 363 2032 sit
383 2002 509 2031 verus
525 1989 771 2039 monarcha,
792 1988 914 2029 debet
933 2001 1022 2029 esse
1042 2001 1214 2029 summa

175 2063 419 2105 celsitudine
438 2062 612 2116 pollens,
639 2074 809 2102 summa
835 2061 1081 2102 fortitudine
1100 2074 1210 2115 prae-

175 2136 328 2186 sidens,
356 2146 527 2175 summa
551 2133 772 2174 dulcedine
801 2145 988 2186 pascens
1018 2133 1213 2175 Primum

176 2207 304 2259 Patri,
327 2207 558 2249 secundum
572 2205 693 2256 Filio,
711 2205 884 2246 tertium
901 2205 1077 2258 Spiritui
1097 2217 1213 2246 sanc·

174 2283 230 2320 to.
253 2279 432 2321 Summa
451 2278 566 2319 enim
592 2277 841 2318 celsitudine
865 2276 992 2330 pollet
1018 2276 1142 2318 Pater
1168 2278 1212 2318 in

175 2365 243 2404 50;
267 2365 438 2393 summa
456 2351 703 2392 celsitudine
723 2349 850 2403 pollet
870 2350 914 2389 111
934 2349 1039 2390 Filio
1055 2365 1064 2400 ;
1088 2349 1211 2390 simi—

171 2423 269 2465 liter
287 2424 333 2464 in
354 2423 517 2477 Spiritu
543 2425 702 2463 sancto.
730 2421 846 2461 Idem
872 2421 923 2462 de
948 2421 1210 2472 fortitudine,

176 2497 217 2536 et
236 2507 406 2535 summa
424 2493 657 2535 dulcedine.
680 2492 898 2533 Habemus
919 2504 1023 2545 ergo
1044 2505 1213 2533 monar-

177 2566 300 2607 cham
323 2577 491 2606 summe
516 2564 760 2618 pollentem,
783 2564 872 2605 sive
897 2564 1210 2617 praesidentem,

176 2641 216 2680 et
229 2637 471 2679 dulcissime
485 2639 741 2691 pascentem.
755 2635 816 2677 Ad
832 2636 913 2678 hoc
927 2639 1084 2688 autem,
1099 2637 1212 2690 quod

176 2711 230 2751 sit
249 2721 416 2751 summe
436 2709 612 2763 pollens,
631 2720 800 2749 necesse
822 2711 884 2749 est
904 2711 951 2750 ut
971 2710 1023 2750 sit
1044 2723 1213 2752 summe

176 2784 361 2832 sanctus,
383 2793 550 2822 summe
569 2781 750 2834 sapiens,
775 2783 816 2822 et
836 2793 1003 2823 summe
1027 2786 1175 2836 potens
1201 2798 1209 2824 z

176 2866 343 2895 summe
366 2857 550 2905 sanctus,
571 2853 616 2894 in
635 2853 851 2906 diligendo
874 2854 1012 2905 bona3
1042 2868 1214 2897 summe

110 2915 116 2921 ’
177 2926 356 2979 sapiens,
366 2926 410 2966 in
421 2926 698 2967 discernendo
715 2938 838 2976 vera3
858 2939 1027 2968 summe
1045 2931 1209 2981 potens,

178 3010 253 3039 seu
288 2998 470 3048 stabilis,
505 2998 551 3039 in
585 2999 834 3052 exequendo
863 3000 994 3052 justa.
1032 2999 1213 3042 Summa

178 3068 383 3110 stabilitas
420 3070 619 3111 convenit
656 3069 790 3121 Patri,
825 3070 1061 3111 secundum
1100 3073 1212 3125 quod

177 3142 240 3182 est
264 3152 432 3181 summe
457 3140 500 3180 in
523 3153 588 3192 se3
619 3142 827 3195 sapientia
851 3153 1037 3192 summa,
1066 3155 1214 3186 secun-

177 3213 283 3255 dum
311 3213 424 3266 quod
447 3216 510 3254 est
534 3213 580 3254 in
607 3213 715 3255 Filio
741 3227 750 3255 z
785 3225 956 3254 summa
988 3215 1210 3268 sanctitas,

179 3285 414 3327 secundum
445 3285 560 3339 quod
593 3288 654 3326 est
684 3285 728 3326 in
766 3285 928 3339 Spiritu
957 3289 1116 3328 sancto.
1148 3287 1214 3329 Ad

180 3355 261 3398 hoc
302 3360 469 3409 autem,
509 3357 621 3411 quod
663 3357 717 3398 sit
753 3369 924 3399 summa
968 3357 1214 3411 fortitudine

182 3425 439 3479 111-0151110115,
472 3438 643 3468 11000550
679 3429 764 3478 est,
801 3426 911 3480 quod
950 3426 1003 3467 sit
1039 3438 1211 3469 monar-

227 3530 272 3573 (α)
293 3532 375 3565 Coet.
399 3533 480 3567 edz't.
502 3535 715 3577 jucunditas,
742 3544 866 3568 nexus.
887 3552 927 3558 -
954 3534 999 3577 (b)
1026 3535 1108 3568 Caet.
1130 3537 1211 3570 edit.

183 3579 410 3624 auctenticus,
430 3583 462 3614 et
485 3583 535 3616 sic
552 3583 714 3626 deinceps,
743 3601 779 3607 -
805 3583 841 3625 (c)
866 3583 946 3617 Caet.
967 3582 1047 3616 edit.
1070 3583 1210 3617 solicite.

2251 250 2320 288 135

1285 336 1364 376 cha
1403 345 1571 376 summe
1598 334 1868 377 authenticus
1907 337 1954 390 (b)
1991 336 2036 377 in
2069 334 2319 390 praecipien-

1285 407 1366 458 do,
1404 406 1662 461 praevalidus
1697 407 1741 446 in
1779 408 2098 460 prosequendo,
2137 406 2322 449 invictus

1285 479 1335 520 10
1352 479 1402 519 tri
1412 478 1668 532 ampliando.
1699 478 1980 519 Authenticus
2002 478 2045 518 in
2066 478 2322 519 instituendo

1285 550 1435 602 leges;
1476 549 1760 603 praevalidus,
1799 549 1867 590 vel
1899 549 2059 599 virilis,
2093 550 2139 589 in
2173 549 2322 591 minis-

1286 622 1435 663 trando
1456 621 1591 671 vires3
1619 621 1817 670 invictus,
1837 620 1881 660 in
1903 621 2141 672 superando
2162 621 2316 662 hostes.

1287 693 1525 734 Nobilitatis
1555 695 1646 743 est,
1684 693 1798 745 quod
1828 693 1936 734 Deus
1965 693 2119 733 habeat
2151 692 2317 742 hostes,

1287 765 1358 806 ubi
1389 767 1589 817 appareat
1606 764 1871 804 victoriosus.
1904 764 2143 804 Auctoritas
2166 776 2322 804 conve-

1286 837 1350 878 nit
1370 835 1500 889 Filio,
1530 836 1765 876 secundum
1787 835 1899 888 quod
1928 837 1991 876 est
2024 834 2156 875 Filius
2178 834 2223 875 in
2244 834 2325 876 Pa-

1286 912 1376 959 tre3
1408 908 1603 958 virilitas,
1633 908 1675 948 in
1697 908 1856 961 seipso;
1892 907 2153 959 triumphus,
2187 909 2236 947 ut
2262 909 2327 947 est

1287 982 1330 1022 in
1352 980 1515 1033 Spiritu
1541 984 1699 1020 sancto.
1732 980 1783 1021 Et
1802 980 1847 1020 111
1877 979 1941 1019 1115
1973 979 2167 1019 consistit
2187 979 2326 1021 media

1287 1052 1527 1094 hierarchia
1542 1053 1751 1105 angelica,
1770 1063 1867 1105 quae
1885 1051 2184 1104 appropriatur
2198 1050 2320 1102 Filio,

1286 1128 1335 1166 ut
1357 1125 1527 1178 patebit.
1551 1124 1710 1174 Tertio,
1735 1123 1848 1176 quod
1870 1122 1923 1162 sit
1953 1133 2120 1162 summe
2149 1124 2322 1175 potens,

1288 1208 1459 1237 necesse
1479 1198 1564 1243 est,
1594 1198 1641 1236 ut
1671 1196 1723 1236 sit
1748 1206 1916 1235 summe
1945 1196 2166 1244 strenuus,
2194 1194 2324 1235 indu-

1288 1269 1420 1310 cendo
1445 1301 1455 1318 ,
1496 1268 1562 1309 vel
1599 1267 1852 1321 praeeundo,
1876 1265 1944 1306 vel
1964 1265 2321 1306 manuducendo:

1289 1353 1458 1381 summe
1481 1352 1617 1392 sagax
1646 1340 1691 1380 in
1719 1339 1973 1390 erudiendo,
2008 1350 2175 1378 summe
2196 1337 2324 1378 sedu-

1288 1412 1354 1453 lus
1373 1413 1418 1452 in
1439 1411 1710 1453 custodiendo
1728 1426 1736 1452 :
1754 1414 1802 1452 ut
1822 1411 1881 1451 sic
1901 1413 2074 1451 strenue
2095 1409 2320 1462 praecedat,

1288 1485 1498 1537 sagaciter
1515 1485 1680 1533 doceat,
1713 1483 1887 1524 sollicite
1917 1482 1961 1535 (c)
1990 1481 2218 1532 custodiat;
2249 1482 2326 1522 de-

1288 1556 1414 1597 ducat
1433 1568 1507 1609 per
1527 1556 1724 1608 exempla
1737 1587 1746 1605 ,
1771 1555 1937 1596 erudiat
1956 1567 2031 1607 per
2050 1554 2319 1605 documenta,

1290 1627 1498 1668 custodiat
1532 1638 1608 1680 per
1645 1626 1922 1679 adjutorium.
1960 1624 2011 1666 Et
2059 1625 2119 1665 510
2159 1624 2322 1674 educit,

1289 1699 1523 1741 secundum
1553 1699 1667 1752 quod
1703 1700 1766 1739 est
1797 1698 1841 1737 in
1874 1697 1997 1737 Patre
2031 1711 2040 1737 ε
2074 1696 2242 1746 erudit,
2277 1698 2325 1737 ut

1289 1774 1351 1812 est
1383 1771 1429 1811 in
1467 1770 1599 1821 Filio;
1643 1769 1860 1820 custodit,
1905 1771 1953 1809 ut
1991 1770 2054 1809 est
2088 1769 2133 1808 in
2172 1768 2323 1821 seipso.

1288 1843 1352 1884 Ad
1388 1843 1506 1883 hunc
1543 1842 1676 1883 solem
1716 1842 1927 1894 aspiciunt
1963 1852 2111 1880 omnes
2153 1840 2325 1893 spiritus

1288 1915 1512 1966 coelestes,
1554 1918 1595 1955 et
1640 1914 1922 1955 subcoelestes,
1972 1912 2021 1953 ln
2060 1913 2126 1953 his
2168 1924 2327 1953 novem

1289 1991 1482 2028 creatura
1501 1986 1775 2037 assimilatur,
1796 1989 1847 2026 ,ut
1869 1988 2025 2037 potest,
2051 1984 2250 2025 Creatori.
2274 1984 2327 2025 Et

1287 2060 1364 2100 has
1385 2059 1718 2100 illuminationes
1748 2058 1890 2111 primo
1920 2056 2129 2109 recipiunt
2163 2058 2326 2096 mentes

1287 2132 1564 2172 hierarchicae
1593 2143 1667 2183 per
1693 2130 1897 2182 gloriam,
1927 2133 1974 2168 ut
2007 2127 2151 2179 angeli
2173 2130 2213 2168 et
2238 2127 2326 2167 ani-

1287 2216 1371 2245 mae
1406 2204 1574 2254 bealae,
1611 2203 1711 2256 quia
1741 2201 1811 2242 ille
1845 2200 1907 2241 sol
1938 2200 2075 2253 primo
2109 2199 2327 2240 illuminat

1287 2276 1402 2327 illos,
1426 2279 1464 2316 et
1482 2288 1557 2329 per
1578 2274 1670 2315 illos
1690 2285 1767 2314 nos
1791 2287 1799 2314 :
1823 2273 1924 2326 quia
1944 2272 2046 2312 ordo
2068 2274 2151 2322 est,
2187 2274 2235 2311 ut
2270 2271 2322 2312 il-

1286 2348 1482 2388 lustratio
1504 2348 1576 2387 fiat
1596 2346 1734 2399 primo
1760 2357 1910 2386 eorum
1934 2355 2031 2398 qnae
2051 2346 2153 2384 sunt
2173 2343 2251 2383 sihi
2273 2342 2326 2383 51-

2374 2371 2452 2400 Ordo

1287 2419 1455 2460 miliora
1484 2423 1525 2460 et
1543 2418 1877 2472 propinquiora3
1899 2416 2013 2457 unde
2043 2419 2083 2456 et
2110 2415 2230 2456 locus
2251 2427 2321 2455 su·
2352 2413 2479 2460 {llussfflb

1286 2503 1460 2544 premus
1477 2491 1599 2531 datus
1616 2493 1677 2531 est
1698 2490 1773 2530 eis.
1798 2489 1859 2529 Illi
1880 2491 2026 2528 autem
2048 2487 2122 2540 qui
2147 2486 2325 2527 rebelles

1287 2565 1409 2613 sunt,
1432 2562 1499 2602 his
1530 2562 1768 2603 luminibus
1800 2562 2020 2601 corruunt.
2051 2558 2102 2599 Et
2133 2571 2185 2598 ex
2212 2558 2320 2609 hoc,

1286 2635 1399 2688 quod
1426 2635 1566 2688 angeli
1599 2635 1740 2688 primo
1771 2633 1984 2686 recipiunt
2016 2631 2325 2684 configuratio-

1286 2721 1386 2749 nem
1408 2709 1671 2756 deiformem,
1688 2710 1729 2749 et
1749 2705 2074 2756 hierarchicam,
2098 2707 2139 2745 et
2153 2715 2325 2745 sacrum

1286 2780 1481 2821 obtinent
1514 2780 1825 2833 principatum,
1863 2789 1938 2831 per
1968 2776 2061 2818 illos
2091 2775 2325 2817 hierarchi-

1287 2855 1407 2892 zatur
1421 2851 1619 2892 Ecclesia.
1644 2850 1716 2892 Est
1735 2853 1881 2891 autem
1898 2843 2153 2899 hierarchia,
2170 2859 2324 2888 secun-

1286 2925 1390 2966 dum
1412 2923 1717 2977 Dionysium2,
1742 2922 1844 2964 ordo
1865 2921 2060 2971 divinus,
2092 2919 2266 2960 scientia
2283 2923 2324 2961 et

1287 2997 1393 3038 actio
1414 2996 1465 3036 ad
1489 2996 1737 3036 deiformem
1753 3027 1763 3046 ,
1786 2996 1995 3048 quantum
2016 2991 2214 3045 possibile
2235 2992 2318 3040 est,

1287 3068 1540 3118 assimilata,
1564 3070 1606 3108 et
1635 3067 1685 3108 ad
1712 3067 1869 3108 inditas
1895 3065 1933 3106 ei
1960 3063 2292 3105 illuminationes
2308 3095 2319 3114 ,

1287 3139 1659 3194 proportionaliter
1679 3139 1723 3179 in
1746 3138 1813 3179 Dei
1842 3136 2164 3178 similitudinem
2182 3146 2322 3175 ascen-

1287 3213 1404 3254 dens.
1437 3211 1547 3254 Ordo
1581 3211 1806 3264 respondet
1837 3209 1977 3260 Patri,
2006 3207 2181 3248 scientia
2204 3217 2323 3247 sacra

1288 3285 1415 3337 Filio,
1433 3284 1622 3338 operatio
1645 3282 1824 3337 Spiritui
1844 3284 2002 3323 sancto.
2026 3279 2144 3321 Unde
2162 3279 2323 3319 hierar-

1288 3357 1383 3398 chia
1414 3356 1513 3397 dicit
1541 3355 1792 3409 potentiam,
1817 3352 2035 3394 scientiam
2054 3383 2066 3401 ,
2095 3350 2320 3391 actionem.

1291 3428 1481 3471 Potentia
1493 3427 1608 3469 enim
1626 3427 1716 3468 sine
1736 3425 1911 3466 scientia
1929 3424 2060 3465 hebes
2077 3425 2165 3464 est:
2188 3421 2324 3463 scien-

1286 3502 1345 3542 tia
1358 3501 1447 3541 sinc
1463 3500 1626 3541 actione
1643 3498 1905 3539 infructuosa
1919 3498 1995 3537 est.
2015 3493 2080 3537 Ex
2092 3494 2174 3536 hoc
2187 3494 2320 3545 enim,

1332 3586 1338 3604 ¹
1362 3583 1500 3624 Coloss„
1522 3590 1546 3624 1,
1568 3583 1618 3615 18.
1639 3599 1681 3606 —
1700 3581 1714 3603 ¹
1733 3580 1844 3621 Dion.,
1865 3579 1907 3612 de
1929 3578 2008 3613 Goel.
2029 3579 2137 3619 Hier„
2159 3587 2188 3610 c.
2208 3585 2259 3610 10.

2344 2457 2444 2483 tionis.
