<?xml version="1.0" encoding="UTF-8"?>
<!DOCTYPE html PUBLIC "-//W3C//DTD XHTML 1.0 Transitional//EN"
    "http://www.w3.org/TR/xhtml1/DTD/xhtml1-transitional.dtd">
<html xmlns="http://www.w3.org/1999/xhtml" xml:lang="en" lang="en">
 <head>
  <title>
</title>
<meta http-equiv="Content-Type" content="text/html;charset=utf-8" />
  <meta name='ocr-system' content='tesseract 3.04.00' />
  <meta name='ocr-capabilities' content='ocr_page ocr_carea ocr_par ocr_line ocrx_word'/>
</head>
<body>
  <div class='ocr_page' id='page_1' title='image "./operaomniasixtiv09bonauoft/operaomniasixtiv09bonauoft_0060.png"; bbox 0 0 2633 3878; ppageno 0'>
   <div class='ocr_carea' id='block_1_1' title="bbox 296 277 346 315">
    <p class='ocr_par' dir='ltr' id='par_1_1' title="bbox 296 277 346 315">
     <span class='ocr_line' id='line_1_1' title="bbox 296 277 346 315; baseline -0.02 0"><span class='ocrx_word' id='word_1_1' title='bbox 296 277 346 315; x_wconf 65' lang='lat'>34</span> 
     </span>
    </p>
   </div>
   <div class='ocr_carea' id='block_1_2' title="bbox 246 345 1306 408">
    <p class='ocr_par' dir='ltr' id='par_1_2' title="bbox 246 345 1306 408">
     <span class='ocr_line' id='line_1_2' title="bbox 246 345 1306 408; baseline -0.011 -3"><span class='ocrx_word' id='word_1_2' title='bbox 246 345 251 348; x_wconf 35' lang='lat'>⁵</span> <span class='ocrx_word' id='word_1_3' title='bbox 289 361 463 404; x_wconf 83' lang='lat' dir='ltr'>tenebra</span> <span class='ocrx_word' id='word_1_4' title='bbox 487 358 587 408; x_wconf 87' lang='lat' dir='ltr'>odii,</span> <span class='ocrx_word' id='word_1_5' title='bbox 605 356 826 399; x_wconf 88' lang='lat' dir='ltr'>tenebrosa</span> <span class='ocrx_word' id='word_1_6' title='bbox 843 357 1012 408; x_wconf 87' lang='lat' dir='ltr'>reputat</span> <span class='ocrx_word' id='word_1_7' title='bbox 1031 366 1158 407; x_wconf 84' lang='lat' dir='ltr'>opera</span> <span class='ocrx_word' id='word_1_8' title='bbox 1179 354 1306 396; x_wconf 83' lang='lat' dir='ltr'>exosi.</span> 
     </span>
    </p>
   </div>
   <div class='ocr_carea' id='block_1_3' title="bbox 286 425 1312 693">
    <p class='ocr_par' dir='ltr' id='par_1_3' title="bbox 286 425 1312 693">
     <span class='ocr_line' id='line_1_3' title="bbox 291 425 1312 481; baseline -0.008 -8"><span class='ocrx_word' id='word_1_9' title='bbox 291 432 425 473; x_wconf 87' lang='lat' dir='ltr'>Iratus</span> <span class='ocrx_word' id='word_1_10' title='bbox 445 430 560 471; x_wconf 86' lang='lat' dir='ltr'>Plato</span> <span class='ocrx_word' id='word_1_11' title='bbox 582 432 593 454; x_wconf 91' lang='lat'>¹</span> <span class='ocrx_word' id='word_1_12' title='bbox 613 462 621 480; x_wconf 87' lang='lat'>,</span> <span class='ocrx_word' id='word_1_13' title='bbox 646 439 847 481; x_wconf 88' lang='lat' dir='ltr'>suspenso</span> <span class='ocrx_word' id='word_1_14' title='bbox 876 425 1069 477; x_wconf 75' lang='lat' dir='ltr'>flagello,</span> <span class='ocrx_word' id='word_1_15' title='bbox 1091 437 1177 465; x_wconf 88' lang='lat' dir='ltr'>non</span> <span class='ocrx_word' id='word_1_16' title='bbox 1200 437 1312 478; x_wconf 81' lang='lat' dir='ltr'>prae—</span> 
     </span>
     <span class='ocr_line' id='line_1_4' title="bbox 289 496 1312 554; baseline -0.009 -11"><span class='ocrx_word' id='word_1_17' title='bbox 289 503 464 554; x_wconf 78' lang='lat' dir='ltr'>sumpsit</span> <span class='ocrx_word' id='word_1_18' title='bbox 476 501 665 553; x_wconf 79' lang='lat' dir='ltr'>judicare</span> <span class='ocrx_word' id='word_1_19' title='bbox 679 511 868 539; x_wconf 83' lang='lat' dir='ltr'>servum.</span> <span class='ocrx_word' id='word_1_20' title='bbox 888 497 1013 537; x_wconf 51' lang='lat' dir='ltr'>Debet¹</span> <span class='ocrx_word' id='word_1_21' title='bbox 1027 499 1167 536; x_wconf 80' lang='lat' dir='ltr'>antem</span> <span class='ocrx_word' id='word_1_22' title='bbox 1179 496 1312 548; x_wconf 78' lang='lat' dir='ltr'>judex</span> 
     </span>
     <span class='ocr_line' id='line_1_5' title="bbox 288 569 1311 619; baseline -0.007 -6"><span class='ocrx_word' id='word_1_23' title='bbox 288 574 443 613; x_wconf 71' lang='lat' dir='ltr'>haben=</span> <span class='ocrx_word' id='word_1_24' title='bbox 465 572 622 612; x_wconf 55' lang='lat' dir='ltr'>notitia*</span> <span class='ocrx_word' id='word_1_25' title='bbox 642 571 885 611; x_wconf 69' lang='lat' dir='ltr'>claritatem.</span> <span class='ocrx_word' id='word_1_26' title='bbox 908 570 920 589; x_wconf 72' lang='lat'>‘2</span> <span class='ocrx_word' id='word_1_27' title='bbox 947 583 965 605; x_wconf 68' lang='grc' dir='ltr'>ι(</span> <span class='ocrx_word' id='word_1_28' title='bbox 984 569 1161 608; x_wconf 79' lang='lat' dir='ltr'>Causam</span> <span class='ocrx_word' id='word_1_29' title='bbox 1182 578 1311 619; x_wconf 80' lang='lat' dir='ltr'>quam</span> 
     </span>
     <span class='ocr_line' id='line_1_6' title="bbox 286 638 1304 693; baseline -0.009 -10"><span class='ocrx_word' id='word_1_30' title='bbox 286 644 522 684; x_wconf 59' lang='lat' dir='ltr'>nesviebam</span> <span class='ocrx_word' id='word_1_31' title='bbox 540 674 551 691; x_wconf 87' lang='lat'><em>‚</em></span> <span class='ocrx_word' id='word_1_32' title='bbox 574 640 898 693; x_wconf 66' lang='lat' dir='ltr'>diligmtissime</span> <span class='ocrx_word' id='word_1_33' title='bbox 931 638 1258 689; x_wconf 68' lang='lat' dir='ltr'>investigabam.</span> <span class='ocrx_word' id='word_1_34' title='bbox 1286 652 1304 674; x_wconf 76' lang='lat' dir='ltr'>n</span> 
     </span>
    </p>
   </div>
   <div class='ocr_carea' id='block_1_4' title="bbox 232 706 1311 763">
    <p class='ocr_par' dir='ltr' id='par_1_4' title="bbox 232 706 1311 763">
     <span class='ocr_line' id='line_1_7' title="bbox 232 706 1311 763; baseline -0.007 -8"><span class='ocrx_word' id='word_1_35' title='bbox 232 740 234 742; x_wconf 97' lang='lat'>-</span> <span class='ocrx_word' id='word_1_36' title='bbox 284 715 418 756; x_wconf 79' lang='lat' dir='ltr'>Amici</span> <span class='ocrx_word' id='word_1_37' title='bbox 448 714 524 754; x_wconf 87' lang='lat' dir='ltr'>Job</span> <span class='ocrx_word' id='word_1_38' title='bbox 559 711 798 763; x_wconf 71' lang='lat' dir='ltr'>arguebant</span> <span class='ocrx_word' id='word_1_39' title='bbox 827 721 924 750; x_wconf 83' lang='lat' dir='ltr'>cum</span> <span class='ocrx_word' id='word_1_40' title='bbox 963 709 1146 748; x_wconf 77' lang='lat' dir='ltr'>(licentes</span> <span class='ocrx_word' id='word_1_41' title='bbox 1173 706 1311 748; x_wconf 84' lang='lat' dir='ltr'>:Deus</span> 
     </span>
    </p>
   </div>
   <div class='ocr_carea' id='block_1_5' title="bbox 273 779 1309 2980">
    <p class='ocr_par' dir='ltr' id='par_1_5' title="bbox 273 779 1309 1397">
     <span class='ocr_line' id='line_1_8' title="bbox 279 779 1309 838; baseline -0.009 -11"><span class='ocrx_word' id='word_1_42' title='bbox 279 787 443 838; x_wconf 88' lang='lat' dir='ltr'>justum</span> <span class='ocrx_word' id='word_1_43' title='bbox 462 796 548 825; x_wconf 88' lang='lat' dir='ltr'>non</span> <span class='ocrx_word' id='word_1_44' title='bbox 568 783 689 836; x_wconf 89' lang='lat' dir='ltr'>punit</span> <span class='ocrx_word' id='word_1_45' title='bbox 710 797 718 831; x_wconf 91' lang='lat'>;</span> <span class='ocrx_word' id='word_1_46' title='bbox 743 786 780 821; x_wconf 89' lang='lat' dir='ltr'>te</span> <span class='ocrx_word' id='word_1_47' title='bbox 801 784 944 821; x_wconf 85' lang='lat' dir='ltr'>autem</span> <span class='ocrx_word' id='word_1_48' title='bbox 967 779 1113 832; x_wconf 83' lang='lat' dir='ltr'>punit3</span> <span class='ocrx_word' id='word_1_49' title='bbox 1137 790 1243 830; x_wconf 77' lang='lat' dir='ltr'>ergo</span> <span class='ocrx_word' id='word_1_50' title='bbox 1264 781 1309 819; x_wconf 87' lang='lat' dir='ltr'>tu</span> 
     </span>
     <span class='ocr_line' id='line_1_9' title="bbox 283 851 1308 909; baseline -0.007 -11"><span class='ocrx_word' id='word_1_51' title='bbox 283 870 367 899; x_wconf 87' lang='lat' dir='ltr'>non</span> <span class='ocrx_word' id='word_1_52' title='bbox 389 870 431 897; x_wconf 70' lang='lat' dir='ltr'>es</span> <span class='ocrx_word' id='word_1_53' title='bbox 447 859 602 909; x_wconf 84' lang='lat' dir='ltr'>justus.</span> <span class='ocrx_word' id='word_1_54' title='bbox 625 854 702 895; x_wconf 88' lang='lat' dir='ltr'>Job</span> <span class='ocrx_word' id='word_1_55' title='bbox 721 854 996 906; x_wconf 78' lang='lat' dir='ltr'>respondebat</span> <span class='ocrx_word' id='word_1_56' title='bbox 1015 853 1027 875; x_wconf 80' lang='lat'><strong>³</strong></span> <span class='ocrx_word' id='word_1_57' title='bbox 1051 867 1059 893; x_wconf 87' lang='lat'>:</span> <span class='ocrx_word' id='word_1_58' title='bbox 1090 868 1107 890; x_wconf 71' lang='lat' dir='ltr'>c(</span> <span class='ocrx_word' id='word_1_59' title='bbox 1128 851 1308 892; x_wconf 89' lang='lat' dir='ltr'>Conver-</span> 
     </span>
     <span class='ocr_line' id='line_1_10' title="bbox 281 923 1305 975; baseline -0.006 -7"><span class='ocrx_word' id='word_1_60' title='bbox 281 929 417 969; x_wconf 82' lang='lat' dir='ltr'>tiniini</span> <span class='ocrx_word' id='word_1_61' title='bbox 438 928 487 967; x_wconf 70' lang='lat' dir='ltr'>ml</span> <span class='ocrx_word' id='word_1_62' title='bbox 509 939 577 967; x_wconf 85' lang='lat' dir='ltr'>me</span> <span class='ocrx_word' id='word_1_63' title='bbox 597 938 760 975; x_wconf 86' lang='lat' dir='ltr'>omnes,</span> <span class='ocrx_word' id='word_1_64' title='bbox 783 928 824 966; x_wconf 84' lang='lat' dir='ltr'>et</span> <span class='ocrx_word' id='word_1_65' title='bbox 844 925 997 973; x_wconf 83' lang='lat' dir='ltr'>venite,</span> <span class='ocrx_word' id='word_1_66' title='bbox 1021 927 1061 964; x_wconf 88' lang='lat' dir='ltr'>et.</span> <span class='ocrx_word' id='word_1_67' title='bbox 1083 936 1167 963; x_wconf 89' lang='lat' dir='ltr'>non</span> <span class='ocrx_word' id='word_1_68' title='bbox 1187 923 1305 963; x_wconf 89' lang='lat' dir='ltr'>inve-</span> 
     </span>
     <span class='ocr_line' id='line_1_11' title="bbox 281 993 1308 1049; baseline -0.007 -9"><span class='ocrx_word' id='word_1_69' title='bbox 281 1000 395 1040; x_wconf 86' lang='lat' dir='ltr'>niam</span> <span class='ocrx_word' id='word_1_70' title='bbox 427 999 469 1038; x_wconf 88' lang='lat' dir='ltr'>in</span> <span class='ocrx_word' id='word_1_71' title='bbox 491 998 610 1038; x_wconf 70' lang='lat' dir='ltr'>vobis</span> <span class='ocrx_word' id='word_1_72' title='bbox 630 997 768 1037; x_wconf 87' lang='lat' dir='ltr'>ullum</span> <span class='ocrx_word' id='word_1_73' title='bbox 789 996 1036 1049; x_wconf 87' lang='lat' dir='ltr'>sapientem.</span> <span class='ocrx_word' id='word_1_74' title='bbox 1058 1010 1076 1032; x_wconf 88' lang='lat'>»</span> <span class='ocrx_word' id='word_1_75' title='bbox 1102 993 1148 1033; x_wconf 89' lang='lat' dir='ltr'>ln</span> <span class='ocrx_word' id='word_1_76' title='bbox 1168 993 1308 1034; x_wconf 86' lang='lat' dir='ltr'>Evan-</span> 
     </span>
     <span class='ocr_line' id='line_1_12' title="bbox 282 1066 1306 1122; baseline -0.008 -11"><span class='ocrx_word' id='word_1_77' title='bbox 282 1070 393 1122; x_wconf 78' lang='lat' dir='ltr'>gelio</span> <span class='ocrx_word' id='word_1_78' title='bbox 423 1069 573 1109; x_wconf 77' lang='lat' dir='ltr'>(licitur</span> <span class='ocrx_word' id='word_1_79' title='bbox 595 1068 608 1089; x_wconf 44' lang='lat' dir='ltr'>t</span> <span class='ocrx_word' id='word_1_80' title='bbox 642 1083 650 1108; x_wconf 91' lang='lat'>:</span> <span class='ocrx_word' id='word_1_81' title='bbox 689 1084 707 1105; x_wconf 76' lang='grc' dir='ltr'>α</span> <span class='ocrx_word' id='word_1_82' title='bbox 740 1067 871 1108; x_wconf 84' lang='lat' dir='ltr'>Nolite.</span> <span class='ocrx_word' id='word_1_83' title='bbox 901 1066 1119 1119; x_wconf 80' lang='lat' dir='ltr'>judicare,</span> <span class='ocrx_word' id='word_1_84' title='bbox 1149 1067 1189 1105; x_wconf 86' lang='lat' dir='ltr'>et</span> <span class='ocrx_word' id='word_1_85' title='bbox 1221 1075 1306 1104; x_wconf 87' lang='lat' dir='ltr'>non</span> 
     </span>
     <span class='ocr_line' id='line_1_13' title="bbox 273 1135 1307 1195; baseline -0.006 -14"><span class='ocrx_word' id='word_1_86' title='bbox 273 1141 584 1195; x_wconf 69' lang='lat' dir='ltr'>jiidicaliimini.</span> <span class='ocrx_word' id='word_1_87' title='bbox 603 1156 620 1178; x_wconf 63' lang='lat'>&gt;³</span> <span class='ocrx_word' id='word_1_88' title='bbox 642 1140 690 1181; x_wconf 87' lang='lat' dir='ltr'>Et</span> <span class='ocrx_word' id='word_1_89' title='bbox 712 1138 938 1193; x_wconf 69' lang='lat' dir='ltr'>Apostolus</span> <span class='ocrx_word' id='word_1_90' title='bbox 956 1138 1054 1178; x_wconf 86' lang='lat' dir='ltr'>dicit</span> <span class='ocrx_word' id='word_1_91' title='bbox 1069 1141 1082 1161; x_wconf 77' lang='lat'>⁵</span> <span class='ocrx_word' id='word_1_92' title='bbox 1105 1151 1112 1177; x_wconf 91' lang='lat'><strong>:</strong></span> <span class='ocrx_word' id='word_1_93' title='bbox 1137 1135 1307 1177; x_wconf 72' lang='lat' dir='ltr'>«Nolite</span> 
     </span>
     <span class='ocr_line' id='line_1_14' title="bbox 278 1207 1306 1266; baseline -0.011 -10"><span class='ocrx_word' id='word_1_94' title='bbox 278 1217 373 1256; x_wconf 74' lang='lat' dir='ltr'>ante</span> <span class='ocrx_word' id='word_1_95' title='bbox 398 1216 566 1266; x_wconf 73' lang='lat' dir='ltr'>tempus</span> <span class='ocrx_word' id='word_1_96' title='bbox 598 1212 813 1264; x_wconf 83' lang='lat' dir='ltr'>judicare,</span> <span class='ocrx_word' id='word_1_97' title='bbox 850 1210 1128 1263; x_wconf 85' lang='lat' dir='ltr'>quoadusque</span> <span class='ocrx_word' id='word_1_98' title='bbox 1163 1207 1306 1247; x_wconf 63' lang='lat' dir='ltr'>veniat</span> 
     </span>
     <span class='ocr_line' id='line_1_15' title="bbox 277 1279 1308 1336; baseline -0.007 -11"><span class='ocrx_word' id='word_1_99' title='bbox 277 1284 498 1335; x_wconf 83' lang='lat' dir='ltr'>Dominus,</span> <span class='ocrx_word' id='word_1_100' title='bbox 521 1284 594 1336; x_wconf 69' lang='lat' dir='ltr'>qni</span> <span class='ocrx_word' id='word_1_101' title='bbox 608 1286 647 1324; x_wconf 87' lang='lat' dir='ltr'>et</span> <span class='ocrx_word' id='word_1_102' title='bbox 663 1281 919 1323; x_wconf 73' lang='lat' dir='ltr'>illuminabit</span> <span class='ocrx_word' id='word_1_103' title='bbox 937 1279 1181 1321; x_wconf 87' lang='lat' dir='ltr'>abscondita</span> <span class='ocrx_word' id='word_1_104' title='bbox 1194 1282 1308 1319; x_wconf 86' lang='lat' dir='ltr'>tene-</span> 
     </span>
     <span class='ocr_line' id='line_1_16' title="bbox 277 1357 508 1397; baseline -0.009 0"><span class='ocrx_word' id='word_1_105' title='bbox 277 1357 468 1397; x_wconf 85' lang='lat' dir='ltr'>brarum.</span> <span class='ocrx_word' id='word_1_106' title='bbox 491 1370 508 1391; x_wconf 74' lang='lat' dir='ltr'>n</span> 
     </span>
    </p>

    <p class='ocr_par' dir='ltr' id='par_1_6' title="bbox 276 1422 1307 2898">
     <span class='ocr_line' id='line_1_17' title="bbox 333 1422 1307 1481; baseline -0.01 -12"><span class='ocrx_word' id='word_1_107' title='bbox 333 1428 517 1481; x_wconf 80' lang='lat' dir='ltr'>Septima</span> <span class='ocrx_word' id='word_1_108' title='bbox 565 1425 761 1466; x_wconf 87' lang='lat' dir='ltr'>columna</span> <span class='ocrx_word' id='word_1_109' title='bbox 798 1422 1014 1476; x_wconf 66' lang='lat' dir='ltr'>sapientiae</span> <span class='ocrx_word' id='word_1_110' title='bbox 1063 1422 1124 1460; x_wconf 86' lang='lat' dir='ltr'>est</span> <span class='ocrx_word' id='word_1_111' title='bbox 1163 1422 1307 1460; x_wconf 85' lang='lat' dir='ltr'>sancta</span> 
     </span>
     <span class='ocr_line' id='line_1_18' title="bbox 277 1491 1306 1553; baseline -0.01 -12"><span class='ocrx_word' id='word_1_112' title='bbox 277 1500 518 1553; x_wconf 75' lang='lat' dir='ltr'>simplicitas</span> <span class='ocrx_word' id='word_1_113' title='bbox 540 1497 581 1537; x_wconf 90' lang='lat' dir='ltr'>in</span> <span class='ocrx_word' id='word_1_114' title='bbox 602 1496 859 1536; x_wconf 85' lang='lat' dir='ltr'>intentione:</span> <span class='ocrx_word' id='word_1_115' title='bbox 885 1492 1114 1545; x_wconf 79' lang='lat' dir='ltr'>«judicans</span> <span class='ocrx_word' id='word_1_116' title='bbox 1137 1491 1187 1543; x_wconf 73' lang='lat' dir='ltr'>(a)</span> <span class='ocrx_word' id='word_1_117' title='bbox 1216 1491 1306 1531; x_wconf 84' lang='lat' dir='ltr'>sine</span> 
     </span>
     <span class='ocr_line' id='line_1_19' title="bbox 277 1563 1305 1614; baseline -0.011 -1"><span class='ocrx_word' id='word_1_118' title='bbox 277 1572 558 1614; x_wconf 71' lang='lat' dir='ltr'>simulatione.</span> <span class='ocrx_word' id='word_1_119' title='bbox 578 1583 598 1605; x_wconf 59' lang='lat'>&gt;³</span> <span class='ocrx_word' id='word_1_120' title='bbox 624 1567 710 1607; x_wconf 70' lang='lat' dir='ltr'>Rex</span> <span class='ocrx_word' id='word_1_121' title='bbox 733 1566 931 1606; x_wconf 84' lang='lat' dir='ltr'>Salomon</span> <span class='ocrx_word' id='word_1_122' title='bbox 955 1564 968 1584; x_wconf 77' lang='lat'><strong>⁶</strong></span> <span class='ocrx_word' id='word_1_123' title='bbox 988 1564 1082 1604; x_wconf 85' lang='lat' dir='ltr'>secit</span> <span class='ocrx_word' id='word_1_124' title='bbox 1101 1563 1305 1603; x_wconf 81' lang='lat' dir='ltr'>thronum</span> 
     </span>
     <span class='ocr_line' id='line_1_20' title="bbox 277 1636 1303 1697; baseline -0.012 -12"><span class='ocrx_word' id='word_1_125' title='bbox 277 1644 503 1697; x_wconf 82' lang='lat' dir='ltr'>grandem,</span> <span class='ocrx_word' id='word_1_126' title='bbox 532 1641 583 1681; x_wconf 87' lang='lat' dir='ltr'>ad</span> <span class='ocrx_word' id='word_1_127' title='bbox 611 1651 738 1693; x_wconf 85' lang='lat' dir='ltr'>quem</span> <span class='ocrx_word' id='word_1_128' title='bbox 762 1636 1064 1677; x_wconf 74' lang='lat' dir='ltr'>ascendebatur</span> <span class='ocrx_word' id='word_1_129' title='bbox 1097 1647 1170 1674; x_wconf 70' lang='lat' dir='ltr'>sex</span> <span class='ocrx_word' id='word_1_130' title='bbox 1204 1646 1303 1686; x_wconf 82' lang='lat' dir='ltr'>gra-</span> 
     </span>
     <span class='ocr_line' id='line_1_21' title="bbox 277 1704 1306 1762; baseline -0.014 -5"><span class='ocrx_word' id='word_1_131' title='bbox 277 1716 414 1757; x_wconf 85' lang='lat' dir='ltr'>dibus.</span> <span class='ocrx_word' id='word_1_132' title='bbox 455 1713 634 1754; x_wconf 75' lang='lat' dir='ltr'>Ultimus</span> <span class='ocrx_word' id='word_1_133' title='bbox 673 1709 834 1762; x_wconf 81' lang='lat' dir='ltr'>gradus</span> <span class='ocrx_word' id='word_1_134' title='bbox 875 1706 1100 1760; x_wconf 80' lang='lat' dir='ltr'>septenarii</span> <span class='ocrx_word' id='word_1_135' title='bbox 1141 1704 1306 1745; x_wconf 87' lang='lat' dir='ltr'>colum-</span> 
     </span>
     <span class='ocr_line' id='line_1_22' title="bbox 276 1775 1306 1836; baseline -0.013 -9"><span class='ocrx_word' id='word_1_136' title='bbox 276 1798 428 1828; x_wconf 87' lang='lat' dir='ltr'>narum</span> <span class='ocrx_word' id='word_1_137' title='bbox 452 1782 690 1836; x_wconf 74' lang='lat' dir='ltr'>sapientiae,</span> <span class='ocrx_word' id='word_1_138' title='bbox 716 1782 777 1820; x_wconf 87' lang='lat' dir='ltr'>est</span> <span class='ocrx_word' id='word_1_139' title='bbox 804 1778 998 1819; x_wconf 70' lang='lat' dir='ltr'>sanctitas</span> <span class='ocrx_word' id='word_1_140' title='bbox 1030 1775 1306 1828; x_wconf 70' lang='lat' dir='ltr'>simplicitatis</span> 
     </span>
     <span class='ocr_line' id='line_1_23' title="bbox 276 1847 1306 1903; baseline -0.013 -5"><span class='ocrx_word' id='word_1_141' title='bbox 276 1858 318 1898; x_wconf 92' lang='lat' dir='ltr'>in</span> <span class='ocrx_word' id='word_1_142' title='bbox 340 1856 582 1897; x_wconf 83' lang='lat' dir='ltr'>intentione.</span> <span class='ocrx_word' id='word_1_143' title='bbox 615 1853 701 1893; x_wconf 85' lang='lat' dir='ltr'>Hoc</span> <span class='ocrx_word' id='word_1_144' title='bbox 730 1850 867 1903; x_wconf 81' lang='lat' dir='ltr'>gradu</span> <span class='ocrx_word' id='word_1_145' title='bbox 893 1848 1118 1900; x_wconf 81' lang='lat' dir='ltr'>attingitur</span> <span class='ocrx_word' id='word_1_146' title='bbox 1137 1847 1306 1887; x_wconf 87' lang='lat' dir='ltr'>culmen</span> 
     </span>
     <span class='ocr_line' id='line_1_24' title="bbox 277 1918 1305 1980; baseline -0.013 -10"><span class='ocrx_word' id='word_1_147' title='bbox 277 1929 390 1978; x_wconf 80' lang='lat' dir='ltr'>cceli;</span> <span class='ocrx_word' id='word_1_148' title='bbox 415 1929 584 1980; x_wconf 84' lang='lat' dir='ltr'>propter</span> <span class='ocrx_word' id='word_1_149' title='bbox 602 1923 713 1977; x_wconf 83' lang='lat' dir='ltr'>quod</span> <span class='ocrx_word' id='word_1_150' title='bbox 734 1922 886 1962; x_wconf 88' lang='lat' dir='ltr'>dicitur</span> <span class='ocrx_word' id='word_1_151' title='bbox 906 1924 918 1945; x_wconf 86' lang='lat'>⁷</span> <span class='ocrx_word' id='word_1_152' title='bbox 941 1935 949 1961; x_wconf 90' lang='lat'>:</span> <span class='ocrx_word' id='word_1_153' title='bbox 976 1935 994 1956; x_wconf 91' lang='lat'>«</span> <span class='ocrx_word' id='word_1_154' title='bbox 1012 1918 1114 1968; x_wconf 63' lang='lat' dir='ltr'>Qua}</span> <span class='ocrx_word' id='word_1_155' title='bbox 1135 1930 1305 1958; x_wconf 84' lang='lat' dir='ltr'>sursum</span> 
     </span>
     <span class='ocr_line' id='line_1_25' title="bbox 277 1990 1306 2052; baseline -0.013 -10"><span class='ocrx_word' id='word_1_156' title='bbox 277 2005 372 2043; x_wconf 86' lang='lat' dir='ltr'>sunt</span> <span class='ocrx_word' id='word_1_157' title='bbox 388 2033 401 2051; x_wconf 89' lang='lat'>,</span> <span class='ocrx_word' id='word_1_158' title='bbox 425 2001 578 2052; x_wconf 82' lang='lat' dir='ltr'>sapite,</span> <span class='ocrx_word' id='word_1_159' title='bbox 602 2012 619 2034; x_wconf 79' lang='lat'>›)</span> <span class='ocrx_word' id='word_1_160' title='bbox 645 1999 722 2036; x_wconf 85' lang='lat' dir='ltr'>etc.</span> <span class='ocrx_word' id='word_1_161' title='bbox 744 1994 757 2015; x_wconf 77' lang='lat'>⁸</span> <span class='ocrx_word' id='word_1_162' title='bbox 783 2009 802 2032; x_wconf 68' lang='grc' dir='ltr'>(ι</span> <span class='ocrx_word' id='word_1_163' title='bbox 835 1992 942 2042; x_wconf 81' lang='lat' dir='ltr'>Quid</span> <span class='ocrx_word' id='word_1_164' title='bbox 971 1991 1098 2031; x_wconf 86' lang='lat' dir='ltr'>habet</span> <span class='ocrx_word' id='word_1_165' title='bbox 1124 1990 1306 2043; x_wconf 87' lang='lat' dir='ltr'>amplius</span> 
     </span>
     <span class='ocr_line' id='line_1_26' title="bbox 278 2062 1307 2123; baseline -0.013 -9"><span class='ocrx_word' id='word_1_166' title='bbox 278 2073 405 2114; x_wconf 85' lang='lat' dir='ltr'>stulto</span> <span class='ocrx_word' id='word_1_167' title='bbox 431 2071 619 2123; x_wconf 83' lang='lat' dir='ltr'>sapiens,</span> <span class='ocrx_word' id='word_1_168' title='bbox 647 2067 727 2107; x_wconf 89' lang='lat' dir='ltr'>nisi</span> <span class='ocrx_word' id='word_1_169' title='bbox 755 2068 803 2106; x_wconf 90' lang='lat' dir='ltr'>ut</span> <span class='ocrx_word' id='word_1_170' title='bbox 827 2067 976 2117; x_wconf 79' lang='lat' dir='ltr'>pergat</span> <span class='ocrx_word' id='word_1_171' title='bbox 1001 2063 1102 2103; x_wconf 85' lang='lat' dir='ltr'>illuc</span> <span class='ocrx_word' id='word_1_172' title='bbox 1119 2094 1129 2112; x_wconf 88' lang='lat'>,</span> <span class='ocrx_word' id='word_1_173' title='bbox 1151 2062 1224 2103; x_wconf 88' lang='lat' dir='ltr'>ubi</span> <span class='ocrx_word' id='word_1_174' title='bbox 1246 2064 1307 2102; x_wconf 77' lang='lat' dir='ltr'>est</span> 
     </span>
     <span class='ocr_line' id='line_1_27' title="bbox 278 2133 1305 2193; baseline -0.011 -9"><span class='ocrx_word' id='word_1_175' title='bbox 278 2145 386 2184; x_wconf 76' lang='lat' dir='ltr'>vita?</span> <span class='ocrx_word' id='word_1_176' title='bbox 419 2157 437 2181; x_wconf 75' lang='lat' dir='ltr'>n</span> <span class='ocrx_word' id='word_1_177' title='bbox 472 2141 608 2193; x_wconf 75' lang='lat' dir='ltr'>Hujus</span> <span class='ocrx_word' id='word_1_178' title='bbox 632 2136 845 2191; x_wconf 84' lang='lat' dir='ltr'>sapientiae</span> <span class='ocrx_word' id='word_1_179' title='bbox 881 2134 1069 2175; x_wconf 85' lang='lat' dir='ltr'>Christus</span> <span class='ocrx_word' id='word_1_180' title='bbox 1096 2133 1174 2174; x_wconf 88' lang='lat' dir='ltr'>fuit</span> <span class='ocrx_word' id='word_1_181' title='bbox 1204 2134 1305 2174; x_wconf 82' lang='lat' dir='ltr'>fun—</span> 
     </span>
     <span class='ocr_line' id='line_1_28' title="bbox 278 2204 1307 2264; baseline -0.01 -9"><span class='ocrx_word' id='word_1_182' title='bbox 278 2215 421 2264; x_wconf 87' lang='lat' dir='ltr'>dator,</span> <span class='ocrx_word' id='word_1_183' title='bbox 444 2215 481 2253; x_wconf 85' lang='lat' dir='ltr'>et</span> <span class='ocrx_word' id='word_1_184' title='bbox 512 2211 827 2252; x_wconf 88' lang='lat' dir='ltr'>consummator</span> <span class='ocrx_word' id='word_1_185' title='bbox 849 2209 862 2230; x_wconf 80' lang='lat'>⁹</span> <span class='ocrx_word' id='word_1_186' title='bbox 887 2220 896 2248; x_wconf 81' lang='lat' dir='ltr'>t</span> <span class='ocrx_word' id='word_1_187' title='bbox 934 2221 952 2244; x_wconf 86' lang='lat'>«</span> <span class='ocrx_word' id='word_1_188' title='bbox 982 2204 1035 2246; x_wconf 87' lang='lat' dir='ltr'>Ut</span> <span class='ocrx_word' id='word_1_189' title='bbox 1054 2205 1219 2258; x_wconf 85' lang='lat' dir='ltr'>sapiens</span> <span class='ocrx_word' id='word_1_190' title='bbox 1238 2217 1307 2245; x_wconf 91' lang='lat' dir='ltr'>ar-</span> 
     </span>
     <span class='ocr_line' id='line_1_29' title="bbox 277 2277 1307 2331; baseline -0.011 -4"><span class='ocrx_word' id='word_1_191' title='bbox 277 2286 480 2327; x_wconf 77' lang='lat' dir='ltr'>chitectus</span> <span class='ocrx_word' id='word_1_192' title='bbox 500 2282 825 2324; x_wconf 86' lang='lat' dir='ltr'>fundamentum</span> <span class='ocrx_word' id='word_1_193' title='bbox 849 2278 1005 2331; x_wconf 77' lang='lat' dir='ltr'>posuit.</span> <span class='ocrx_word' id='word_1_194' title='bbox 1034 2277 1307 2318; x_wconf 86' lang='lat' dir='ltr'>Fundamen-</span> 
     </span>
     <span class='ocr_line' id='line_1_30' title="bbox 278 2352 1307 2404; baseline -0.01 -5"><span class='ocrx_word' id='word_1_195' title='bbox 278 2363 369 2399; x_wconf 89' lang='lat' dir='ltr'>tum</span> <span class='ocrx_word' id='word_1_196' title='bbox 383 2361 524 2398; x_wconf 85' lang='lat' dir='ltr'>autcm</span> <span class='ocrx_word' id='word_1_197' title='bbox 538 2354 652 2396; x_wconf 90' lang='lat' dir='ltr'>aliud</span> <span class='ocrx_word' id='word_1_198' title='bbox 671 2364 797 2394; x_wconf 85' lang='lat' dir='ltr'>nemo</span> <span class='ocrx_word' id='word_1_199' title='bbox 815 2353 951 2404; x_wconf 87' lang='lat' dir='ltr'>potest</span> <span class='ocrx_word' id='word_1_200' title='bbox 963 2362 1134 2403; x_wconf 86' lang='lat' dir='ltr'>ponere,</span> <span class='ocrx_word' id='word_1_201' title='bbox 1152 2352 1307 2403; x_wconf 82' lang='lat' dir='ltr'>praeter</span> 
     </span>
     <span class='ocr_line' id='line_1_31' title="bbox 277 2420 1307 2482; baseline -0.011 -11"><span class='ocrx_word' id='word_1_202' title='bbox 277 2431 319 2471; x_wconf 91' lang='lat' dir='ltr'>id</span> <span class='ocrx_word' id='word_1_203' title='bbox 357 2429 468 2482; x_wconf 88' lang='lat' dir='ltr'>quod</span> <span class='ocrx_word' id='word_1_204' title='bbox 506 2427 690 2480; x_wconf 86' lang='lat' dir='ltr'>positum</span> <span class='ocrx_word' id='word_1_205' title='bbox 737 2426 821 2473; x_wconf 87' lang='lat' dir='ltr'>est,</span> <span class='ocrx_word' id='word_1_206' title='bbox 862 2421 975 2473; x_wconf 88' lang='lat' dir='ltr'>quod</span> <span class='ocrx_word' id='word_1_207' title='bbox 1011 2423 1073 2462; x_wconf 84' lang='lat' dir='ltr'>est</span> <span class='ocrx_word' id='word_1_208' title='bbox 1117 2420 1307 2461; x_wconf 86' lang='lat' dir='ltr'>Christus</span> 
     </span>
     <span class='ocr_line' id='line_1_32' title="bbox 276 2492 1306 2548; baseline -0.01 -5"><span class='ocrx_word' id='word_1_209' title='bbox 276 2502 409 2543; x_wconf 71' lang='lat' dir='ltr'>Jsssts.</span> <span class='ocrx_word' id='word_1_210' title='bbox 431 2516 450 2538; x_wconf 89' lang='lat'>))</span> <span class='ocrx_word' id='word_1_211' title='bbox 470 2499 581 2541; x_wconf 59' lang='lat'>1⁴:1¹⁰:</span> <span class='ocrx_word' id='word_1_212' title='bbox 612 2513 630 2535; x_wconf 76' lang='grc' dir='ltr'>(ι</span> <span class='ocrx_word' id='word_1_213' title='bbox 648 2497 694 2537; x_wconf 88' lang='lat' dir='ltr'>In</span> <span class='ocrx_word' id='word_1_214' title='bbox 718 2493 905 2548; x_wconf 61' lang='lat' dir='ltr'>(Christo)</span> <span class='ocrx_word' id='word_1_215' title='bbox 925 2495 1023 2533; x_wconf 88' lang='lat' dir='ltr'>sunt</span> <span class='ocrx_word' id='word_1_216' title='bbox 1042 2504 1189 2533; x_wconf 87' lang='lat' dir='ltr'>omnes</span> <span class='ocrx_word' id='word_1_217' title='bbox 1209 2492 1306 2533; x_wconf 90' lang='lat' dir='ltr'>the—</span> 
     </span>
     <span class='ocr_line' id='line_1_33' title="bbox 277 2563 1300 2623; baseline -0.014 -9"><span class='ocrx_word' id='word_1_218' title='bbox 277 2572 390 2614; x_wconf 84' lang='lat' dir='ltr'>sauri</span> <span class='ocrx_word' id='word_1_219' title='bbox 429 2570 645 2623; x_wconf 79' lang='lat' dir='ltr'>sapientiae</span> <span class='ocrx_word' id='word_1_220' title='bbox 665 2600 674 2619; x_wconf 83' lang='lat'>,</span> <span class='ocrx_word' id='word_1_221' title='bbox 716 2569 757 2606; x_wconf 59' lang='lat' dir='ltr'>et</span> <span class='ocrx_word' id='word_1_222' title='bbox 795 2564 978 2605; x_wconf 66' lang='lat' dir='ltr'>scientiae</span> <span class='ocrx_word' id='word_1_223' title='bbox 1015 2563 1300 2604; x_wconf 79' lang='lat' dir='ltr'>absconditi.»</span> 
     </span>
     <span class='ocr_line' id='line_1_34' title="bbox 277 2635 1305 2694; baseline -0.008 -10"><span class='ocrx_word' id='word_1_224' title='bbox 277 2646 302 2667; x_wconf 88' lang='lat'>¹¹</span> <span class='ocrx_word' id='word_1_225' title='bbox 322 2643 469 2685; x_wconf 79' lang='lat' dir='ltr'>«Oculi</span> <span class='ocrx_word' id='word_1_226' title='bbox 492 2640 690 2694; x_wconf 87' lang='lat' dir='ltr'>sapientis</span> <span class='ocrx_word' id='word_1_227' title='bbox 709 2639 753 2678; x_wconf 92' lang='lat' dir='ltr'>in</span> <span class='ocrx_word' id='word_1_228' title='bbox 774 2636 907 2689; x_wconf 89' lang='lat' dir='ltr'>capite</span> <span class='ocrx_word' id='word_1_229' title='bbox 927 2637 1033 2688; x_wconf 85' lang='lat' dir='ltr'>ejus,</span> <span class='ocrx_word' id='word_1_230' title='bbox 1056 2650 1074 2672; x_wconf 89' lang='lat'>»</span> <span class='ocrx_word' id='word_1_231' title='bbox 1099 2635 1142 2675; x_wconf 88' lang='lat' dir='ltr'>id</span> <span class='ocrx_word' id='word_1_232' title='bbox 1164 2638 1239 2686; x_wconf 89' lang='lat' dir='ltr'>est,</span> <span class='ocrx_word' id='word_1_233' title='bbox 1262 2636 1305 2676; x_wconf 93' lang='lat' dir='ltr'>in</span> 
     </span>
     <span class='ocr_line' id='line_1_35' title="bbox 278 2707 1306 2766; baseline -0.01 -10"><span class='ocrx_word' id='word_1_234' title='bbox 278 2716 466 2765; x_wconf 86' lang='lat' dir='ltr'>Christo,</span> <span class='ocrx_word' id='word_1_235' title='bbox 500 2713 600 2766; x_wconf 81' lang='lat' dir='ltr'>quia</span> <span class='ocrx_word' id='word_1_236' title='bbox 624 2713 652 2735; x_wconf 71' lang='lat'>¹2</span> <span class='ocrx_word' id='word_1_237' title='bbox 687 2725 707 2748; x_wconf 73' lang='grc' dir='ltr'>(ι</span> <span class='ocrx_word' id='word_1_238' title='bbox 724 2709 816 2749; x_wconf 74' lang='lat' dir='ltr'>haec</span> <span class='ocrx_word' id='word_1_239' title='bbox 844 2710 906 2748; x_wconf 83' lang='lat' dir='ltr'>est</span> <span class='ocrx_word' id='word_1_240' title='bbox 933 2707 1021 2746; x_wconf 91' lang='lat' dir='ltr'>vita</span> <span class='ocrx_word' id='word_1_241' title='bbox 1047 2708 1229 2756; x_wconf 80' lang='lat' dir='ltr'>aeterna,</span> <span class='ocrx_word' id='word_1_242' title='bbox 1259 2710 1306 2746; x_wconf 88' lang='lat' dir='ltr'>ut</span> 
     </span>
     <span class='ocr_line' id='line_1_36' title="bbox 278 2776 1304 2839; baseline -0.011 -11"><span class='ocrx_word' id='word_1_243' title='bbox 278 2787 534 2839; x_wconf 78' lang='lat' dir='ltr'>cognoscant</span> <span class='ocrx_word' id='word_1_244' title='bbox 553 2786 593 2823; x_wconf 88' lang='lat' dir='ltr'>te</span> <span class='ocrx_word' id='word_1_245' title='bbox 613 2781 750 2822; x_wconf 85' lang='lat' dir='ltr'>solum</span> <span class='ocrx_word' id='word_1_246' title='bbox 771 2789 923 2819; x_wconf 83' lang='lat' dir='ltr'>verum</span> <span class='ocrx_word' id='word_1_247' title='bbox 944 2776 1099 2827; x_wconf 88' lang='lat' dir='ltr'>Deum,</span> <span class='ocrx_word' id='word_1_248' title='bbox 1121 2779 1163 2817; x_wconf 89' lang='lat' dir='ltr'>et</span> <span class='ocrx_word' id='word_1_249' title='bbox 1178 2789 1304 2829; x_wconf 90' lang='lat' dir='ltr'>quem</span> 
     </span>
     <span class='ocr_line' id='line_1_37' title="bbox 278 2852 869 2898; baseline -0.017 0"><span class='ocrx_word' id='word_1_250' title='bbox 278 2857 431 2898; x_wconf 87' lang='lat' dir='ltr'>misisti</span> <span class='ocrx_word' id='word_1_251' title='bbox 450 2856 581 2897; x_wconf 56' lang='lat' dir='ltr'>‚hist-M</span> <span class='ocrx_word' id='word_1_252' title='bbox 600 2852 827 2894; x_wconf 84' lang='lat' dir='ltr'>Christum.</span> <span class='ocrx_word' id='word_1_253' title='bbox 851 2863 869 2886; x_wconf 74' lang='lat' dir='ltr'>n</span> 
     </span>
    </p>

    <p class='ocr_par' dir='ltr' id='par_1_7' title="bbox 331 2917 1302 2980">
     <span class='ocr_line' id='line_1_38' title="bbox 331 2917 1302 2980; baseline -0.011 -11"><span class='ocrx_word' id='word_1_254' title='bbox 331 2928 429 2969; x_wconf 85' lang='lat' dir='ltr'>Viso</span> <span class='ocrx_word' id='word_1_255' title='bbox 448 2925 662 2980; x_wconf 70' lang='lat' dir='ltr'>sapientiae</span> <span class='ocrx_word' id='word_1_256' title='bbox 681 2926 793 2972; x_wconf 82' lang='lat' dir='ltr'>ortu,</span> <span class='ocrx_word' id='word_1_257' title='bbox 815 2920 907 2961; x_wconf 68' lang='lat' dir='ltr'>visa</span> <span class='ocrx_word' id='word_1_258' title='bbox 927 2917 1143 2971; x_wconf 84' lang='lat' dir='ltr'>sapientiae</span> <span class='ocrx_word' id='word_1_259' title='bbox 1162 2918 1302 2969; x_wconf 87' lang='lat' dir='ltr'>domo,</span> 
     </span>
    </p>
   </div>
   <div class='ocr_carea' id='block_1_6' title="bbox 189 2989 1306 3049">
    <p class='ocr_par' dir='ltr' id='par_1_8' title="bbox 189 2989 1306 3049">
     <span class='ocr_line' id='line_1_39' title="bbox 189 2989 1306 3049; baseline -0.013 -7"><span class='ocrx_word' id='word_1_260' title='bbox 189 3008 193 3022; x_wconf 91' lang='lat'><strong>¹</strong></span> <span class='ocrx_word' id='word_1_261' title='bbox 236 3012 247 3018; x_wconf 91' lang='lat'>·</span> <span class='ocrx_word' id='word_1_262' title='bbox 278 2999 458 3041; x_wconf 81' lang='lat' dir='ltr'>videnda</span> <span class='ocrx_word' id='word_1_263' title='bbox 484 3001 543 3039; x_wconf 82' lang='lat' dir='ltr'>est</span> <span class='ocrx_word' id='word_1_264' title='bbox 570 2993 784 3049; x_wconf 68' lang='lat' dir='ltr'>sapientiae</span> <span class='ocrx_word' id='word_1_265' title='bbox 804 2993 953 3044; x_wconf 83' lang='lat' dir='ltr'>janua.</span> <span class='ocrx_word' id='word_1_266' title='bbox 988 2989 1218 3030; x_wconf 65' lang='lat' dir='ltr'>testantem</span> <span class='ocrx_word' id='word_1_267' title='bbox 1238 3002 1306 3030; x_wconf 87' lang='lat' dir='ltr'>sa-</span> 
     </span>
    </p>
   </div>
   <div class='ocr_carea' id='block_1_7' title="bbox 279 3060 1304 3406">
    <p class='ocr_par' dir='ltr' id='par_1_9' title="bbox 279 3060 1304 3406">
     <span class='ocr_line' id='line_1_40' title="bbox 279 3060 1304 3123; baseline -0.011 -12"><span class='ocrx_word' id='word_1_268' title='bbox 279 3070 447 3123; x_wconf 84' lang='lat' dir='ltr'>pientiae</span> <span class='ocrx_word' id='word_1_269' title='bbox 468 3070 587 3121; x_wconf 86' lang='lat' dir='ltr'>porta</span> <span class='ocrx_word' id='word_1_270' title='bbox 607 3062 944 3116; x_wconf 83' lang='lat' dir='ltr'>concupiscentia</span> <span class='ocrx_word' id='word_1_271' title='bbox 968 3063 1083 3114; x_wconf 63' lang='lat' dir='ltr'>eim,</span> <span class='ocrx_word' id='word_1_272' title='bbox 1110 3064 1150 3101; x_wconf 89' lang='lat' dir='ltr'>et</span> <span class='ocrx_word' id='word_1_273' title='bbox 1178 3060 1304 3101; x_wconf 88' lang='lat' dir='ltr'>vehe-</span> 
     </span>
     <span class='ocr_line' id='line_1_41' title="bbox 281 3132 1304 3186; baseline -0.011 -4"><span class='ocrx_word' id='word_1_274' title='bbox 281 3153 401 3181; x_wconf 82' lang='lat' dir='ltr'>mens</span> <span class='ocrx_word' id='word_1_275' title='bbox 419 3138 688 3180; x_wconf 80' lang='lat' dir='ltr'>desiderium.</span> <span class='ocrx_word' id='word_1_276' title='bbox 711 3133 738 3155; x_wconf 75' lang='lat'>¹³</span> <span class='ocrx_word' id='word_1_277' title='bbox 757 3150 774 3171; x_wconf 75' lang='grc' dir='ltr'>(ι</span> <span class='ocrx_word' id='word_1_278' title='bbox 792 3132 917 3186; x_wconf 73' lang='lat' dir='ltr'>Aperi</span> <span class='ocrx_word' id='word_1_279' title='bbox 938 3145 984 3173; x_wconf 86' lang='lat' dir='ltr'>os</span> <span class='ocrx_word' id='word_1_280' title='bbox 1003 3135 1140 3179; x_wconf 72' lang='lat' dir='ltr'>tuum,</span> <span class='ocrx_word' id='word_1_281' title='bbox 1163 3134 1204 3172; x_wconf 85' lang='lat' dir='ltr'>et</span> <span class='ocrx_word' id='word_1_282' title='bbox 1223 3143 1304 3184; x_wconf 80' lang='lat' dir='ltr'>ego</span> 
     </span>
     <span class='ocr_line' id='line_1_42' title="bbox 279 3203 1302 3265; baseline -0.01 -13"><span class='ocrx_word' id='word_1_283' title='bbox 279 3211 516 3265; x_wconf 80' lang='lat' dir='ltr'>adimplebo</span> <span class='ocrx_word' id='word_1_284' title='bbox 545 3208 662 3249; x_wconf 89' lang='lat' dir='ltr'>illud.</span> <span class='ocrx_word' id='word_1_285' title='bbox 691 3223 709 3245; x_wconf 75' lang='lat' dir='ltr'>n</span> <span class='ocrx_word' id='word_1_286' title='bbox 741 3206 819 3247; x_wconf 86' lang='lat' dir='ltr'>Per</span> <span class='ocrx_word' id='word_1_287' title='bbox 849 3208 1073 3245; x_wconf 85' lang='lat' dir='ltr'>attractum</span> <span class='ocrx_word' id='word_1_288' title='bbox 1094 3203 1302 3252; x_wconf 89' lang='lat' dir='ltr'>desiderii,</span> 
     </span>
     <span class='ocr_line' id='line_1_43' title="bbox 280 3274 1302 3330; baseline -0.011 -6"><span class='ocrx_word' id='word_1_289' title='bbox 280 3282 489 3323; x_wconf 78' lang='lat' dir='ltr'>descendit</span> <span class='ocrx_word' id='word_1_290' title='bbox 511 3281 553 3320; x_wconf 90' lang='lat' dir='ltr'>in</span> <span class='ocrx_word' id='word_1_291' title='bbox 571 3291 639 3319; x_wconf 86' lang='lat' dir='ltr'>me</span> <span class='ocrx_word' id='word_1_292' title='bbox 660 3277 876 3330; x_wconf 80' lang='lat' dir='ltr'>sapientia.</span> <span class='ocrx_word' id='word_1_293' title='bbox 899 3274 977 3315; x_wconf 76' lang='lat' dir='ltr'>Per</span> <span class='ocrx_word' id='word_1_294' title='bbox 996 3275 1073 3314; x_wconf 87' lang='lat' dir='ltr'>iter</span> <span class='ocrx_word' id='word_1_295' title='bbox 1093 3274 1302 3323; x_wconf 70' lang='lat' dir='ltr'>desiderii,</span> 
     </span>
     <span class='ocr_line' id='line_1_44' title="bbox 280 3345 1303 3406; baseline -0.01 -11"><span class='ocrx_word' id='word_1_296' title='bbox 280 3366 414 3406; x_wconf 78' lang='lat' dir='ltr'>pergo</span> <span class='ocrx_word' id='word_1_297' title='bbox 435 3353 487 3393; x_wconf 88' lang='lat' dir='ltr'>ad</span> <span class='ocrx_word' id='word_1_298' title='bbox 512 3349 774 3404; x_wconf 87' lang='lat' dir='ltr'>sapientiam.</span> <span class='ocrx_word' id='word_1_299' title='bbox 801 3347 827 3369; x_wconf 73' lang='lat'>¹¹⁹</span> <span class='ocrx_word' id='word_1_300' title='bbox 855 3362 873 3382; x_wconf 89' lang='lat'>«</span> <span class='ocrx_word' id='word_1_301' title='bbox 895 3346 1002 3387; x_wconf 77' lang='lat' dir='ltr'>Deus</span> <span class='ocrx_word' id='word_1_302' title='bbox 1024 3345 1203 3385; x_wconf 73' lang='lat' dir='ltr'>charitas</span> <span class='ocrx_word' id='word_1_303' title='bbox 1228 3349 1303 3396; x_wconf 87' lang='lat' dir='ltr'>est,</span> 
     </span>
    </p>
   </div>
   <div class='ocr_carea' id='block_1_8' title="bbox 280 3429 1305 3611">
    <p class='ocr_par' dir='ltr' id='par_1_10' title="bbox 280 3429 1305 3611">
     <span class='ocr_line' id='line_1_45' title="bbox 325 3429 1303 3471; baseline -0.008 -3"><span class='ocrx_word' id='word_1_304' title='bbox 325 3439 331 3455; x_wconf 90' lang='lat'><strong>¹</strong></span> <span class='ocrx_word' id='word_1_305' title='bbox 360 3436 507 3468; x_wconf 71' lang='lat' dir='ltr'>Laertius</span> <span class='ocrx_word' id='word_1_306' title='bbox 533 3435 565 3465; x_wconf 88' lang='lat' dir='ltr'>in</span> <span class='ocrx_word' id='word_1_307' title='bbox 590 3433 741 3471; x_wconf 65' lang='lat' dir='ltr'>Plumae,</span> <span class='ocrx_word' id='word_1_308' title='bbox 770 3434 801 3462; x_wconf 82' lang='lat' dir='ltr'>ct</span> <span class='ocrx_word' id='word_1_309' title='bbox 832 3429 905 3461; x_wconf 70' lang='lat' dir='ltr'>Yal.</span> <span class='ocrx_word' id='word_1_310' title='bbox 934 3430 1037 3468; x_wconf 55' lang='lat' dir='ltr'>Max„</span> <span class='ocrx_word' id='word_1_311' title='bbox 1061 3429 1119 3460; x_wconf 84' lang='lat' dir='ltr'>lib.</span> <span class='ocrx_word' id='word_1_312' title='bbox 1150 3430 1206 3469; x_wconf 83' lang='lat' dir='ltr'>lV,</span> <span class='ocrx_word' id='word_1_313' title='bbox 1228 3439 1257 3460; x_wconf 86' lang='lat' dir='ltr'>c.</span> <span class='ocrx_word' id='word_1_314' title='bbox 1280 3438 1303 3461; x_wconf 84' lang='grc' dir='ltr'>Ι.</span> 
     </span>
     <span class='ocr_line' id='line_1_46' title="bbox 280 3477 1305 3522; baseline -0.007 -7"><span class='ocrx_word' id='word_1_315' title='bbox 280 3501 319 3507; x_wconf 91' lang='grc'>-</span> <span class='ocrx_word' id='word_1_316' title='bbox 339 3483 438 3522; x_wconf 78' lang='lat' dir='ltr'>²J0b‚</span> <span class='ocrx_word' id='word_1_317' title='bbox 463 3489 558 3521; x_wconf 68' lang='lat' dir='ltr'>xxix,</span> <span class='ocrx_word' id='word_1_318' title='bbox 583 3483 629 3512; x_wconf 59' lang='grc' dir='ltr'>Η).</span> <span class='ocrx_word' id='word_1_319' title='bbox 651 3497 689 3503; x_wconf 89' lang='grc'>-</span> <span class='ocrx_word' id='word_1_320' title='bbox 707 3478 806 3517; x_wconf 63' lang='grc'>31013,</span> <span class='ocrx_word' id='word_1_321' title='bbox 828 3484 914 3514; x_wconf 73' lang='lat' dir='ltr'>xvn,</span> <span class='ocrx_word' id='word_1_322' title='bbox 938 3480 985 3508; x_wconf 82' lang='lat'>10.</span> <span class='ocrx_word' id='word_1_323' title='bbox 1003 3494 1044 3498; x_wconf 97' lang='lat'><strong>—</strong></span> <span class='ocrx_word' id='word_1_324' title='bbox 1060 3477 1070 3494; x_wconf 81' lang='lat'>·‘·</span> <span class='ocrx_word' id='word_1_325' title='bbox 1088 3477 1222 3517; x_wconf 42' lang='lat' dir='ltr'>Matala,</span> <span class='ocrx_word' id='word_1_326' title='bbox 1243 3485 1305 3517; x_wconf 78' lang='lat' dir='ltr'>vu,</span> 
     </span>
     <span class='ocr_line' id='line_1_47' title="bbox 281 3524 1305 3571; baseline -0.007 -9"><span class='ocrx_word' id='word_1_327' title='bbox 281 3535 318 3571; x_wconf 76' lang='lat'>13</span> <span class='ocrx_word' id='word_1_328' title='bbox 339 3531 413 3569; x_wconf 74' lang='lat' dir='ltr'>Luc,</span> <span class='ocrx_word' id='word_1_329' title='bbox 436 3527 839 3566; x_wconf 59' lang='lat' dir='ltr'>v1‚‡i·1.-³*lCor.,1v,</span> <span class='ocrx_word' id='word_1_330' title='bbox 858 3526 888 3555; x_wconf 75' lang='grc'>,’3.</span> <span class='ocrx_word' id='word_1_331' title='bbox 904 3541 944 3547; x_wconf 91' lang='grc'>-</span> <span class='ocrx_word' id='word_1_332' title='bbox 964 3524 1015 3554; x_wconf 65' lang='grc' dir='ltr'>1ἸΙ</span> <span class='ocrx_word' id='word_1_333' title='bbox 1035 3524 1164 3561; x_wconf 64' lang='lat' dir='ltr'>Paral„</span> <span class='ocrx_word' id='word_1_334' title='bbox 1184 3532 1231 3561; x_wconf 82' lang='lat' dir='ltr'>lx,</span> <span class='ocrx_word' id='word_1_335' title='bbox 1255 3529 1305 3564; x_wconf 79' lang='lat' dir='ltr'>ii,</span> 
     </span>
     <span class='ocr_line' id='line_1_48' title="bbox 282 3571 1304 3611; baseline -0.009 -1"><span class='ocrx_word' id='word_1_336' title='bbox 282 3582 395 3611; x_wconf 55' lang='lat'>4152—</span> <span class='ocrx_word' id='word_1_337' title='bbox 420 3578 429 3596; x_wconf 84' lang='lat'>⁷</span> <span class='ocrx_word' id='word_1_338' title='bbox 452 3576 591 3610; x_wconf 58' lang='lat' dir='ltr'>Colo-w..</span> <span class='ocrx_word' id='word_1_339' title='bbox 617 3576 717 3610; x_wconf 70' lang='lat'>111‚2.</span> <span class='ocrx_word' id='word_1_340' title='bbox 742 3591 782 3596; x_wconf 92' lang='lat'>—-</span> <span class='ocrx_word' id='word_1_341' title='bbox 802 3577 811 3587; x_wconf 48' lang='lat'>&#39;¹</span> <span class='ocrx_word' id='word_1_342' title='bbox 831 3571 1124 3609; x_wconf 69' lang='lat' dir='ltr'>Eccle.,·»1‚8.—</span> <span class='ocrx_word' id='word_1_343' title='bbox 1147 3571 1304 3611; x_wconf 72' lang='lat' dir='ltr'>⁹1Cm·.,</span> 
     </span>
    </p>
   </div>
   <div class='ocr_carea' id='block_1_9' title="bbox 989 247 1727 308">
    <p class='ocr_par' dir='ltr' id='par_1_11' title="bbox 989 247 1727 308">
     <span class='ocr_line' id='line_1_49' title="bbox 989 247 1727 308; baseline 0.003 -2"><span class='ocrx_word' id='word_1_344' title='bbox 989 263 1434 308; x_wconf 82' lang='lat' dir='ltr'>lLLUMlNATIONES</span> <span class='ocrx_word' id='word_1_345' title='bbox 1464 247 1727 308; x_wconf 77' lang='lat' dir='ltr'><strong>ECCLESIAE·</strong></span> 
     </span>
    </p>
   </div>
   <div class='ocr_carea' id='block_1_10' title="bbox 1386 354 2415 622">
    <p class='ocr_par' dir='ltr' id='par_1_12' title="bbox 1386 354 2415 622">
     <span class='ocr_line' id='line_1_50' title="bbox 1389 354 2415 408; baseline 0.002 -13"><span class='ocrx_word' id='word_1_346' title='bbox 1389 357 1428 395; x_wconf 84' lang='lat' dir='ltr'>et</span> <span class='ocrx_word' id='word_1_347' title='bbox 1445 355 1518 408; x_wconf 87' lang='lat' dir='ltr'>qui</span> <span class='ocrx_word' id='word_1_348' title='bbox 1536 357 1678 396; x_wconf 83' lang='lat' dir='ltr'>manet</span> <span class='ocrx_word' id='word_1_349' title='bbox 1695 355 1740 395; x_wconf 91' lang='lat' dir='ltr'>in</span> <span class='ocrx_word' id='word_1_350' title='bbox 1760 355 1988 406; x_wconf 82' lang='lat' dir='ltr'>charitate,</span> <span class='ocrx_word' id='word_1_351' title='bbox 2007 354 2052 395; x_wconf 89' lang='lat' dir='ltr'>in</span> <span class='ocrx_word' id='word_1_352' title='bbox 2072 354 2156 397; x_wconf 88' lang='lat' dir='ltr'>Deo</span> <span class='ocrx_word' id='word_1_353' title='bbox 2186 359 2351 408; x_wconf 85' lang='lat' dir='ltr'>manet,</span> <span class='ocrx_word' id='word_1_354' title='bbox 2373 357 2415 397; x_wconf 86' lang='lat' dir='ltr'>et</span> 
     </span>
     <span class='ocr_line' id='line_1_51' title="bbox 1387 425 2415 479; baseline 0.001 -13"><span class='ocrx_word' id='word_1_355' title='bbox 1387 425 1494 467; x_wconf 82' lang='lat' dir='ltr'>Deus</span> <span class='ocrx_word' id='word_1_356' title='bbox 1519 427 1563 467; x_wconf 90' lang='lat' dir='ltr'>in</span> <span class='ocrx_word' id='word_1_357' title='bbox 1596 438 1660 468; x_wconf 88' lang='lat' dir='ltr'>eo.</span> <span class='ocrx_word' id='word_1_358' title='bbox 1687 441 1706 464; x_wconf 84' lang='grc'>))</span> <span class='ocrx_word' id='word_1_359' title='bbox 1740 425 1817 468; x_wconf 90' lang='lat' dir='ltr'>Ubi</span> <span class='ocrx_word' id='word_1_360' title='bbox 1850 438 1952 469; x_wconf 89' lang='lat' dir='ltr'>vera</span> <span class='ocrx_word' id='word_1_361' title='bbox 1977 426 2199 479; x_wconf 82' lang='lat' dir='ltr'>sapientia,</span> <span class='ocrx_word' id='word_1_362' title='bbox 2231 427 2288 468; x_wconf 88' lang='lat' dir='ltr'>ibi</span> <span class='ocrx_word' id='word_1_363' title='bbox 2314 439 2415 469; x_wconf 83' lang='lat' dir='ltr'>vera</span> 
     </span>
     <span class='ocr_line' id='line_1_52' title="bbox 1386 497 2414 549; baseline 0 -11"><span class='ocrx_word' id='word_1_364' title='bbox 1386 497 1721 549; x_wconf 71' lang='lat' dir='ltr'>complacentia:</span> <span class='ocrx_word' id='word_1_365' title='bbox 1754 497 1828 537; x_wconf 89' lang='lat' dir='ltr'>ubi</span> <span class='ocrx_word' id='word_1_366' title='bbox 1855 500 1998 538; x_wconf 80' lang='lat' dir='ltr'>autem</span> <span class='ocrx_word' id='word_1_367' title='bbox 2032 508 2200 538; x_wconf 88' lang='lat' dir='ltr'>summa</span> <span class='ocrx_word' id='word_1_368' title='bbox 2234 497 2414 548; x_wconf 85' lang='lat' dir='ltr'>compla-</span> 
     </span>
     <span class='ocr_line' id='line_1_53' title="bbox 1387 568 2414 622; baseline 0 -13"><span class='ocrx_word' id='word_1_369' title='bbox 1387 569 1545 617; x_wconf 77' lang='lat' dir='ltr'>centia,</span> <span class='ocrx_word' id='word_1_370' title='bbox 1568 568 1625 609; x_wconf 90' lang='lat' dir='ltr'>ibi</span> <span class='ocrx_word' id='word_1_371' title='bbox 1645 568 1878 610; x_wconf 82' lang='lat' dir='ltr'>necessario</span> <span class='ocrx_word' id='word_1_372' title='bbox 1906 569 2105 622; x_wconf 58' lang='lat' dir='ltr'>praecedit</span> <span class='ocrx_word' id='word_1_373' title='bbox 2129 580 2298 609; x_wconf 88' lang='lat' dir='ltr'>summa</span> <span class='ocrx_word' id='word_1_374' title='bbox 2321 580 2414 609; x_wconf 88' lang='lat' dir='ltr'>con-</span> 
     </span>
    </p>
   </div>
   <div class='ocr_carea' id='block_1_11' title="bbox 1385 638 2441 693">
    <p class='ocr_par' dir='ltr' id='par_1_13' title="bbox 1385 638 2441 693">
     <span class='ocr_line' id='line_1_54' title="bbox 1385 638 2441 693; baseline 0 -14"><span class='ocrx_word' id='word_1_375' title='bbox 1385 640 1655 692; x_wconf 84' lang='lat' dir='ltr'>cupiscentia.</span> <span class='ocrx_word' id='word_1_376' title='bbox 1682 644 1711 665; x_wconf 77' lang='lat'>¹³³</span> <span class='ocrx_word' id='word_1_377' title='bbox 1742 639 1880 690; x_wconf 87' lang='lat' dir='ltr'>«Fili,</span> <span class='ocrx_word' id='word_1_378' title='bbox 1919 641 2215 693; x_wconf 86' lang='lat' dir='ltr'>concupiscens</span> <span class='ocrx_word' id='word_1_379' title='bbox 2251 638 2414 692; x_wconf 88' lang='lat' dir='ltr'>sapien·</span> <span class='ocrx_word' id='word_1_380' title='bbox 2438 675 2441 679; x_wconf 94' lang='grc'>,</span> 
     </span>
    </p>
   </div>
   <div class='ocr_carea' id='block_1_12' title="bbox 1378 710 2413 1903">
    <p class='ocr_par' dir='ltr' id='par_1_14' title="bbox 1378 710 2413 1903">
     <span class='ocr_line' id='line_1_55' title="bbox 1385 710 2413 764; baseline 0 -12"><span class='ocrx_word' id='word_1_381' title='bbox 1385 711 1502 762; x_wconf 85' lang='lat' dir='ltr'>tiam,</span> <span class='ocrx_word' id='word_1_382' title='bbox 1530 723 1733 752; x_wconf 89' lang='lat' dir='ltr'>conserva</span> <span class='ocrx_word' id='word_1_383' title='bbox 1757 711 1966 764; x_wconf 77' lang='lat' dir='ltr'>Justitiam</span> <span class='ocrx_word' id='word_1_384' title='bbox 1981 743 1991 762; x_wconf 92' lang='lat'>,</span> <span class='ocrx_word' id='word_1_385' title='bbox 2014 713 2055 752; x_wconf 86' lang='lat' dir='ltr'>et</span> <span class='ocrx_word' id='word_1_386' title='bbox 2080 712 2187 752; x_wconf 90' lang='lat' dir='ltr'>Deus</span> <span class='ocrx_word' id='word_1_387' title='bbox 2208 710 2413 764; x_wconf 82' lang='lat' dir='ltr'>praebebit</span> 
     </span>
     <span class='ocr_line' id='line_1_56' title="bbox 1384 781 2413 835; baseline 0 -12"><span class='ocrx_word' id='word_1_388' title='bbox 1384 782 1500 823; x_wconf 88' lang='lat' dir='ltr'>illam</span> <span class='ocrx_word' id='word_1_389' title='bbox 1521 783 1611 823; x_wconf 88' lang='lat' dir='ltr'>tibi.</span> <span class='ocrx_word' id='word_1_390' title='bbox 1631 795 1650 819; x_wconf 77' lang='lat'>›)</span> <span class='ocrx_word' id='word_1_391' title='bbox 1673 781 1947 824; x_wconf 85' lang='lat' dir='ltr'>Observantia</span> <span class='ocrx_word' id='word_1_392' title='bbox 1961 782 2137 834; x_wconf 86' lang='lat' dir='ltr'>justitiae</span> <span class='ocrx_word' id='word_1_393' title='bbox 2157 782 2340 835; x_wconf 89' lang='lat' dir='ltr'>disponit</span> <span class='ocrx_word' id='word_1_394' title='bbox 2361 781 2413 823; x_wconf 86' lang='lat' dir='ltr'>ad</span> 
     </span>
     <span class='ocr_line' id='line_1_57' title="bbox 1383 853 2413 906; baseline 0 -12"><span class='ocrx_word' id='word_1_395' title='bbox 1383 854 1658 906; x_wconf 83' lang='lat' dir='ltr'>sapientiam,</span> <span class='ocrx_word' id='word_1_396' title='bbox 1680 854 1788 894; x_wconf 88' lang='lat' dir='ltr'>sicut</span> <span class='ocrx_word' id='word_1_397' title='bbox 1817 854 2027 906; x_wconf 87' lang='lat' dir='ltr'>appetitus</span> <span class='ocrx_word' id='word_1_398' title='bbox 2058 853 2250 894; x_wconf 81' lang='lat' dir='ltr'>materiae</span> <span class='ocrx_word' id='word_1_399' title='bbox 2275 853 2328 894; x_wconf 86' lang='lat' dir='ltr'>ad</span> <span class='ocrx_word' id='word_1_400' title='bbox 2347 854 2413 894; x_wconf 90' lang='lat' dir='ltr'>in-</span> 
     </span>
     <span class='ocr_line' id='line_1_58' title="bbox 1383 924 2413 977; baseline 0 -12"><span class='ocrx_word' id='word_1_401' title='bbox 1383 924 1687 965; x_wconf 86' lang='lat' dir='ltr'>troductionem</span> <span class='ocrx_word' id='word_1_402' title='bbox 1719 925 1885 966; x_wconf 81' lang='lat' dir='ltr'>formae.</span> <span class='ocrx_word' id='word_1_403' title='bbox 1929 924 2106 965; x_wconf 84' lang='lat' dir='ltr'>Inclinat.</span> <span class='ocrx_word' id='word_1_404' title='bbox 2143 924 2256 965; x_wconf 88' lang='lat' dir='ltr'>enim</span> <span class='ocrx_word' id='word_1_405' title='bbox 2289 935 2413 977; x_wconf 84' lang='lat' dir='ltr'>appe-</span> 
     </span>
     <span class='ocr_line' id='line_1_59' title="bbox 1384 995 2413 1045; baseline 0 -10"><span class='ocrx_word' id='word_1_406' title='bbox 1384 995 1498 1045; x_wconf 88' lang='lat' dir='ltr'>titus,</span> <span class='ocrx_word' id='word_1_407' title='bbox 1527 999 1575 1036; x_wconf 87' lang='lat' dir='ltr'>ut</span> <span class='ocrx_word' id='word_1_408' title='bbox 1608 996 1781 1036; x_wconf 83' lang='lat' dir='ltr'>uniatur</span> <span class='ocrx_word' id='word_1_409' title='bbox 1807 995 1943 1036; x_wconf 87' lang='lat' dir='ltr'>forma</span> <span class='ocrx_word' id='word_1_410' title='bbox 1974 995 2164 1036; x_wconf 81' lang='lat' dir='ltr'>materiae</span> <span class='ocrx_word' id='word_1_411' title='bbox 2182 1025 2194 1044; x_wconf 92' lang='lat'>‚</span> <span class='ocrx_word' id='word_1_412' title='bbox 2227 995 2413 1036; x_wconf 88' lang='lat' dir='ltr'>median-</span> 
     </span>
     <span class='ocr_line' id='line_1_60' title="bbox 1381 1066 2412 1121; baseline -0.001 -13"><span class='ocrx_word' id='word_1_413' title='bbox 1381 1068 1496 1109; x_wconf 89' lang='lat' dir='ltr'>tibus</span> <span class='ocrx_word' id='word_1_414' title='bbox 1514 1067 1872 1121; x_wconf 81' lang='lat' dir='ltr'>dispositionibus,</span> <span class='ocrx_word' id='word_1_415' title='bbox 1893 1079 1979 1108; x_wconf 89' lang='lat' dir='ltr'>non</span> <span class='ocrx_word' id='word_1_416' title='bbox 1997 1067 2111 1120; x_wconf 88' lang='lat' dir='ltr'>quod</span> <span class='ocrx_word' id='word_1_417' title='bbox 2127 1066 2210 1107; x_wconf 87' lang='lat' dir='ltr'>illae</span> <span class='ocrx_word' id='word_1_418' title='bbox 2231 1067 2412 1120; x_wconf 87' lang='lat' dir='ltr'>disposi-</span> 
     </span>
     <span class='ocr_line' id='line_1_61' title="bbox 1381 1138 2407 1192; baseline 0.001 -13"><span class='ocrx_word' id='word_1_419' title='bbox 1381 1139 1515 1180; x_wconf 85' lang='lat' dir='ltr'>tiones</span> <span class='ocrx_word' id='word_1_420' title='bbox 1544 1139 1836 1192; x_wconf 80' lang='lat' dir='ltr'>perimantur,</span> <span class='ocrx_word' id='word_1_421' title='bbox 1859 1138 1929 1180; x_wconf 89' lang='lat' dir='ltr'>sed</span> <span class='ocrx_word' id='word_1_422' title='bbox 1955 1138 2094 1190; x_wconf 84' lang='lat' dir='ltr'>magis</span> <span class='ocrx_word' id='word_1_423' title='bbox 2121 1138 2407 1192; x_wconf 85' lang='lat' dir='ltr'>perficiantur.</span> 
     </span>
     <span class='ocr_line' id='line_1_62' title="bbox 1381 1209 2411 1263; baseline 0 -12"><span class='ocrx_word' id='word_1_424' title='bbox 1381 1209 1484 1260; x_wconf 84' lang='lat' dir='ltr'>Quis</span> <span class='ocrx_word' id='word_1_425' title='bbox 1498 1214 1557 1251; x_wconf 87' lang='lat' dir='ltr'>est</span> <span class='ocrx_word' id='word_1_426' title='bbox 1572 1223 1677 1263; x_wconf 84' lang='lat' dir='ltr'>ergo</span> <span class='ocrx_word' id='word_1_427' title='bbox 1693 1211 1842 1251; x_wconf 90' lang='lat' dir='ltr'>modus</span> <span class='ocrx_word' id='word_1_428' title='bbox 1858 1209 2115 1262; x_wconf 89' lang='lat' dir='ltr'>adipiscendi</span> <span class='ocrx_word' id='word_1_429' title='bbox 2129 1209 2378 1262; x_wconf 84' lang='lat' dir='ltr'>sapientiam</span> <span class='ocrx_word' id='word_1_430' title='bbox 2390 1211 2411 1251; x_wconf 69' lang='grc' dir='ltr'>’ἶ</span> 
     </span>
     <span class='ocr_line' id='line_1_63' title="bbox 1381 1280 2410 1335; baseline -0.002 -13"><span class='ocrx_word' id='word_1_431' title='bbox 1381 1281 1670 1335; x_wconf 86' lang='lat' dir='ltr'>Respondetur</span> <span class='ocrx_word' id='word_1_432' title='bbox 1696 1283 1722 1308; x_wconf 76' lang='lat'>¹⁶</span> <span class='ocrx_word' id='word_1_433' title='bbox 1744 1297 1753 1323; x_wconf 88' lang='lat'>:</span> <span class='ocrx_word' id='word_1_434' title='bbox 1776 1297 1794 1320; x_wconf 76' lang='grc' dir='ltr'>α</span> <span class='ocrx_word' id='word_1_435' title='bbox 1814 1281 1984 1322; x_wconf 87' lang='lat' dir='ltr'>Initium</span> <span class='ocrx_word' id='word_1_436' title='bbox 2008 1281 2122 1321; x_wconf 89' lang='lat' dir='ltr'>enim</span> <span class='ocrx_word' id='word_1_437' title='bbox 2142 1280 2256 1321; x_wconf 91' lang='lat' dir='ltr'>illius</span> <span class='ocrx_word' id='word_1_438' title='bbox 2275 1281 2410 1322; x_wconf 83' lang='lat' dir='ltr'>veris-</span> 
     </span>
     <span class='ocr_line' id='line_1_64' title="bbox 1381 1350 2410 1406; baseline -0.001 -14"><span class='ocrx_word' id='word_1_439' title='bbox 1381 1354 1488 1393; x_wconf 88' lang='lat' dir='ltr'>sima</span> <span class='ocrx_word' id='word_1_440' title='bbox 1507 1356 1569 1394; x_wconf 87' lang='lat' dir='ltr'>est</span> <span class='ocrx_word' id='word_1_441' title='bbox 1589 1353 1819 1406; x_wconf 76' lang='lat' dir='ltr'>disciplinae</span> <span class='ocrx_word' id='word_1_442' title='bbox 1840 1351 2191 1405; x_wconf 84' lang='lat' dir='ltr'>concupiscentia.</span> <span class='ocrx_word' id='word_1_443' title='bbox 2215 1350 2410 1392; x_wconf 84' lang='lat' dir='ltr'>Custodia</span> 
     </span>
     <span class='ocr_line' id='line_1_65' title="bbox 1380 1421 2409 1476; baseline -0.001 -13"><span class='ocrx_word' id='word_1_444' title='bbox 1380 1423 1611 1476; x_wconf 85' lang='lat' dir='ltr'>disciplinae</span> <span class='ocrx_word' id='word_1_445' title='bbox 1644 1424 1809 1464; x_wconf 87' lang='lat' dir='ltr'>dilectio</span> <span class='ocrx_word' id='word_1_446' title='bbox 1838 1426 1924 1474; x_wconf 87' lang='lat' dir='ltr'>est,</span> <span class='ocrx_word' id='word_1_447' title='bbox 1953 1426 1994 1463; x_wconf 89' lang='lat' dir='ltr'>et</span> <span class='ocrx_word' id='word_1_448' title='bbox 2025 1422 2188 1463; x_wconf 89' lang='lat' dir='ltr'>dilectio</span> <span class='ocrx_word' id='word_1_449' title='bbox 2221 1421 2409 1463; x_wconf 88' lang='lat' dir='ltr'>custodia</span> 
     </span>
     <span class='ocr_line' id='line_1_66' title="bbox 1378 1492 2410 1547; baseline 0.001 -13"><span class='ocrx_word' id='word_1_450' title='bbox 1378 1493 1528 1547; x_wconf 79' lang='lat' dir='ltr'>legum</span> <span class='ocrx_word' id='word_1_451' title='bbox 1545 1494 1658 1535; x_wconf 89' lang='lat' dir='ltr'>illius</span> <span class='ocrx_word' id='word_1_452' title='bbox 1673 1498 1758 1535; x_wconf 85' lang='lat' dir='ltr'>est:</span> <span class='ocrx_word' id='word_1_453' title='bbox 1777 1494 1964 1535; x_wconf 87' lang='lat' dir='ltr'>custodia</span> <span class='ocrx_word' id='word_1_454' title='bbox 1988 1496 2130 1534; x_wconf 88' lang='lat' dir='ltr'>autem</span> <span class='ocrx_word' id='word_1_455' title='bbox 2146 1492 2294 1545; x_wconf 81' lang='lat' dir='ltr'>legum</span> <span class='ocrx_word' id='word_1_456' title='bbox 2314 1505 2410 1535; x_wconf 87' lang='lat' dir='ltr'>con-</span> 
     </span>
     <span class='ocr_line' id='line_1_67' title="bbox 1380 1565 2408 1618; baseline 0.001 -13"><span class='ocrx_word' id='word_1_457' title='bbox 1380 1566 1607 1605; x_wconf 84' lang='lat' dir='ltr'>summatio</span> <span class='ocrx_word' id='word_1_458' title='bbox 1646 1569 1708 1605; x_wconf 80' lang='lat' dir='ltr'>est</span> <span class='ocrx_word' id='word_1_459' title='bbox 1739 1565 2066 1618; x_wconf 85' lang='lat' dir='ltr'>incorruptionis</span> <span class='ocrx_word' id='word_1_460' title='bbox 2100 1579 2110 1606; x_wconf 73' lang='grc' dir='ltr'><strong><em>ι</em></strong></span> <span class='ocrx_word' id='word_1_461' title='bbox 2147 1565 2408 1618; x_wconf 85' lang='lat' dir='ltr'>incorruptio</span> 
     </span>
     <span class='ocr_line' id='line_1_68' title="bbox 1380 1636 2410 1691; baseline 0.001 -14"><span class='ocrx_word' id='word_1_462' title='bbox 1380 1640 1522 1678; x_wconf 87' lang='lat' dir='ltr'>autem</span> <span class='ocrx_word' id='word_1_463' title='bbox 1543 1638 1638 1677; x_wconf 84' lang='lat' dir='ltr'>facit</span> <span class='ocrx_word' id='word_1_464' title='bbox 1657 1649 1747 1677; x_wconf 88' lang='lat' dir='ltr'>esse</span> <span class='ocrx_word' id='word_1_465' title='bbox 1768 1637 2012 1690; x_wconf 81' lang='lat' dir='ltr'>proximum</span> <span class='ocrx_word' id='word_1_466' title='bbox 2040 1636 2122 1678; x_wconf 88' lang='lat' dir='ltr'>Deo</span> <span class='ocrx_word' id='word_1_467' title='bbox 2153 1651 2162 1677; x_wconf 89' lang='lat'>:</span> <span class='ocrx_word' id='word_1_468' title='bbox 2195 1638 2410 1691; x_wconf 89' lang='lat' dir='ltr'>concupis-</span> 
     </span>
     <span class='ocr_line' id='line_1_69' title="bbox 1380 1707 2408 1761; baseline 0.001 -13"><span class='ocrx_word' id='word_1_469' title='bbox 1380 1709 1515 1748; x_wconf 84' lang='lat' dir='ltr'>centia</span> <span class='ocrx_word' id='word_1_470' title='bbox 1535 1711 1676 1749; x_wconf 86' lang='lat' dir='ltr'>autem</span> <span class='ocrx_word' id='word_1_471' title='bbox 1702 1708 1917 1761; x_wconf 64' lang='lat' dir='ltr'>sapientiae</span> <span class='ocrx_word' id='word_1_472' title='bbox 1944 1707 2120 1748; x_wconf 87' lang='lat' dir='ltr'>deducet</span> <span class='ocrx_word' id='word_1_473' title='bbox 2143 1708 2195 1748; x_wconf 91' lang='lat' dir='ltr'>ad</span> <span class='ocrx_word' id='word_1_474' title='bbox 2223 1720 2408 1760; x_wconf 83' lang='lat' dir='ltr'>regnum</span> 
     </span>
     <span class='ocr_line' id='line_1_70' title="bbox 1379 1779 2408 1833; baseline 0.001 -13"><span class='ocrx_word' id='word_1_475' title='bbox 1379 1782 1648 1832; x_wconf 83' lang='lat' dir='ltr'>perpetuum.</span> <span class='ocrx_word' id='word_1_476' title='bbox 1666 1794 1685 1816; x_wconf 88' lang='lat'>»</span> <span class='ocrx_word' id='word_1_477' title='bbox 1706 1779 2049 1832; x_wconf 82' lang='lat' dir='ltr'>Concupiscentia</span> <span class='ocrx_word' id='word_1_478' title='bbox 2068 1790 2174 1831; x_wconf 82' lang='lat' dir='ltr'>ergo</span> <span class='ocrx_word' id='word_1_479' title='bbox 2193 1779 2408 1833; x_wconf 87' lang='lat' dir='ltr'>sapientiae</span> 
     </span>
     <span class='ocr_line' id='line_1_71' title="bbox 1381 1849 2410 1903; baseline 0.001 -12"><span class='ocrx_word' id='word_1_480' title='bbox 1381 1854 1556 1902; x_wconf 81' lang='lat' dir='ltr'>generat</span> <span class='ocrx_word' id='word_1_481' title='bbox 1576 1850 1956 1903; x_wconf 85' lang='lat' dir='ltr'>concupiscentiam</span> <span class='ocrx_word' id='word_1_482' title='bbox 1987 1849 2234 1902; x_wconf 75' lang='lat' dir='ltr'>disciplinae.</span> <span class='ocrx_word' id='word_1_483' title='bbox 2273 1850 2410 1892; x_wconf 91' lang='lat' dir='ltr'>Disci-</span> 
     </span>
    </p>
   </div>
   <div class='ocr_carea' id='block_1_13' title="bbox 1378 1920 2448 1989">
    <p class='ocr_par' dir='ltr' id='par_1_15' title="bbox 1378 1920 2448 1989">
     <span class='ocr_line' id='line_1_72' title="bbox 1378 1920 2448 1989; baseline 0.001 -27"><span class='ocrx_word' id='word_1_484' title='bbox 1378 1923 1492 1976; x_wconf 88' lang='lat' dir='ltr'>plina</span> <span class='ocrx_word' id='word_1_485' title='bbox 1504 1925 1645 1963; x_wconf 89' lang='lat' dir='ltr'>autem</span> <span class='ocrx_word' id='word_1_486' title='bbox 1660 1922 1818 1974; x_wconf 81' lang='lat' dir='ltr'>duplex</span> <span class='ocrx_word' id='word_1_487' title='bbox 1834 1924 1910 1970; x_wconf 88' lang='lat' dir='ltr'>est,</span> <span class='ocrx_word' id='word_1_488' title='bbox 1928 1920 2082 1961; x_wconf 88' lang='lat' dir='ltr'>scilicet</span> <span class='ocrx_word' id='word_1_489' title='bbox 2096 1920 2358 1973; x_wconf 85' lang='lat' dir='ltr'>scholastica,</span> <span class='ocrx_word' id='word_1_490' title='bbox 2371 1924 2412 1963; x_wconf 84' lang='lat' dir='ltr'>et</span> <span class='ocrx_word' id='word_1_491' title='bbox 2430 1920 2448 1989; x_wconf 60' lang='grc' dir='ltr'>ξ</span> 
     </span>
    </p>
   </div>
   <div class='ocr_carea' id='block_1_14' title="bbox 1377 1991 2413 3325">
    <p class='ocr_par' dir='ltr' id='par_1_16' title="bbox 1377 1991 2413 3325">
     <span class='ocr_line' id='line_1_73' title="bbox 1379 1991 2413 2045; baseline 0 -11"><span class='ocrx_word' id='word_1_492' title='bbox 1379 1994 1624 2035; x_wconf 85' lang='lat' dir='ltr'>monastica.</span> <span class='ocrx_word' id='word_1_493' title='bbox 1655 1992 1812 2033; x_wconf 86' lang='lat' dir='ltr'>Neutra</span> <span class='ocrx_word' id='word_1_494' title='bbox 1838 1991 1987 2032; x_wconf 86' lang='lat' dir='ltr'>sufficit</span> <span class='ocrx_word' id='word_1_495' title='bbox 2010 1992 2061 2032; x_wconf 87' lang='lat' dir='ltr'>ad</span> <span class='ocrx_word' id='word_1_496' title='bbox 2091 1992 2317 2045; x_wconf 87' lang='lat' dir='ltr'>perfectam</span> <span class='ocrx_word' id='word_1_497' title='bbox 2350 2004 2413 2034; x_wconf 87' lang='lat' dir='ltr'>sa-</span> 
     </span>
     <span class='ocr_line' id='line_1_74' title="bbox 1379 2063 2412 2118; baseline 0.002 -14"><span class='ocrx_word' id='word_1_498' title='bbox 1379 2065 1597 2118; x_wconf 84' lang='lat' dir='ltr'>pientiam,</span> <span class='ocrx_word' id='word_1_499' title='bbox 1623 2063 1724 2117; x_wconf 86' lang='lat' dir='ltr'>quia</span> <span class='ocrx_word' id='word_1_500' title='bbox 1743 2076 1829 2104; x_wconf 88' lang='lat' dir='ltr'>non</span> <span class='ocrx_word' id='word_1_501' title='bbox 1847 2063 2055 2104; x_wconf 89' lang='lat' dir='ltr'>audiendo</span> <span class='ocrx_word' id='word_1_502' title='bbox 2076 2064 2230 2115; x_wconf 89' lang='lat' dir='ltr'>solum,</span> <span class='ocrx_word' id='word_1_503' title='bbox 2251 2063 2323 2105; x_wconf 89' lang='lat' dir='ltr'>sed</span> <span class='ocrx_word' id='word_1_504' title='bbox 2340 2065 2412 2106; x_wconf 90' lang='lat' dir='ltr'>ob-</span> 
     </span>
     <span class='ocr_line' id='line_1_75' title="bbox 1379 2134 2412 2187; baseline 0.002 -12"><span class='ocrx_word' id='word_1_505' title='bbox 1379 2135 1586 2176; x_wconf 87' lang='lat' dir='ltr'>servando</span> <span class='ocrx_word' id='word_1_506' title='bbox 1606 2135 1653 2175; x_wconf 84' lang='lat' dir='ltr'>fit</span> <span class='ocrx_word' id='word_1_507' title='bbox 1670 2135 1799 2175; x_wconf 89' lang='lat' dir='ltr'>homo</span> <span class='ocrx_word' id='word_1_508' title='bbox 1817 2134 1998 2187; x_wconf 79' lang='lat' dir='ltr'>sapiens,</span> <span class='ocrx_word' id='word_1_509' title='bbox 2019 2134 2137 2175; x_wconf 89' lang='lat' dir='ltr'>Unde</span> <span class='ocrx_word' id='word_1_510' title='bbox 2157 2135 2287 2176; x_wconf 92' lang='lat' dir='ltr'>David</span> <span class='ocrx_word' id='word_1_511' title='bbox 2305 2135 2412 2177; x_wconf 89' lang='lat' dir='ltr'>dice-</span> 
     </span>
     <span class='ocr_line' id='line_1_76' title="bbox 1379 2205 2411 2259; baseline 0.002 -13"><span class='ocrx_word' id='word_1_512' title='bbox 1379 2206 1449 2246; x_wconf 86' lang='lat' dir='ltr'>bat</span> <span class='ocrx_word' id='word_1_513' title='bbox 1463 2210 1491 2231; x_wconf 74' lang='lat'>¹⁷</span> <span class='ocrx_word' id='word_1_514' title='bbox 1517 2220 1526 2246; x_wconf 73' lang='grc' dir='ltr'>ε</span> <span class='ocrx_word' id='word_1_515' title='bbox 1550 2205 1830 2257; x_wconf 87' lang='lat' dir='ltr'>«Bonitatem,</span> <span class='ocrx_word' id='word_1_516' title='bbox 1858 2208 1899 2246; x_wconf 84' lang='lat' dir='ltr'>et</span> <span class='ocrx_word' id='word_1_517' title='bbox 1915 2205 2197 2259; x_wconf 85' lang='lat' dir='ltr'>disciplinam,</span> <span class='ocrx_word' id='word_1_518' title='bbox 2215 2210 2256 2247; x_wconf 82' lang='lat' dir='ltr'>et</span> <span class='ocrx_word' id='word_1_519' title='bbox 2275 2207 2411 2248; x_wconf 87' lang='lat' dir='ltr'>scien-</span> 
     </span>
     <span class='ocr_line' id='line_1_77' title="bbox 1378 2277 2408 2330; baseline 0.003 -13"><span class='ocrx_word' id='word_1_520' title='bbox 1378 2278 1481 2317; x_wconf 89' lang='lat' dir='ltr'>tiam</span> <span class='ocrx_word' id='word_1_521' title='bbox 1501 2277 1602 2318; x_wconf 90' lang='lat' dir='ltr'>doce</span> <span class='ocrx_word' id='word_1_522' title='bbox 1623 2289 1690 2318; x_wconf 88' lang='lat' dir='ltr'>me</span> <span class='ocrx_word' id='word_1_523' title='bbox 1704 2310 1714 2327; x_wconf 84' lang='lat'>,</span> <span class='ocrx_word' id='word_1_524' title='bbox 1736 2292 1755 2314; x_wconf 72' lang='lat' dir='ltr'>n</span> <span class='ocrx_word' id='word_1_525' title='bbox 1784 2277 1883 2330; x_wconf 88' lang='lat' dir='ltr'>quia</span> <span class='ocrx_word' id='word_1_526' title='bbox 1907 2277 2078 2317; x_wconf 87' lang='lat' dir='ltr'>scientia</span> <span class='ocrx_word' id='word_1_527' title='bbox 2098 2289 2184 2318; x_wconf 86' lang='lat' dir='ltr'>non</span> <span class='ocrx_word' id='word_1_528' title='bbox 2210 2278 2408 2330; x_wconf 83' lang='lat' dir='ltr'>habetur,</span> 
     </span>
     <span class='ocr_line' id='line_1_78' title="bbox 1378 2349 2408 2403; baseline 0 -13"><span class='ocrx_word' id='word_1_529' title='bbox 1378 2350 1458 2390; x_wconf 90' lang='lat' dir='ltr'>nisi</span> <span class='ocrx_word' id='word_1_530' title='bbox 1479 2350 1688 2403; x_wconf 69' lang='lat' dir='ltr'>praecedat</span> <span class='ocrx_word' id='word_1_531' title='bbox 1715 2349 1948 2402; x_wconf 90' lang='lat' dir='ltr'>disciplina;</span> <span class='ocrx_word' id='word_1_532' title='bbox 1972 2361 2049 2389; x_wconf 88' lang='lat' dir='ltr'>nec</span> <span class='ocrx_word' id='word_1_533' title='bbox 2066 2349 2282 2402; x_wconf 84' lang='lat' dir='ltr'>disciplina</span> <span class='ocrx_word' id='word_1_534' title='bbox 2296 2381 2306 2400; x_wconf 94' lang='lat'>,</span> <span class='ocrx_word' id='word_1_535' title='bbox 2327 2350 2408 2390; x_wconf 92' lang='lat' dir='ltr'>nisi</span> 
     </span>
     <span class='ocr_line' id='line_1_79' title="bbox 1379 2420 2412 2473; baseline 0 -12"><span class='ocrx_word' id='word_1_536' title='bbox 1379 2421 1588 2473; x_wconf 86' lang='lat' dir='ltr'>praecedat</span> <span class='ocrx_word' id='word_1_537' title='bbox 1601 2421 1790 2461; x_wconf 87' lang='lat' dir='ltr'>bonitas:</span> <span class='ocrx_word' id='word_1_538' title='bbox 1809 2422 1849 2460; x_wconf 90' lang='lat' dir='ltr'>et</span> <span class='ocrx_word' id='word_1_539' title='bbox 1867 2420 1925 2460; x_wconf 89' lang='lat' dir='ltr'>sic</span> <span class='ocrx_word' id='word_1_540' title='bbox 1946 2432 2019 2472; x_wconf 90' lang='lat' dir='ltr'>per</span> <span class='ocrx_word' id='word_1_541' title='bbox 2033 2420 2262 2461; x_wconf 88' lang='lat' dir='ltr'>bonitatem</span> <span class='ocrx_word' id='word_1_542' title='bbox 2275 2423 2316 2461; x_wconf 88' lang='lat' dir='ltr'>et</span> <span class='ocrx_word' id='word_1_543' title='bbox 2332 2420 2412 2462; x_wconf 90' lang='lat' dir='ltr'>dis-</span> 
     </span>
     <span class='ocr_line' id='line_1_80' title="bbox 1378 2490 2410 2545; baseline 0.001 -14"><span class='ocrx_word' id='word_1_544' title='bbox 1378 2492 1576 2545; x_wconf 88' lang='lat' dir='ltr'>ciplinam</span> <span class='ocrx_word' id='word_1_545' title='bbox 1591 2491 1700 2531; x_wconf 87' lang='lat' dir='ltr'>inest</span> <span class='ocrx_word' id='word_1_546' title='bbox 1713 2491 1833 2531; x_wconf 90' lang='lat' dir='ltr'>nobis</span> <span class='ocrx_word' id='word_1_547' title='bbox 1855 2491 2042 2531; x_wconf 88' lang='lat' dir='ltr'>scientia.</span> <span class='ocrx_word' id='word_1_548' title='bbox 2060 2490 2264 2543; x_wconf 79' lang='lat' dir='ltr'>AEgrotus</span> <span class='ocrx_word' id='word_1_549' title='bbox 2283 2491 2410 2532; x_wconf 89' lang='lat' dir='ltr'>etiam</span> 
     </span>
     <span class='ocr_line' id='line_1_81' title="bbox 1377 2562 2408 2616; baseline 0 -12"><span class='ocrx_word' id='word_1_550' title='bbox 1377 2576 1464 2604; x_wconf 85' lang='lat' dir='ltr'>non</span> <span class='ocrx_word' id='word_1_551' title='bbox 1483 2564 1656 2604; x_wconf 87' lang='lat' dir='ltr'>sanatur</span> <span class='ocrx_word' id='word_1_552' title='bbox 1695 2562 1902 2603; x_wconf 90' lang='lat' dir='ltr'>audiendo</span> <span class='ocrx_word' id='word_1_553' title='bbox 1934 2562 2145 2604; x_wconf 88' lang='lat' dir='ltr'>medicum</span> <span class='ocrx_word' id='word_1_554' title='bbox 2161 2595 2174 2614; x_wconf 94' lang='lat'>,</span> <span class='ocrx_word' id='word_1_555' title='bbox 2197 2563 2270 2604; x_wconf 89' lang='lat' dir='ltr'>sed</span> <span class='ocrx_word' id='word_1_556' title='bbox 2297 2574 2408 2616; x_wconf 81' lang='lat' dir='ltr'>prae-</span> 
     </span>
     <span class='ocr_line' id='line_1_82' title="bbox 1378 2634 2410 2688; baseline 0 -13"><span class='ocrx_word' id='word_1_557' title='bbox 1378 2637 1496 2688; x_wconf 89' lang='lat' dir='ltr'>cepta</span> <span class='ocrx_word' id='word_1_558' title='bbox 1513 2636 1606 2687; x_wconf 89' lang='lat' dir='ltr'>ejus</span> <span class='ocrx_word' id='word_1_559' title='bbox 1628 2634 1835 2675; x_wconf 85' lang='lat' dir='ltr'>servando</span> <span class='ocrx_word' id='word_1_560' title='bbox 1852 2648 1860 2675; x_wconf 92' lang='lat'>:</span> <span class='ocrx_word' id='word_1_561' title='bbox 1877 2634 1977 2687; x_wconf 87' lang='lat' dir='ltr'>quia</span> <span class='ocrx_word' id='word_1_562' title='bbox 1991 2646 2097 2687; x_wconf 84' lang='lat' dir='ltr'>ergo</span> <span class='ocrx_word' id='word_1_563' title='bbox 2113 2635 2235 2688; x_wconf 86' lang='lat' dir='ltr'>pauci</span> <span class='ocrx_word' id='word_1_564' title='bbox 2247 2634 2410 2676; x_wconf 84' lang='lat' dir='ltr'>vadunt</span> 
     </span>
     <span class='ocr_line' id='line_1_83' title="bbox 1378 2705 2407 2759; baseline 0 -12"><span class='ocrx_word' id='word_1_565' title='bbox 1378 2719 1452 2759; x_wconf 90' lang='lat' dir='ltr'>per</span> <span class='ocrx_word' id='word_1_566' title='bbox 1474 2707 1600 2746; x_wconf 87' lang='lat' dir='ltr'>istam</span> <span class='ocrx_word' id='word_1_567' title='bbox 1626 2706 1742 2748; x_wconf 87' lang='lat' dir='ltr'>viam</span> <span class='ocrx_word' id='word_1_568' title='bbox 1769 2706 2001 2758; x_wconf 69' lang='lat' dir='ltr'>sapientiae,</span> <span class='ocrx_word' id='word_1_569' title='bbox 2035 2706 2130 2746; x_wconf 89' lang='lat' dir='ltr'>ideo</span> <span class='ocrx_word' id='word_1_570' title='bbox 2159 2705 2281 2758; x_wconf 87' lang='lat' dir='ltr'>pauci</span> <span class='ocrx_word' id='word_1_571' title='bbox 2311 2718 2407 2759; x_wconf 86' lang='lat' dir='ltr'>per-</span> 
     </span>
     <span class='ocr_line' id='line_1_84' title="bbox 1377 2776 2408 2830; baseline 0.002 -14"><span class='ocrx_word' id='word_1_572' title='bbox 1377 2776 1555 2816; x_wconf 86' lang='lat' dir='ltr'>veniunt</span> <span class='ocrx_word' id='word_1_573' title='bbox 1573 2777 1625 2817; x_wconf 89' lang='lat' dir='ltr'>ad</span> <span class='ocrx_word' id='word_1_574' title='bbox 1650 2788 1795 2818; x_wconf 87' lang='lat' dir='ltr'>veram</span> <span class='ocrx_word' id='word_1_575' title='bbox 1817 2776 2080 2829; x_wconf 88' lang='lat' dir='ltr'>sapientiam.</span> <span class='ocrx_word' id='word_1_576' title='bbox 2103 2776 2408 2830; x_wconf 87' lang='lat' dir='ltr'>Concupiscen-</span> 
     </span>
     <span class='ocr_line' id='line_1_85' title="bbox 1377 2845 2408 2900; baseline 0.003 -14"><span class='ocrx_word' id='word_1_577' title='bbox 1377 2846 1435 2886; x_wconf 87' lang='lat' dir='ltr'>tia</span> <span class='ocrx_word' id='word_1_578' title='bbox 1467 2847 1581 2887; x_wconf 87' lang='lat' dir='ltr'>enim</span> <span class='ocrx_word' id='word_1_579' title='bbox 1613 2845 1844 2899; x_wconf 78' lang='lat' dir='ltr'>disciplinae</span> <span class='ocrx_word' id='word_1_580' title='bbox 1869 2847 1943 2887; x_wconf 91' lang='lat' dir='ltr'>ubi</span> <span class='ocrx_word' id='word_1_581' title='bbox 1977 2849 2063 2898; x_wconf 86' lang='lat' dir='ltr'>est,</span> <span class='ocrx_word' id='word_1_582' title='bbox 2087 2847 2195 2900; x_wconf 84' lang='lat' dir='ltr'>parit</span> <span class='ocrx_word' id='word_1_583' title='bbox 2222 2847 2408 2889; x_wconf 82' lang='lat' dir='ltr'>dilectio-</span> 
     </span>
     <span class='ocr_line' id='line_1_86' title="bbox 1377 2917 2405 2970; baseline 0.003 -13"><span class='ocrx_word' id='word_1_584' title='bbox 1377 2930 1500 2968; x_wconf 89' lang='lat' dir='ltr'>nem,</span> <span class='ocrx_word' id='word_1_585' title='bbox 1533 2917 1697 2959; x_wconf 87' lang='lat' dir='ltr'>dilectio</span> <span class='ocrx_word' id='word_1_586' title='bbox 1734 2917 1960 2968; x_wconf 74' lang='lat' dir='ltr'>virtutem,</span> <span class='ocrx_word' id='word_1_587' title='bbox 1998 2929 2094 2969; x_wconf 84' lang='lat' dir='ltr'>quae</span> <span class='ocrx_word' id='word_1_588' title='bbox 2121 2918 2177 2958; x_wconf 90' lang='lat' dir='ltr'>sit</span> <span class='ocrx_word' id='word_1_589' title='bbox 2198 2918 2405 2970; x_wconf 90' lang='lat' dir='ltr'>liberalis,</span> 
     </span>
     <span class='ocr_line' id='line_1_87' title="bbox 1377 2989 2409 3040; baseline 0.003 -12"><span class='ocrx_word' id='word_1_590' title='bbox 1377 3001 1462 3029; x_wconf 89' lang='lat' dir='ltr'>non</span> <span class='ocrx_word' id='word_1_591' title='bbox 1494 2989 1686 3040; x_wconf 85' lang='lat' dir='ltr'>servilis;</span> <span class='ocrx_word' id='word_1_592' title='bbox 1720 3001 1774 3029; x_wconf 80' lang='lat' dir='ltr'>ex</span> <span class='ocrx_word' id='word_1_593' title='bbox 1810 3000 1978 3038; x_wconf 85' lang='lat' dir='ltr'>amore,</span> <span class='ocrx_word' id='word_1_594' title='bbox 2012 3001 2098 3029; x_wconf 89' lang='lat' dir='ltr'>non</span> <span class='ocrx_word' id='word_1_595' title='bbox 2129 2989 2314 3031; x_wconf 87' lang='lat' dir='ltr'>timore:</span> <span class='ocrx_word' id='word_1_596' title='bbox 2349 2990 2409 3031; x_wconf 89' lang='lat' dir='ltr'>sic</span> 
     </span>
     <span class='ocr_line' id='line_1_88' title="bbox 1377 3059 2404 3112; baseline 0.002 -12"><span class='ocrx_word' id='word_1_597' title='bbox 1377 3063 1520 3101; x_wconf 85' lang='lat' dir='ltr'>autem</span> <span class='ocrx_word' id='word_1_598' title='bbox 1547 3072 1646 3100; x_wconf 90' lang='lat' dir='ltr'>cum</span> <span class='ocrx_word' id='word_1_599' title='bbox 1667 3059 1810 3111; x_wconf 81' lang='lat' dir='ltr'>diligis</span> <span class='ocrx_word' id='word_1_600' title='bbox 1830 3059 1989 3099; x_wconf 90' lang='lat' dir='ltr'>bonum</span> <span class='ocrx_word' id='word_1_601' title='bbox 2003 3091 2016 3110; x_wconf 97' lang='lat'>,</span> <span class='ocrx_word' id='word_1_602' title='bbox 2046 3060 2185 3112; x_wconf 86' lang='lat' dir='ltr'>legem</span> <span class='ocrx_word' id='word_1_603' title='bbox 2206 3061 2404 3112; x_wconf 86' lang='lat' dir='ltr'>custodiS‚</span> 
     </span>
     <span class='ocr_line' id='line_1_89' title="bbox 1377 3130 2408 3185; baseline 0.001 -13"><span class='ocrx_word' id='word_1_604' title='bbox 1377 3135 1425 3172; x_wconf 85' lang='lat' dir='ltr'>ut</span> <span class='ocrx_word' id='word_1_605' title='bbox 1455 3132 1616 3172; x_wconf 89' lang='lat' dir='ltr'>dictum</span> <span class='ocrx_word' id='word_1_606' title='bbox 1648 3134 1722 3182; x_wconf 86' lang='lat' dir='ltr'>est,</span> <span class='ocrx_word' id='word_1_607' title='bbox 1755 3130 1856 3183; x_wconf 87' lang='lat' dir='ltr'>quia</span> <span class='ocrx_word' id='word_1_608' title='bbox 1888 3133 1917 3155; x_wconf 82' lang='lat'>¹⁸</span> <span class='ocrx_word' id='word_1_609' title='bbox 1950 3145 1969 3169; x_wconf 76' lang='lat' dir='ltr'>c&lt;</span> <span class='ocrx_word' id='word_1_610' title='bbox 1987 3131 2085 3171; x_wconf 87' lang='lat' dir='ltr'>finis</span> <span class='ocrx_word' id='word_1_611' title='bbox 2116 3132 2313 3185; x_wconf 81' lang='lat' dir='ltr'>praecepti</span> <span class='ocrx_word' id='word_1_612' title='bbox 2347 3135 2408 3173; x_wconf 89' lang='lat' dir='ltr'>est</span> 
     </span>
     <span class='ocr_line' id='line_1_90' title="bbox 1378 3200 2405 3253; baseline 0 -10"><span class='ocrx_word' id='word_1_613' title='bbox 1378 3203 1559 3243; x_wconf 86' lang='lat' dir='ltr'>charitas</span> <span class='ocrx_word' id='word_1_614' title='bbox 1593 3201 1642 3242; x_wconf 88' lang='lat' dir='ltr'>de</span> <span class='ocrx_word' id='word_1_615' title='bbox 1674 3201 1798 3242; x_wconf 87' lang='lat' dir='ltr'>corde</span> <span class='ocrx_word' id='word_1_616' title='bbox 1829 3212 1951 3253; x_wconf 85' lang='lat' dir='ltr'>puro.</span> <span class='ocrx_word' id='word_1_617' title='bbox 1986 3216 2005 3239; x_wconf 80' lang='lat'>›)</span> <span class='ocrx_word' id='word_1_618' title='bbox 2049 3200 2225 3250; x_wconf 84' lang='lat' dir='ltr'>Quando</span> <span class='ocrx_word' id='word_1_619' title='bbox 2260 3203 2405 3243; x_wconf 82' lang='lat' dir='ltr'>autem</span> 
     </span>
     <span class='ocr_line' id='line_1_91' title="bbox 1378 3272 2406 3325; baseline 0 -10"><span class='ocrx_word' id='word_1_620' title='bbox 1378 3274 1560 3315; x_wconf 89' lang='lat' dir='ltr'>custodis</span> <span class='ocrx_word' id='word_1_621' title='bbox 1600 3273 1741 3325; x_wconf 82' lang='lat' dir='ltr'>legem</span> <span class='ocrx_word' id='word_1_622' title='bbox 1757 3303 1768 3322; x_wconf 94' lang='lat'>,</span> <span class='ocrx_word' id='word_1_623' title='bbox 1809 3272 2102 3324; x_wconf 74' lang='lat' dir='ltr'>sanctificaris,</span> <span class='ocrx_word' id='word_1_624' title='bbox 2145 3276 2186 3313; x_wconf 89' lang='lat' dir='ltr'>et</span> <span class='ocrx_word' id='word_1_625' title='bbox 2231 3273 2406 3315; x_wconf 82' lang='lat' dir='ltr'>efficeris</span> 
     </span>
    </p>
   </div>
   <div class='ocr_carea' id='block_1_15' title="bbox 1377 3367 2405 3411">
    <p class='ocr_par' dir='ltr' id='par_1_17' title="bbox 1377 3367 2405 3411">
     <span class='ocr_line' id='line_1_92' title="bbox 1377 3367 2405 3411; baseline -0.001 -9"><span class='ocrx_word' id='word_1_626' title='bbox 1377 3379 1430 3411; x_wconf 75' lang='lat'>111,</span> <span class='ocrx_word' id='word_1_627' title='bbox 1454 3372 1501 3410; x_wconf 82' lang='lat'>10,</span> <span class='ocrx_word' id='word_1_628' title='bbox 1525 3372 1574 3401; x_wconf 84' lang='lat'>11.</span> <span class='ocrx_word' id='word_1_629' title='bbox 1595 3386 1635 3391; x_wconf 92' lang='lat'><em>-</em></span> <span class='ocrx_word' id='word_1_630' title='bbox 1657 3369 1680 3390; x_wconf 85' lang='lat'>¹0</span> <span class='ocrx_word' id='word_1_631' title='bbox 1705 3367 1841 3406; x_wconf 68' lang='lat' dir='ltr'>Coloss„</span> <span class='ocrx_word' id='word_1_632' title='bbox 1869 3375 1914 3408; x_wconf 78' lang='grc' dir='ltr'>Π,</span> <span class='ocrx_word' id='word_1_633' title='bbox 1931 3369 1961 3399; x_wconf 83' lang='grc'>3.</span> <span class='ocrx_word' id='word_1_634' title='bbox 1982 3386 2022 3391; x_wconf 94' lang='grc'>-</span> <span class='ocrx_word' id='word_1_635' title='bbox 2044 3369 2068 3390; x_wconf 90' lang='lat'>¹¹</span> <span class='ocrx_word' id='word_1_636' title='bbox 2088 3368 2208 3408; x_wconf 68' lang='lat' dir='ltr'>Eccle„</span> <span class='ocrx_word' id='word_1_637' title='bbox 2232 3372 2348 3410; x_wconf 80' lang='lat'>11,14.</span> <span class='ocrx_word' id='word_1_638' title='bbox 2365 3386 2405 3393; x_wconf 88' lang='lat'><em>—</em></span> 
     </span>
    </p>
   </div>
   <div class='ocr_carea' id='block_1_16' title="bbox 1379 3414 2404 3551">
    <p class='ocr_par' dir='ltr' id='par_1_18' title="bbox 1379 3414 2404 3551">
     <span class='ocr_line' id='line_1_93' title="bbox 1380 3414 2404 3457; baseline -0.001 -9"><span class='ocrx_word' id='word_1_639' title='bbox 1380 3419 1404 3440; x_wconf 75' lang='lat'>¹2</span> <span class='ocrx_word' id='word_1_640' title='bbox 1422 3418 1528 3453; x_wconf 64' lang='lat' dir='ltr'>Jocm„</span> <span class='ocrx_word' id='word_1_641' title='bbox 1550 3424 1638 3454; x_wconf 70' lang='lat' dir='ltr'>xvn,</span> <span class='ocrx_word' id='word_1_642' title='bbox 1659 3416 1689 3446; x_wconf 86' lang='lat'>3.</span> <span class='ocrx_word' id='word_1_643' title='bbox 1707 3432 1745 3437; x_wconf 98' lang='lat'><strong>—</strong></span> <span class='ocrx_word' id='word_1_644' title='bbox 1764 3415 1789 3436; x_wconf 71' lang='lat'>¹³</span> <span class='ocrx_word' id='word_1_645' title='bbox 1811 3414 1897 3446; x_wconf 75' lang='lat' dir='ltr'>Psal.</span> <span class='ocrx_word' id='word_1_646' title='bbox 1920 3423 2024 3456; x_wconf 75' lang='lat' dir='ltr'>Lxxx,</span> <span class='ocrx_word' id='word_1_647' title='bbox 2043 3418 2135 3447; x_wconf 83' lang='lat'>11.—</span> <span class='ocrx_word' id='word_1_648' title='bbox 2156 3416 2179 3437; x_wconf 78' lang='lat'>¹¹·</span> <span class='ocrx_word' id='word_1_649' title='bbox 2200 3418 2208 3448; x_wconf 89' lang='grc' dir='ltr'>Ι</span> <span class='ocrx_word' id='word_1_650' title='bbox 2227 3417 2333 3457; x_wconf 80' lang='grc' dir='ltr'>.Ιοαη.,</span> <span class='ocrx_word' id='word_1_651' title='bbox 2358 3424 2404 3457; x_wconf 81' lang='lat' dir='ltr'>iv,</span> 
     </span>
     <span class='ocr_line' id='line_1_94' title="bbox 1380 3462 2402 3504; baseline 0 -9"><span class='ocrx_word' id='word_1_652' title='bbox 1380 3467 1428 3497; x_wconf 76' lang='grc'>16.</span> <span class='ocrx_word' id='word_1_653' title='bbox 1450 3482 1490 3487; x_wconf 87' lang='lat'><em>-</em></span> <span class='ocrx_word' id='word_1_654' title='bbox 1519 3465 1543 3485; x_wconf 74' lang='lat'>¹³</span> <span class='ocrx_word' id='word_1_655' title='bbox 1560 3462 1677 3499; x_wconf 65' lang='lat' dir='ltr'>Eccli„</span> <span class='ocrx_word' id='word_1_656' title='bbox 1701 3470 1726 3502; x_wconf 76' lang='grc' dir='ltr'>Ι,</span> <span class='ocrx_word' id='word_1_657' title='bbox 1746 3464 1797 3493; x_wconf 84' lang='grc'>33.</span> <span class='ocrx_word' id='word_1_658' title='bbox 1814 3479 1853 3485; x_wconf 88' lang='lat'>·—</span> <span class='ocrx_word' id='word_1_659' title='bbox 1877 3463 1901 3481; x_wconf 75' lang='lat'>¹⁶</span> <span class='ocrx_word' id='word_1_660' title='bbox 1922 3463 2066 3504; x_wconf 76' lang='lat' dir='ltr'>Sap.‚v1,</span> <span class='ocrx_word' id='word_1_661' title='bbox 2091 3465 2252 3497; x_wconf 81' lang='lat'>18-21.—</span> <span class='ocrx_word' id='word_1_662' title='bbox 2273 3464 2298 3488; x_wconf 81' lang='lat'>¹⁷</span> <span class='ocrx_word' id='word_1_663' title='bbox 2313 3465 2402 3496; x_wconf 81' lang='lat' dir='ltr'>Psal.</span> 
     </span>
     <span class='ocr_line' id='line_1_95' title="bbox 1379 3509 1919 3551; baseline -0.007 -7"><span class='ocrx_word' id='word_1_664' title='bbox 1379 3520 1499 3551; x_wconf 68' lang='lat' dir='ltr'>cxxiii,</span> <span class='ocrx_word' id='word_1_665' title='bbox 1521 3513 1572 3542; x_wconf 72' lang='grc'>66.</span> <span class='ocrx_word' id='word_1_666' title='bbox 1593 3528 1627 3532; x_wconf 95' lang='grc'>-</span> <span class='ocrx_word' id='word_1_667' title='bbox 1653 3509 1679 3531; x_wconf 80' lang='lat'>¹⁸</span> <span class='ocrx_word' id='word_1_668' title='bbox 1697 3510 1707 3540; x_wconf 90' lang='grc' dir='ltr'>Ι</span> <span class='ocrx_word' id='word_1_669' title='bbox 1728 3509 1822 3545; x_wconf 60' lang='lat' dir='ltr'>Tim„</span> <span class='ocrx_word' id='word_1_670' title='bbox 1847 3518 1868 3549; x_wconf 89' lang='grc' dir='ltr'>ι,</span> <span class='ocrx_word' id='word_1_671' title='bbox 1888 3511 1919 3541; x_wconf 72' lang='lat'>35.</span> 
     </span>
    </p>
   </div>
   <div class='ocr_carea' id='block_1_17' title="bbox 1424 3569 1856 3611">
    <p class='ocr_par' dir='ltr' id='par_1_19' title="bbox 1424 3569 1856 3611">
     <span class='ocr_line' id='line_1_96' title="bbox 1424 3569 1856 3611; baseline -0.007 -7"><span class='ocrx_word' id='word_1_672' title='bbox 1424 3574 1465 3611; x_wconf 73' lang='lat' dir='ltr'>(a)</span> <span class='ocrx_word' id='word_1_673' title='bbox 1494 3570 1670 3603; x_wconf 71' lang='lat' dir='ltr'>Delendum</span> <span class='ocrx_word' id='word_1_674' title='bbox 1688 3569 1856 3611; x_wconf 74' lang='lat' dir='ltr'>judicans.</span> 
     </span>
    </p>
   </div>
   <div class='ocr_carea' id='block_1_18' title="bbox 2474 1869 2568 1897">
    <p class='ocr_par' dir='ltr' id='par_1_20' title="bbox 2474 1869 2568 1897">
     <span class='ocr_line' id='line_1_97' title="bbox 2474 1869 2568 1897; baseline -0.011 0"><span class='ocrx_word' id='word_1_675' title='bbox 2474 1869 2568 1897; x_wconf 76' lang='lat' dir='ltr'>Disci-</span> 
     </span>
    </p>
   </div>
   <div class='ocr_carea' id='block_1_19' title="bbox 2451 1911 2633 1938">
    <p class='ocr_par' dir='ltr' id='par_1_21' title="bbox 2451 1911 2633 1938">
     <span class='ocr_line' id='line_1_98' title="bbox 2451 1911 2633 1938; baseline -0.005 0"><span class='ocrx_word' id='word_1_676' title='bbox 2451 1911 2510 1938; x_wconf 87' lang='lat' dir='ltr'>lina</span> <span class='ocrx_word' id='word_1_677' title='bbox 2520 1911 2569 1938; x_wconf 91' lang='lat' dir='ltr'>du·</span> <span class='ocrx_word' id='word_1_678' title='bbox 2629 1911 2633 1921; x_wconf 67' lang='grc'><em>“</em></span> 
     </span>
    </p>
   </div>
   <div class='ocr_carea' id='block_1_20' title="bbox 2451 1954 2507 1981">
    <p class='ocr_par' dir='ltr' id='par_1_22' title="bbox 2451 1954 2507 1981">
     <span class='ocr_line' id='line_1_99' title="bbox 2451 1954 2507 1981; baseline 0 -1"><span class='ocrx_word' id='word_1_679' title='bbox 2451 1954 2507 1981; x_wconf 85' lang='lat' dir='ltr'>lex.</span> 
     </span>
    </p>
   </div>
  </div>
 </body>
</html>
