2633 3878
1039 215 1282 259 PSALMUS
1312 217 1484 259 CXVIII.

191 310 279 358 ipso
308 310 522 348 voluntatis
557 309 746 347 alteratio.
780 308 905 345 Tertio
937 307 1060 344 modo
1089 306 1226 343 timere

193 372 423 419 videbatur,
459 382 551 410 cum
585 372 640 408 sic
671 369 888 417 discipulus
922 366 1224 417 loquebatur¹2

197 446 215 467 «
244 434 330 470 Dies
359 434 599 479 observatis,
628 436 664 470 et
695 442 871 477 menses,
903 433 939 468 et
966 433 1144 478 tempora
1161 457 1171 475 ,
1193 432 1232 466 et

196 505 333 533 annos.
359 497 490 534 Timeo
509 507 601 542 vos,
624 506 673 532 ne
695 495 792 531 forte
812 494 895 531 sine
925 503 1045 530 causa
1065 491 1228 528 labora·

196 559 322 596 verim
343 559 382 596 in
402 559 518 596 vobis
539 571 547 595 :
579 572 596 594 υ
618 568 706 595 ecce
733 557 850 594 timor
875 554 1139 603 deceptionis,
1162 553 1230 601 qui

199 623 255 658 cst
272 620 434 658 violatio
453 620 629 658 rationis.

630 723 799 765 Epilogus.

245 815 299 850 Ex
318 810 511 860 praedietis
529 810 656 857 potest
678 807 891 844 clarescere
916 816 996 843 vox
1018 805 1233 854 Prophetae,

196 878 387 922 tanquam
407 872 574 910 volentis
599 873 737 908 contra
768 880 809 906 se
840 869 1008 905 militare
1031 880 1038 905 :
1077 869 1231 915 Confiqe,

197 936 323 984 inquit
339 963 351 981 ,
393 938 518 971 timore
559 937 617 970 tuo
632 962 644 979 ,
683 935 877 980 quantum
911 931 963 967 ad
1002 930 1230 967 inferiorem

197 997 541 1046 apprehensivam,
561 995 706 1032 seilicet
734 993 1059 1040 imaginationem
1068 1006 1077 1039 ;
1103 995 1235 1030 Carnes

197 1070 321 1106 meas,
361 1062 553 1107 quantum
588 1058 640 1095 ad
680 1058 908 1095 inferiorem
950 1057 1233 1105 appetitivam,

197 1121 342 1159 scilicet
365 1121 675 1167 sensualitatem3
698 1122 725 1156 Α
738 1120 895 1166 judiciis
915 1122 1008 1156 enim
1030 1122 1123 1162 tuis,
1147 1129 1236 1166 quae

198 1189 287 1224 sunt
308 1186 418 1234 apud
447 1186 693 1234 superiorem
719 1185 1070 1233 apprehensivam,
1089 1183 1237 1221 scilicet

197 1250 410 1296 rationem3
450 1251 596 1293 Timui,
624 1259 674 1285 ne
706 1247 904 1285 violentur
940 1257 1012 1295 per
1047 1246 1235 1283 violatam

198 1313 442 1360 superiorem
462 1310 734 1360 appetitivam,
756 1310 904 1348 scilicet
926 1308 1184 1347 voluntatem.

566 1459 791 1487 VBRSICULUS
815 1459 854 1485 lx
861 1476 867 1482 .

251 1567 330 1601 121.
351 1564 630 1610 Fecijudicz'um
652 1567 685 1599 et
706 1564 909 1610 justitiam,
937 1565 1008 1599 etc.
1031 1564 1156 1607 Quam
1184 1561 1237 1598 ob

201 1637 361 1664 causam
381 1625 568 1673 iniquitas
582 1625 630 1661 sit
650 1625 824 1669 odibilis,
838 1623 964 1672 patuit
977 1634 1048 1671 per
1061 1627 1239 1660 tenorem

201 1688 392 1726 octonarii
417 1687 698 1736 praecedentis3
721 1687 986 1734 quamobrem
1008 1687 1171 1733 aequitas
1192 1686 1240 1722 sit

202 1750 403 1796 amabilis,
435 1749 586 1798 patebit
618 1760 690 1797 per
723 1751 899 1786 tenorem
930 1748 1143 1797 praesentis.
1178 1751 1241 1786 Est

201 1816 333 1852 autem
358 1812 541 1849 amabilis
564 1812 729 1859 aequitas
760 1812 891 1849 adhuc
923 1811 1238 1859 adolescentula3

201 1875 272 1912 sed
290 1874 501 1912 amabilior
514 1874 599 1921 jam
621 1874 772 1911 adulta.
790 1874 860 1911 llla
888 1874 1003 1922 quasi
1022 1873 1092 1910 lux
1112 1876 1240 1910 matu-

200 1939 303 1985 tina3
325 1937 399 1975 ista
424 1937 536 1986 quasi
563 1937 633 1974 lux
657 1936 890 1973 meridiana.
925 1936 1035 1972 Illam
1056 1935 1242 1973 describit

204 2000 479 2049 quaternarius
503 1999 636 2047 prior3
657 1999 772 2036 istam
800 1997 1006 2046 posterior.
1033 1997 1241 2045 Proprium

203 2065 260 2100 est
272 2062 466 2111 aequitatis
485 2060 788 2099 adolescentulae
805 2088 816 2105 ,
835 2059 1054 2097 calumnias
1073 2070 1217 2107 pavere
1229 2088 1240 2106 ,

204 2125 489 2163 calumniantes
520 2134 685 2169 cavere,
714 2123 887 2160 defectus
919 2121 1103 2170 proprios
1132 2132 1243 2159 reco-

205 2197 416 2235 gnoscere,
445 2185 668 2223 remedium
694 2185 883 2222 adhibere
906 2197 913 2220 :
944 2195 1033 2232 quae
1058 2184 1243 2221 videntur

203 2250 291 2286 luce
311 2248 454 2286 clarius
480 2248 522 2285 in
549 2247 741 2296 proximis
763 2250 933 2294 quatuor
964 2246 1144 2283 versibus
1165 2247 1244 2283 elu-

204 2322 371 2348 cescere.
397 2313 536 2348 Versus
562 2310 715 2358 primus
734 2309 902 2357 pertinet
921 2309 973 2346 ad
994 2309 1242 2357 aequitatem,

204 2373 421 2411 calumnias
440 2375 714 2421 expaventem,
731 2372 830 2409 sicut
853 2374 961 2420 patet
978 2380 1048 2419 per
1069 2371 1240 2408 Psalmo-

204 2435 402 2482 graphum
439 2435 492 2471 ad
521 2434 733 2471 Dominum
767 2434 822 2470 sic
858 2433 1086 2481 loquentem
1117 2446 1126 2470 :
1160 2435 1243 2471 Feci

199 2498 403 2544 judicium,
422 2498 512 2541 etc„
529 2496 640 2544 quasi
661 2495 766 2532 dicat
784 2507 792 2531 ;
814 2494 963 2532 Profeci
982 2505 1053 2542 per
1074 2494 1138 2535 Dei
1158 2505 1243 2542 gra-

205 2560 314 2605 tiam,
343 2558 396 2596 ad
427 2558 748 2602 deliberandum,
781 2559 818 2594 et
846 2557 1096 2605 operandum
1129 2557 1242 2604 justi-

206 2622 322 2666 tiam3
345 2620 416 2658 sed
440 2621 558 2658 timeo
582 2631 632 2657 ne
658 2619 842 2657 deficiam
862 2619 914 2656 ad
939 2619 1189 2656 tolerandum
1207 2624 1244 2657 et

206 2683 476 2732 superandum
507 2681 758 2729 injustitiam,
781 2692 850 2718 seu
882 2681 1068 2728 injustam
1096 2681 1243 2719 calum·

205 2747 313 2784 niam
334 2758 342 2783 :
365 2756 454 2783 ecce
475 2745 556 2783 duo
579 2744 792 2793 profectus,
816 2748 853 2781 ct
870 2745 1035 2782 totidem
1056 2744 1241 2791 defectus,

206 2820 308 2858 quos
328 2808 501 2846 continet
520 2807 590 2844 iste
610 2818 766 2851 versus,
785 2806 932 2844 scilieet
953 2806 1152 2855 profectus
1178 2807 1245 2844 de-

206 2870 403 2909 liberandi
430 2872 468 2907 et
494 2869 705 2917 operandi,
729 2871 766 2906 et
791 2869 964 2906 defectus
989 2869 1186 2907 tolerandi
1207 2872 1244 2907 et

207 2932 434 2981 superandi.

540 3033 728 3069 Articulus
749 3033 906 3079 primus.

254 3124 450 3161 Profectus
475 3121 722 3159 deliberandi
742 3121 913 3168 tangitur
931 3131 1003 3168 per
1022 3121 1098 3158 hoc
1118 3131 1243 3158 mem-

206 3187 325 3223 brum
347 3197 355 3222 ε
374 3187 456 3222 Feci
468 3185 666 3231 judicium,
689 3186 882 3230 quantum
899 3183 952 3219 ad
966 3182 1241 3220 discretionem

207 3247 491 3296 operabilium;
514 3244 776 3283 discernendo
797 3245 897 3282 inter
922 3245 1075 3281 bonum
1102 3248 1138 3282 et
1156 3256 1242 3283 ma·

206 3310 311 3356 lum3
350 3307 602 3346 decernendo
640 3307 870 3354 eligendum
903 3306 1023 3352 illud,
1063 3308 1100 3343 et
1137 3306 1241 3344 istud

204 3371 451 3419 fugiendum.
487 3372 531 3407 Et
571 3368 793 3407 notandum
830 3368 933 3405 circa
976 3371 1240 3406 memoratum

248 3454 259 3476 ¹
280 3454 407 3493 Galat„
434 3462 479 3494 ιν,
503 3456 552 3493 ¹0,
582 3456 629 3485 Η.
656 3470 696 3476 -
722 3452 732 3471 ²
757 3451 846 3492 Sap„
869 3459 950 3491 vm,
976 3454 1023 3483 Η.
1051 3469 1091 3474 -
1113 3451 1127 3472 ³
1151 3451 1238 3490 Ose.,

206 3509 240 3543 v,
259 3503 311 3534 21.
327 3519 364 3525 —
384 3502 395 3521 ⁴
418 3502 495 3543 Tit„
516 3509 566 3542 ιιι,
592 3504 641 3533 11.
655 3516 698 3525 —
715 3501 729 3523 ⁸
749 3499 821 3540 lob,
845 3507 941 3540 xxix,
964 3501 1014 3532 14.
1031 3516 1070 3522 —
1089 3499 1102 3522 ⁶
1120 3498 1238 3539 Eccli„

2253 222 2331 260 473

1295 306 1492 353 Judicium
1527 306 1792 346 diversitatem
1826 311 2119 357 judicantium:
2161 320 2333 358 quorum

1301 368 1368 405 alii
1403 370 1493 404 sunt
1522 367 1831 417 incontaminati,
1861 372 1927 409 alii
1964 371 2232 416 contaminati,
2267 371 2333 408 alii

1303 429 1501 466 obstinati.
1518 431 1665 467 Horum
1683 432 1801 479 primi
1820 433 2003 471 dicuntur
2019 434 2120 471 acuti
2129 447 2140 480 ;
2156 433 2333 480 secundi,

1302 492 1435 538 fracti;
1456 492 1576 538 tertii,
1599 493 1865 531 condemnati.
1894 497 1944 532 De
1963 496 2092 542 primo
2111 494 2125 516 ²
2146 508 2154 531 ε
2185 508 2203 530 «
2222 497 2336 532 Juve-

1304 554 1364 590 nis
1386 556 1422 590 et
1447 557 1583 592 acutus
1611 555 1790 592 inveniar
1818 556 1860 592 in
1883 556 2061 603 judicio;
2082 570 2100 591 ι)
2136 567 2224 594 ecce
2249 567 2337 604 per-

1304 626 1444 653 sonam
1472 617 1512 652 in
1541 617 1692 664 judicio
1723 621 1906 664 acutam,
1941 619 2133 666 quoniam
2162 619 2337 656 inconta-

1304 678 1507 715 minatam.
1545 681 1595 717 De
1629 681 1805 718 secundo
1838 682 1852 704 ³
1883 693 1891 718 :
1927 693 1945 715 «
1974 681 2159 729 Ephraim
2196 681 2339 718 fractus

1301 739 1477 786 judicio,
1506 742 1697 788 quoniam
1730 742 1846 790 coepit
1871 742 1981 780 abire
2009 745 2100 791 post
2127 742 2285 788 sordes;
2317 756 2335 778 »

1306 812 1396 838 ecce
1420 812 1633 849 personam
1650 803 1797 850 judicio
1823 803 2006 851 fractam,
2038 805 2132 852 quia
2151 803 2341 841 contami—

1306 866 1452 901 natam.
1474 865 1526 901 De
1547 864 1660 901 tertio
1679 866 1693 887 ὃ
1715 876 1723 901 :
1748 876 1766 899 ε(
1785 866 2010 902 Haereticum
2029 866 2234 903 hominem
2252 868 2342 914 post

1306 927 1478 975 primam
1515 929 1551 963 ct
1587 927 1803 964 secundam
1844 928 2133 976 correptionem
2178 928 2338 971 devita,

1307 989 1435 1026 sciens
1453 988 1547 1037 quia
1566 989 1778 1026 subversus
1798 991 1873 1036 est,
1899 990 1968 1038 qui
1995 989 2191 1037 ejusmodi
2210 992 2284 1035 est,
2306 992 2343 1027 et

1310 1051 1518 1099 delinquit,
1557 1062 1649 1088 cum
1685 1051 1734 1088 sit
1769 1053 1932 1100 proprio
1968 1052 2118 1099 Judicio
2152 1052 2342 1089 condem-

1308 1116 1423 1151 natus
1442 1125 1450 1150 :
1472 1128 1490 1148 ›>
1515 1124 1604 1151 eece
1630 1124 1845 1162 personam
1865 1114 1906 1152 in
1928 1114 2080 1162 J‘udicio
2102 1114 2343 1152 condemna-

1308 1178 1388 1214 tam
1397 1203 1410 1222 ,
1431 1175 1622 1224 quoniam
1642 1176 1894 1214 obstinatam.

1625 1280 1815 1316 Articulus
1840 1281 2028 1317 secundus.

1357 1364 1554 1401 Profectus
1574 1363 1766 1411 operandi
1786 1364 1951 1401 traditur
1965 1374 2036 1412 per
2053 1364 2132 1402 hoc
2150 1365 2315 1402 verbum
2333 1379 2341 1402 :

1311 1428 1357 1463 Et
1382 1427 1589 1473 justitiam,
1620 1425 1663 1462 id
1701 1427 1776 1472 est,
1812 1426 1958 1472 Justam
1989 1426 2220 1464 sententiam
2257 1438 2347 1465 exe-

1311 1489 1493 1537 quendo,
1524 1488 1637 1536 quod
1667 1488 1933 1526 decreveram.
1968 1489 2073 1527 Sicut
2104 1490 2210 1527 enim
2243 1490 2346 1537 Judi-

1311 1551 1416 1589 cium
1447 1551 1581 1588 attinet
1606 1551 1658 1588 ad
1683 1553 1813 1588 actum
1839 1552 2001 1589 rationis
2029 1552 2284 1590 discernentis
2310 1555 2347 1590 et

1314 1613 1586 1659 decernentis,
1632 1614 1686 1650 sic
1727 1613 1876 1660 justitia
1913 1614 2081 1662 pertinet
2122 1614 2175 1651 ad
2218 1617 2348 1652 actum

1317 1675 1533 1713 affectionis
1553 1675 1729 1722 eligentis
1743 1677 1780 1712 et
1798 1677 2039 1724 exequentis.
2056 1678 2099 1713 Et
2110 1678 2219 1723 nota,
2237 1676 2349 1725 quod

1309 1738 1458 1786 justitia
1477 1737 1656 1774 nominat
1675 1737 1717 1774 in
1741 1737 1938 1785 Scriptura
1957 1738 2166 1786 aliquoties
2191 1739 2350 1776 interio-

1311 1811 1397 1838 rem
1425 1799 1626 1845 habitum,
1659 1800 1894 1837 exteriorem
1923 1803 2075 1845 actum,
2104 1800 2350 1848 superiorem

1312 1863 1495 1899 fructum.
1518 1861 1702 1898 Habitum
1722 1862 1949 1899 interiorem
1968 1862 2192 1909 induimus,
2221 1863 2351 1900 Domi-

1313 1935 1366 1962 no
1386 1924 1601 1972 aspirante3
1625 1926 1756 1961 actum
1776 1924 2012 1961 exteriorem
2032 1935 2258 1972 operamur,
2278 1925 2349 1962 illo

1315 1989 1553 2034 cooperante
1563 1999 1574 2033 3
1589 1986 1761 2024 fructum
1780 1986 2025 2034 superiorem
2044 1987 2241 2029 metimus,
2262 1987 2348 2035 ipso

1313 2051 1600 2086 remunerante.
1629 2051 1681 2085 De
1709 2048 1839 2096 primo
1865 2049 1919 2090 ἵζε
1959 2062 1977 2083 «
2007 2048 2157 2085 Justitia
2190 2047 2351 2086 indutus

1315 2123 1403 2149 sum
1431 2123 1440 2147 ε
1472 2125 1490 2146 »
1517 2121 1607 2148 ecce
1635 2110 1792 2158 justitiae
1817 2110 1998 2147 habitum
2023 2110 2264 2148 interiorem.
2297 2112 2350 2148 De

1315 2174 1491 2211 secundo
1518 2175 1531 2196 ⁶
1559 2186 1570 2210 :
1597 2175 1693 2210 Ante
1728 2172 1882 2210 obitum
1908 2175 2021 2209 tuum
2055 2183 2219 2220 operare
2241 2172 2351 2219 ,iusti-

1314 2237 1447 2274 tiam:
1477 2249 1495 2271 »
1536 2246 1625 2272 ecce
1657 2235 1813 2282 justitiae
1849 2237 1979 2271 actum
2015 2234 2262 2272 exteriorem.
2298 2236 2350 2271 De

1314 2299 1428 2336 tertio
1445 2300 1458 2322 ⁷
1477 2311 1486 2335 :
1506 2311 1523 2333 «
1543 2300 1703 2335 Fructus
1719 2296 1876 2344 justitiae
1889 2297 1930 2333 in
1948 2307 2047 2345 pace
2063 2297 2278 2335 seminatur
2299 2309 2306 2332 :
2325 2311 2344 2332 π

1316 2373 1404 2400 ecce
1420 2361 1575 2409 justitiae
1592 2360 1764 2398 fructum
1783 2359 2041 2408 superiorem.

1655 2465 1845 2500 Articulus
1872 2465 2015 2501 tertius.

1363 2549 1537 2587 Defectus
1558 2546 1755 2584 tolerandi
1775 2545 1951 2582 innuitur
1969 2556 2040 2593 per
2058 2546 2165 2583 hunc
2183 2547 2323 2582 nutum
2339 2559 2349 2584 ε

1315 2615 1368 2652 Ne
1398 2612 1524 2649 tradas
1552 2621 1621 2652 me,
1660 2609 1832 2646 necdum
1868 2611 2071 2656 potentem
2111 2607 2352 2645 calumniam

1315 2676 1496 2714 tolerare.
1519 2675 1561 2710 Et
1579 2674 1694 2718 nota,
1720 2670 1833 2719 quod
1863 2673 1967 2708 recte
1994 2672 2131 2718 rogat,
2153 2680 2203 2707 ne
2222 2670 2353 2707 Domi-

1315 2750 1389 2776 nus
1431 2748 1522 2775 eum
1557 2735 1708 2780 tradat,
1750 2736 1912 2782 propter
1950 2733 2093 2781 triplex
2128 2732 2351 2781 periculum

1315 2801 1428 2850 quod
1463 2797 1674 2843 formidat,
1706 2798 1843 2844 utpote
1880 2795 2105 2844 periculum
2144 2794 2350 2841 sensuale,

1314 2862 1527 2907 rationale,
1548 2858 1765 2908 gehennale
1797 2870 1805 2895 :
1831 2857 2019 2894 formidat
2037 2856 2236 2905 siquidem
2264 2866 2351 2894 sen-

1315 2926 1466 2964 sualem
1487 2922 1806 2967 subversionem,
1829 2920 2063 2958 rationalem
2088 2918 2351 2963 aversionem,

1316 2986 1578 3037 gehennalem
1596 2982 1999 3022 animadversionem.
2022 2983 2075 3018 De
2093 2980 2224 3029 primo
2245 2979 2351 3016 cani-

1315 3057 1378 3091 tur
1397 3052 1411 3074 8
1433 3063 1441 3087 :
1466 3062 1486 3085 α
1516 3051 1601 3086 Non
1626 3046 1760 3084 tradas
1778 3056 1842 3082 me
1858 3074 1870 3091 ,
1891 3044 2078 3090 Domine,
2098 3054 2122 3080 a
2153 3042 2349 3080 desiderio

1315 3126 1406 3153 meo
1436 3110 1634 3162 peccatori
1673 3121 1681 3146 :
1721 3108 1993 3156 cogitaverunt
2026 3109 2161 3143 contra
2193 3115 2272 3149 me,
2299 3114 2349 3141 ne

1316 3177 1570 3223 derelinquas
1602 3183 1682 3217 me,
1710 3181 1760 3208 ne
1792 3170 1891 3207 forte
1918 3168 2147 3206 exaltentur.
2178 3180 2197 3201 ι)
2229 3166 2349 3213 Hujus

1316 3250 1434 3278 causa
1451 3235 1670 3286 petitionis,
1691 3236 1747 3270 est
1764 3231 1938 3269 formido
1964 3229 2154 3268 sensualis
2181 3228 2347 3265 subver-

1315 3301 1458 3347 sionis,
1484 3300 1646 3347 propter
1673 3293 1896 3332 molestiam
1921 3291 2116 3330 sensibilis
2138 3289 2346 3338 passionis.

1315 3368 1366 3403 De
1384 3361 1559 3401 secundo
1579 3359 1723 3406 legitur
1752 3358 1766 3379 ⁹
1793 3369 1802 3393 :
1836 3369 1855 3391 (ι
1884 3355 2033 3392 Animae
2062 3352 2292 3391 irreverenti
2311 3354 2349 3389 et

1315 3457 1386 3489 xiv,
1422 3449 1468 3478 1'..
1497 3463 1538 3469 —
1566 3445 1575 3460 ⁷
1600 3443 1684 3481 Jac.,
1711 3447 1770 3481 ιιι,
1796 3440 1842 3472 ίὸ.
1867 3457 1907 3463 -
1933 3437 1948 3460 ⁸
1976 3436 2064 3470 psal.
2086 3443 2238 3476 cxxxix,
2257 3436 2289 3467 9.
2308 3452 2350 3460 —

1316 3498 1328 3516 ⁹
1347 3494 1466 3534 Eccli„
1486 3499 1588 3531 xxm,
1608 3492 1640 3522 6.
