2633 3878
874 224 929 266 IN
958 223 1336 268 HEXAEMERON.
1369 225 1543 268 SERMO
1572 227 1660 269 Vll.
2291 240 2341 278 67

203 327 290 359 non
308 318 472 370 potest,
493 327 590 370 quae
609 314 748 358 amitti
767 316 927 368 potest;
954 315 1134 369 perfecta
1150 327 1236 369 pax

202 400 291 430 non
309 391 387 438 est,
408 388 492 429 nisi
506 388 551 428 in
567 387 774 428 reunione
791 386 980 440 corporis
996 389 1038 428 et
1053 387 1231 438 animae;

202 462 244 500 et
262 459 343 500 1100
362 462 424 500 est
455 462 632 500 certum.
665 457 709 499 Si
730 458 842 499 enim
864 459 1008 499 anima
1026 461 1234 500 essentia-

201 530 287 572 lem
315 531 632 572 inclinationem
670 530 798 571 habet
828 530 881 572 ad
909 542 1085 584 corpuS,
1119 544 1230 572 nun-

203 615 333 656 quam
350 601 494 642 anima
508 601 630 654 plene
647 600 875 654 quietatur,
892 601 973 642 nisi
990 602 1067 643 sibi
1082 615 1234 656 corpus

202 674 416 716 reddatur.
452 671 702 725 Philosophi
735 676 880 715 autem
921 674 1234 727 ignoraverunt

202 750 359 786 certam
374 745 669 786 aeternitatem.
685 744 923 787 Posuerunt
935 746 1050 787 enim
1065 750 1103 787 et
1114 746 1230 800 ipsi²,

200 817 314 870 quod
340 817 482 857 anima
514 817 766 858 ascendebat
790 829 865 869 per
898 817 1202 871 Capricornum
1219 850 1230 868 ,

199 891 238 930 et
257 888 535 930 descendebat
567 901 642 942 per
662 888 891 940 Cancrum,
913 889 1064 930 deinde
1091 892 1229 930 trans-

198 960 288 1001 iens
308 971 383 1012 per
404 959 605 1001 Lacteum
625 959 838 1001 Circulum
854 992 864 1010 ‚
891 973 1021 1013 quem
1052 972 1129 1002 nos
1151 960 1233 1001 Ga-

197 1029 355 1071 laxiam
376 1042 593 1082 vocamus,
627 1031 956 1073 obliviscebatur
986 1044 1083 1086 quae
1107 1045 1234 1086 supe-

197 1101 288 1142 rius
318 1102 496 1153 fiebant,
537 1104 578 1143 et
607 1103 838 1144 uniebatur
872 1105 1039 1156 corpori
1077 1104 1232 1145 misero

197 1173 276 1214 sibi
298 1177 461 1227 aptato,
494 1187 719 1228 quousque
751 1175 908 1217 iterum
940 1176 1134 1229 superius
1163 1188 1230 1217 re-

198 1246 321 1288 diret.
345 1245 445 1288 Haec
464 1250 607 1288 autem
634 1250 697 1288 est
724 1248 829 1288 falsa
849 1247 1090 1298 beatitudo,
1122 1248 1234 1288 scili-

200 1322 265 1360 cet
284 1319 399 1372 quod
418 1319 561 1360 anima
580 1322 687 1360 esset
704 1320 747 1360 in
765 1320 1036 1371 beatitudine,
1061 1323 1102 1360 et
1122 1322 1234 1373 post-

198 1403 249 1433 ea
261 1393 560 1432 reverteretur.
584 1390 736 1432 Pacem
753 1391 881 1432 etiam
895 1392 1122 1444 perfectam
1145 1404 1233 1433 non

197 1465 509 1515 cognoverunt,
544 1464 645 1515 quia
677 1475 764 1503 11011
794 1465 1092 1515 cognoverunt
1117 1465 1231 1517 quod

195 1534 382 1574 mundus
421 1533 595 1574 haberet
632 1533 763 1574 finem
785 1566 794 1582 ,
831 1537 873 1574 et
911 1535 1025 1587 quod
1056 1547 1233 1588 corpora

193 1604 455 1658 pulverizata
469 1607 716 1656 resurgant.
734 1604 818 1646 Nec
830 1606 1005 1656 mirum,
1023 1607 1124 1659 quia
1140 1607 1232 1648 haec

193 1687 280 1717 non
288 1679 409 1717 erant
420 1676 738 1728 investigabilia
747 1677 984 1718 secundum
994 1678 1231 1730 potentiam

191 1748 367 1788 rationis
399 1762 407 1788 :
445 1748 553 1789 ratio
596 1750 741 1788 autem
771 1760 860 1789 non
901 1752 1038 1802 potest
1069 1750 1122 1791 ad
1149 1750 1231 1792 hoc

191 1819 435 1872 pervenire,
474 1822 523 1860 ut
559 1830 737 1872 corpora
764 1822 1021 1872 resurgant,
1064 1824 1113 1862 ut
1145 1822 1229 1863 ele-

191 1891 338 1930 menta
354 1888 568 1930 contraria
582 1888 744 1941 possint
754 1889 976 1930 conciliata
990 1890 1049 1931 510
1065 1891 1110 1932 111
1124 1892 1230 1934 coelo

192 1960 284 2001 sine
311 1960 542 2002 reflexione
576 1972 843 2013 permanere.
880 1960 974 2002 Non
994 1963 1231 2005 referebant

191 2045 299 2085 ergo
333 2032 387 2073 ad
410 2032 529 2073 illam
551 2032 705 2081 vitam,
733 2032 806 2073 sed
831 2032 877 2073 in
908 2034 1092 2075 abeunte
1117 2047 1229 2088 qua·-

192 2104 292 2146 dam
319 2103 592 2145 circulatione
618 2104 834 2156 ponebant
859 2105 1064 2146 animam.
1096 2105 1226 2158 Igno-

190 2176 342 2217 rabant
370 2186 475 2227 ergo
505 2174 658 2226 fidem,
691 2175 783 2216 sine
815 2189 901 2230 qua
932 2176 1113 2218 virtutes
1141 2191 1229 2220 non

190 2247 360 2299 valent,
395 2249 445 2288 ut
477 2247 579 2288 dicit
623 2246 894 2300 Augustinus
920 2250 935 2271 ‘2
961 2248 1006 2289 in
1034 2249 1144 2290 libro
1178 2250 1229 2293 de

197 2321 422 2363 Trinitate.
445 2318 638 2361 Secundo
667 2323 832 2373 oportet
854 2320 1031 2362 affectus
1054 2321 1225 2363 ordina-

172 2395 258 2434 -tos
291 2391 523 2433 rectificare
554 2402 630 2443 per
667 2391 848 2433 virtutes
884 2392 1001 2433 istas.
1039 2392 1228 2435 Affectus

191 2466 336 2505 autem
356 2465 542 2516 quatuor
572 2465 694 2514 sunt,
728 2463 885 2504 scilicet
904 2464 1049 2515 timor,
1085 2464 1224 2516 dolor,

192 2537 338 2578 laetitia
355 2569 366 2588 ,
401 2539 443 2577 et
476 2536 646 2578 fiducia.
678 2535 751 2577 Isti
780 2539 927 2577 autem
954 2549 1042 2578 11011
1068 2539 1223 2580 rectifi-

193 2612 358 2659 cantur,
380 2608 465 2649 nisi
484 2607 539 2648 sit
558 2608 685 2649 timor
711 2611 901 2660 sanctus,
919 2608 1040 2650 dolor
1055 2611 1197 2662 Justus
1211 2643 1224 2663 ,

192 2681 340 2722 laetitia
361 2693 482 2732 vera,
505 2680 661 2722 fiducia
688 2683 816 2721 certa.
849 2680 894 2722 Si
914 2684 1059 2722 autem
1089 2682 1142 2722 sit
1171 2684 1224 2723 ti-

192 2764 287 2794 mor
306 2752 528 2805 superbus,
551 2751 671 2792 dolor
684 2751 886 2805 inJustus,
901 2751 1048 2793 laetitia
1067 2753 1223 2806 inepta,

190 2823 346 2866 fiducia
380 2825 745 2877 praesumptuosa,
786 2826 891 2865 tunc
922 2824 1098 2866 affectus
1127 2829 1226 2867 sunt

190 2893 369 2948 obliqui.
389 2893 578 2936 Virtutes
605 2896 750 2935 autem
770 2894 862 2936 istae
889 2907 966 2949 per
989 2907 1034 2937 se
1067 2897 1223 2937 rectifi-

190 2966 275 3007 cari
293 2977 381 3007 non
402 2968 593 3019 possunt.
622 2965 797 3007 Fiducia
816 2967 929 3008 enim
944 2999 957 3019 ,
990 2968 1082 3009 sive
1101 2980 1197 3021 spes
1212 3001 1222 3020 ,

190 3038 254 3077 est
282 3036 334 3078 de
359 3036 441 3077 1100
468 3037 583 3090 quod
612 3049 700 3078 non
728 3037 912 3088 videtur,
944 3041 994 3079 ut
1019 3039 1071 3080 de
1102 3039 1226 3080 beata

190 3107 292 3149 vita.
314 3107 442 3149 Beata
460 3110 606 3149 autem
633 3108 723 3149 vita
745 3120 832 3149 non
859 3112 1000 3161 datur,
1022 3110 1104 3151 nisi
1123 3111 1226 3164 dig-

189 3179 256 3220 nis
279 3191 290 3220 :
319 3179 481 3232 dignus
512 3183 655 3221 autem
681 3179 827 3221 nullus
853 3182 937 3231 est,
967 3181 1049 3222 nisi
1072 3181 1228 3224 habeat

189 3251 341 3291 merita
368 3250 637 3292 sufficientia.
664 3249 766 3291 Haec
785 3262 860 3303 per
879 3251 992 3292 vires
1013 3251 1135 3294 liberi
1154 3266 1222 3294 ar-

191 3320 306 3363 bitrii
334 3322 483 3363 haberi
509 3333 598 3363 non
623 3324 827 3376 possunt,
854 3322 935 3362 nisi
955 3334 1031 3376 per
1054 3324 1227 3366 condes-

192 3393 432 3435 censionem
463 3393 535 3435 Dei
565 3405 641 3447 per
675 3393 876 3445 gratiam.
909 3393 923 3414 ³
951 3408 971 3432 α
1002 3393 1096 3437 Νο11
1125 3398 1228 3437 sunt

237 3501 248 3522 ¹
267 3501 435 3542 Macrob.,
453 3502 566 3534 Somn.
587 3501 691 3541 δαίμ,
712 3499 770 3532 lib.
798 3501 822 3541 l,
846 3510 874 3534 c.
896 3508 958 3534 xli.
978 3519 1014 3526 —
1034 3502 1046 3522 ²
1067 3504 1169 3545 Aug„
1187 3501 1228 3533 de

199 3547 332 3590 Trinit.‚
350 3549 411 3582 lib.
431 3551 521 3590 xiil,
541 3559 571 3582 c.
592 3556 656 3589 xx;
677 3548 735 3580 lib.
750 3549 840 3589 MV,
856 3557 982 3581 c.1.—
999 3550 1010 3570 ³
1026 3550 1131 3591 Rom„
1152 3558 1227 3591 viu,

1312 315 1539 369 condignae
1557 317 1774 370 passiones
1790 320 1921 374 huJ'us
1939 323 2141 378 temporis
2159 326 2212 368 ad
2230 327 2342 371 futu·

1310 399 1404 428 ram
1446 387 1650 440 gloriam,
1693 403 1712 428 ›>
1744 390 1884 444 inquit
1921 394 2160 448 Apostolus.
2200 400 2340 442 Tertio

1311 460 1475 511 oportet
1513 459 1687 501 affectus
1726 463 1884 515 sanari,
1925 468 1972 506 ut
2008 468 2297 513 rectificentur
2328 488 2336 514 :

1309 543 1396 572 non
1427 533 1600 572 sanatur
1631 535 1776 574 autem
1803 534 1979 588 aliquis,
2006 538 2086 578 nisi
2113 547 2342 594 cognoscat

1310 602 1526 655 morbum,
1556 607 1597 645 et
1633 616 1829 657 causam,
1861 607 2073 649 medicum
2104 614 2145 651 et
2176 615 2342 657 medici-

1309 685 1424 715 nam.
1443 674 1615 717 Morbus
1633 679 1776 718 autem
1797 679 1859 718 est
1879 677 2123 731 depravatio
2140 684 2338 730 affectus:

1309 744 1379 786 hic
1409 749 1471 787 est
1502 750 1646 789 autem
1678 748 1966 802 quadruplex,
2001 752 2102 804 quia
2132 758 2342 799 contrahit

1309 817 1473 869 anima,
1502 831 1556 859 ex
1582 820 1878 872 conjunctione
1903 822 2059 864 animae
2087 825 2140 866 ad
2173 839 2337 882 corpus,

1309 888 1619 941 infirmitatem,
1636 892 1941 946 ignorantiam,
1958 895 2178 949 malitiam,
2192 902 2232 940 et
2246 912 2343 942 0011-

1309 963 1637 1016 cupiscentiam;
1672 978 1725 1006 ex
1751 966 1906 1019 quibus
1936 967 2122 1010 inficitur
2153 970 2343 1015 intellec-

1308 1034 1410 1084 tiva,
1434 1035 1635 1087 amativa,
1657 1038 1876 1089 operativa
1895 1052 1903 1078 τ
1927 1041 1968 1079 et
1987 1042 2088 1082 tunc
2108 1042 2262 1085 infecta
2279 1050 2342 1087 est

1309 1108 1396 1146 tota
1415 1106 1573 1147 anima.
1598 1107 1681 1148 Has
1707 1109 1883 1150 omnino
1904 1122 1988 1151 non
2011 1112 2338 1170 ignoraverunt,

1308 1189 1386 1218 1100
1411 1178 1627 1219 sciverunt
1645 1180 1820 1221 omnino
1847 1196 1855 1222 ς
1880 1182 2077 1238 videbant
2100 1185 2178 1227 hos
2205 1188 2342 1230 defec-

1308 1250 1398 1299 tus,
1432 1249 1503 1290 sed
1537 1250 1765 1292 credebant
1798 1264 1869 1293 eos
1897 1265 1986 1295 esse
2018 1255 2062 1296 in
2094 1257 2339 1312 phantasia,

1308 1330 1395 1360 non
1436 1321 1480 1360 111
1530 1322 1730 1374 potentiis
1770 1322 2060 1367 interioribus.
2109 1328 2342 1372 Credebant

1308 1391 1444 1442 enim,
1479 1393 1593 1445 quod
1625 1393 1737 1434 sicut
1767 1395 1936 1448 sphaera
1969 1402 2166 1441 movetur
2195 1406 2343 1445 contra

1311 1463 1525 1516 sphaeram
1538 1497 1548 1514 ,
1572 1465 1630 1505 sic
1648 1465 1875 1518 phantasia
1896 1474 2087 1511 moveret
2106 1475 2147 1512 et
2164 1473 2340 1517 inclina-

1307 1538 1372 1575 ret
1399 1534 1451 1575 ad
1477 1536 1709 1588 exteriora,
1735 1538 1806 1578 sed
1833 1539 2070 1582 intellectus
2091 1545 2343 1589 naturaliter

1308 1606 1362 1648 ad
1398 1607 1646 1659 superiora;
1684 1610 1725 1648 et
1758 1611 1905 1650 tamen
1943 1611 2105 1666 decepti
2145 1616 2339 1670 fuerunt,

1307 1681 1408 1733 quia
1427 1680 1496 1721 1100
1518 1681 1790 1723 infirmitates
1810 1682 1856 1723 in
1875 1687 1993 1737 parte
2011 1687 2206 1729 rationali
2224 1695 2339 1745 sunt,

1306 1751 1576 1803 intellectiva,
1600 1753 1801 1805 amativa,
1824 1756 2057 1809 operativa,
2080 1771 2168 1801 non
2189 1761 2233 1803 111
2254 1765 2342 1806 sola

1307 1824 1508 1866 sensitiva
1538 1837 1548 1865 :
1580 1825 1734 1867 idcirco
1771 1829 1872 1868 sunt
1908 1828 2073 1871 infectae
2116 1844 2252 1887 usque
2289 1836 2342 1878 ad

1306 1897 1552 1938 medullam.
1588 1898 1784 1940 Morbum
1814 1900 2076 1954 nescierunt,
2106 1905 2208 1958 quia
2239 1920 2341 1949 cau-

1305 1980 1398 2009 sam
1430 1969 1757 2022 ignoraverunt.
1792 1970 2040 2014 Secundum
2076 1976 2190 2018 enim
2225 1981 2338 2032 quod

1304 2040 1450 2081 dicunt
1472 2040 1734 2096 philosophi,
1759 2045 1902 2085 anima
1922 2047 2172 2090 naturaliter
2190 2053 2340 2095 unitur

1305 2112 1492 2165 corpori,
1526 2115 1567 2154 et
1598 2126 1684 2155 non
1715 2116 1926 2157 contrahit
1958 2119 2183 2172 morbum;
2217 2123 2339 2166 aliter

1303 2181 1414 2224 Deus
1444 2196 1512 2225 res
1543 2184 1785 2239 dissiparet,
1815 2199 1901 2228 non
1930 2196 2214 2234 conservaret.
2250 2195 2337 2238 Hoc

1302 2258 1447 2297 tamen
1478 2257 1526 2297 fit
1554 2268 1629 2310 per
1660 2258 1829 2312 culpam
1861 2273 1886 2301 a
1916 2263 2158 2317 principio,
2182 2267 2336 2310 scilicet

1302 2326 1506 2378 originali
1526 2331 1696 2381 peccato
1714 2330 1867 2373 Adam.
1891 2332 1979 2374 Hoc
1996 2338 2161 2387 autem,
2183 2338 2338 2381 scilicet

1302 2399 1415 2451 quod
1444 2400 1580 2441 Adam
1610 2402 1791 2443 comedit
1817 2403 1990 2456 lignum
2027 2408 2227 2460 vetitum,
2263 2423 2337 2464 per

1300 2469 1509 2512 rationem
1530 2472 1629 2512 sciri
1647 2485 1733 2514 non
1754 2478 1903 2527 potest,
1921 2477 2003 2517 nisi
2019 2490 2094 2531 per
2112 2481 2332 2525 auditum:

1301 2543 1342 2581 et
1360 2541 1453 2582 ideo
1472 2541 1577 2583 fides
1599 2545 1835 2586 necessaria
1853 2549 1929 2588 est.
1951 2547 2016 2589 Ad
2038 2561 2207 2591 causam
2229 2564 2333 2606 ergo

1301 2612 1440 2653 morbi
1475 2625 1563 2654 non
1593 2619 1828 2667 venerunt,
1861 2619 1963 2671 quia
1994 2620 2210 2673 prophetis
2246 2636 2332 2666 non

1300 2684 1586 2736 crediderunt,
1609 2689 1658 2727 ut
1678 2687 1780 2728 dicit
1797 2688 2070 2742 Augustinus
2091 2692 2117 2733 ¹⁹.
2142 2693 2205 2734 Illi
2226 2706 2333 2747 geu-

1300 2756 1409 2797 tium
1428 2756 1671 2810 philosophi
1692 2760 1911 2814 praecipui,
1936 2763 2008 2815 qui
2025 2763 2038 2785 ⁵
2063 2779 2082 2803 ε(
2103 2764 2333 2808 invisibilia

1300 2827 1372 2869 Dei
1392 2840 1468 2881 per
1485 2840 1536 2870 ea
1555 2842 1653 2882 quae
1672 2831 1780 2871 facta
1802 2835 1917 2882 sunt,
1942 2833 2153 2877 intellecta
2172 2839 2334 2892 conspi-

1299 2911 1395 2941 cere
1419 2913 1440 2938 »
1472 2903 1728 2953 potuerunt,
1755 2905 1898 2944 tamen
1929 2905 2030 2958 quia
2060 2906 2150 2948 sine
2177 2907 2332 2951 Media-

1299 2973 1413 3022 tore,
1447 2971 1490 3012 id
1519 2975 1602 3023 est,
1629 2972 1722 3014 sine
1755 2973 1929 3016 homine
1959 2976 2121 3019 Christo
2149 2979 2334 3033 philoso-

1299 3041 1417 3095 phati
1437 3045 1558 3094 sunt,
1581 3055 1710 3096 quem
1738 3057 1817 3086 nec
1844 3051 2076 3089 venturum
2101 3051 2330 3104 propheti&

1299 3125 1379 3154 nec
1413 3114 1581 3156 venisse
1615 3116 1814 3168 apostolis
1853 3119 2142 3171 crediderunt,
2182 3137 2202 3161 (1
2230 3124 2336 3164 veri-

1299 3187 1430 3225 tatem
1465 3185 1740 3228 detinuerunt
1769 3192 1783 3214 6
1821 3189 1864 3229 111
1902 3190 2138 3244 iniquitate.
2176 3207 2197 3231 1)
2229 3193 2335 3235 ltem

1300 3255 1514 3297 medicum
1531 3269 1617 3298 non
1631 3264 1956 3311 cognoverunt:
1973 3274 2071 3303 cum
2085 3263 2201 3305 enim
2218 3277 2335 3308 mor-

1298 3328 1381 3369 bus
1404 3328 1532 3369 fuerit
1557 3340 1612 3369 ex
1638 3330 1818 3372 crimine
1839 3331 1950 3373 laesae
1977 3334 2230 3389 majestatis,
2251 3349 2332 3390 pu·

1301 3399 1408 3440 nitio
1443 3399 1589 3440 debuit
1617 3411 1707 3441 esse
1739 3402 2010 3453 gravissima.
2045 3403 2194 3448 Nullus
2227 3419 2334 3461 ergo

1303 3501 1353 3532 18.
1375 3516 1415 3524 —
1434 3501 1445 3519 ⁴
1460 3502 1559 3542 Aug„
1578 3500 1618 3533 cle
1639 3502 1742 3540 Trin„
1764 3503 1820 3536 lib.
1845 3504 1933 3546 ΧΙΗ,
1952 3515 1982 3538 c.
2003 3513 2076 3540 xtx.
2095 3525 2133 3532 —
2153 3509 2164 3527 ⁵
2184 3509 2289 3548 Rern„
2309 3518 2334 3551 1,

1301 3550 1354 3580 20.
1369 3565 1408 3570 —
1428 3549 1441 3567 ⁶
1459 3549 1556 3588 thid„
1579 3552 1627 3581 ¹8.
