2633 3878
1197 207 1368 252 CAPUT
1396 208 1485 252 XII.

270 301 346 350 est,
367 299 640 341 deliberatam
655 299 960 340 discussionem
976 301 1019 340 et
1032 299 1299 350 sententiam,

270 370 382 413 Data
407 374 509 413 sunt
533 382 560 412 a
584 373 754 423 pastore
778 380 884 421 uno,
911 370 954 411 id
973 371 1053 420 est,
1077 381 1102 410 a
1122 368 1300 420 Christo,

269 442 344 495 qui
362 445 425 483 est
443 445 585 495 pastor
605 442 644 482 ¹:
671 456 691 480 (ι
708 441 800 494 Ego
820 453 915 483 sum
936 443 1079 494 pastor
1099 441 1252 481 bonus.
1275 455 1295 479 11

269 512 334 553 Ab
359 512 439 553 isto
459 515 624 565 pastore
642 513 773 554 verba
790 513 1044 566 sapientium
1063 514 1162 552 sunt
1182 511 1297 561 data3

268 583 392 635 quia,
426 583 662 624 secundum
696 584 809 636 quod
840 583 939 624 dicit
969 582 1239 634 Augustinus
1260 583 1300 623 ²:

273 668 293 692 c(
314 653 563 694 Cathedram
578 654 706 695 habet
727 654 770 694 in
792 654 912 704 coelo,
932 654 1006 706 qui
1026 654 1070 694 in
1088 654 1212 694 terris
1233 653 1303 694 do-

268 727 345 765 cet.
378 739 398 762 »
420 724 538 766 Unde
569 725 722 765 dicitur
741 724 781 766 ³:
811 740 830 763 «
862 724 979 766 Unus
1010 727 1071 765 est
1100 725 1303 777 magister

266 797 408 836 vester
428 795 628 837 Christus.
651 810 671 834 1)
696 796 803 837 Sunt
822 799 966 837 tamen
988 796 1083 837 data
1106 807 1182 849 per
1202 806 1301 839 con-

266 866 415 909 silium
445 869 773 920 magistrer-unz,
807 868 849 909 id
887 871 971 918 est3
1007 868 1302 909 ministrorum

266 936 388 978 istius
414 939 573 978 summi
604 938 819 990 Magistri,
845 951 951 992 quos
980 940 1069 992 ipse
1091 940 1230 990 misit,
1261 942 1302 980 et

266 1007 434 1059 docuit3
468 1010 581 1050 unde
603 1010 755 1051 dicitur
776 1015 788 1036 ⁴
813 1024 821 1051 ε
844 1025 861 1049 α
883 1011 1099 1062 Seniores,
1122 1013 1299 1063 pascite,

265 1079 341 1133 qui
359 1080 404 1120 in
423 1080 543 1121 vobis
565 1083 640 1132 est,
659 1093 839 1133 gregem
860 1081 946 1131 Dei,
965 1084 1013 1122 ut
1026 1094 1124 1122 cum
1137 1082 1302 1124 venerit

265 1150 466 1204 Princeps
487 1154 724 1204 pastorum,
754 1153 994 1205 percipiatis
1014 1153 1299 1194 immarcesci-

264 1221 393 1262 bilem
416 1222 566 1274 gloriae
588 1235 804 1264 coronam.
828 1239 846 1260 »
872 1223 957 1263 Hos
976 1223 1089 1264 misit
1108 1224 1213 1277 ipse,
1236 1225 1300 1266 di-

265 1306 363 1335 cens
377 1298 414 1335 ⁵:
436 1310 454 1333 «
471 1295 631 1336 Euntes
645 1307 749 1347 ergo
765 1295 908 1336 docete
929 1307 1076 1335 omnes
1098 1301 1294 1348 gentes.»

319 1369 384 1406 12.
402 1366 482 1408 His
498 1367 700 1420 amilius,
718 1370 796 1407 etc.
820 1366 895 1406 Hic
915 1367 1038 1407 tertio
1051 1367 1301 1419 reprimitur

264 1436 484 1478 curiositas
514 1439 783 1489 auditorum,
820 1450 928 1491 quos
960 1437 1190 1490 alloquitur
1221 1439 1300 1479 sub

263 1521 444 1562 persona
462 1509 562 1561 filii,
596 1510 759 1551 dicens:
784 1510 866 1552 His
888 1509 1096 1561 ampllus,
1119 1510 1188 1560 file·
1215 1511 1298 1561 mi,

262 1591 315 1622 ne
339 1581 562 1632 requiras,
590 1584 637 1622 ut
668 1594 835 1635 semper
863 1581 967 1622 velis
995 1581 1140 1622 audire
1160 1594 1296 1622 nova:

262 1651 418 1692 sufficit
438 1652 554 1691 enim
583 1652 688 1692 scire
706 1652 962 1702 necessaria,
989 1652 1114 1704 Juxta
1134 1652 1238 1693 illud
1259 1657 1296 1692 ⁶:

265 1737 284 1761 α
301 1722 403 1773 Quae
418 1723 618 1777 praecepit
632 1723 709 1764 tibi
729 1723 855 1774 Deus,
874 1724 1013 1775 cogita
1029 1723 1100 1764 illa
1117 1736 1297 1777 semper,

261 1797 304 1835 et
324 1796 370 1835 in
392 1795 584 1849 pluribus
606 1795 805 1848 operibus
825 1797 860 1848 ej
869 1807 918 1836 us
938 1807 992 1835 ne
1014 1795 1144 1836 fueris
1164 1796 1300 1836 curio-

261 1878 349 1907 sus.
371 1881 391 1904 1)
416 1866 468 1907 Et
493 1867 682 1908 redditur
701 1867 808 1907 ratio
832 1866 988 1919 duplex
1007 1867 1138 1916 hujus
1158 1867 1301 1907 admo-

260 1937 462 1979 nitionis:
496 1938 597 1991 quia
627 1938 846 1991 inquisitio
877 1937 1010 1989 hujus
1039 1937 1300 1978 curiositatis

262 2011 323 2050 est
341 2009 637 2058 interminata;
661 2008 755 2049 ideo
777 2007 896 2048 dicit:
930 2007 1140 2049 Faciendi
1155 2008 1299 2060 plures

261 2081 388 2123 libros
405 2081 547 2122 nullus
568 2084 628 2122 est
647 2080 779 2132 finis,·
806 2079 907 2132 quia
930 2078 1086 2119 curiosi
1113 2091 1200 2120 non
1221 2080 1296 2120 ha-

259 2152 362 2193 bent
392 2154 477 2203 tot,
518 2152 622 2205 quin
656 2151 788 2192 velint
819 2150 968 2191 audire
997 2150 1164 2203 plures,
1197 2151 1298 2204 quia

258 2236 481 2277 nunquam
498 2223 648 2264 volunt
668 2222 816 2263 audire
844 2220 1005 2273 vetera,
1037 2222 1109 2263 sed
1131 2235 1299 2276 semper

258 2306 383 2336 nova.
417 2293 535 2335 Unde
553 2295 594 2334 ⁷:
620 2308 640 2332 (ι
668 2292 947 2333 Athenienses
968 2292 1020 2333 ad
1048 2292 1156 2332 nihil
1183 2292 1299 2333 aliud

257 2366 478 2416 vacabant,
502 2365 585 2405 nisi
608 2367 683 2404 aut
703 2364 856 2413 dicere,
878 2366 952 2404 aut
969 2363 1119 2403 audire
1137 2363 1298 2416 aliquid

258 2435 375 2476 novi.
402 2450 422 2473 1)
449 2435 545 2476 Ideo
576 2434 729 2475 dicitur
745 2434 786 2473 ⁸:
814 2448 833 2472 ((
859 2432 1182 2474 Pertransihunt
1201 2434 1299 2486 plu-

258 2507 369 2547 rima
389 2509 604 2559 tempora,
626 2507 668 2545 et
688 2504 915 2557 multiplex
946 2504 1026 2544 erit
1052 2504 1225 2546 scientia
1238 2520 1248 2555 ;
1272 2520 1291 2543 1)

258 2590 308 2620 eo
333 2578 447 2632 quod
477 2576 652 2617 scientia
675 2587 843 2628 semper
865 2575 1051 2628 quodam
1081 2577 1207 2617 modo
1229 2588 1296 2617 re-

258 2651 456 2691 novatur.
490 2647 574 2688 Nec
601 2650 769 2687 tantum
801 2649 864 2687 est
897 2647 1194 2698 interminata,
1226 2648 1299 2689 sed

259 2720 387 2761 etiam
421 2719 631 2759 laboriosa
663 2720 705 2758 et
730 2717 899 2758 curiosa
929 2717 1170 2770 inquisitio,
1203 2718 1298 2759 ideo

258 2790 422 2832 subdit:
438 2791 730 2843 Frequensque
749 2788 976 2832 meditatio
994 2791 1139 2832 carnis
1160 2794 1218 2833 est
1235 2792 1298 2843 af-

258 2861 409 2914 flictio,
433 2864 446 2886 ⁹
470 2875 490 2899 (ι
508 2860 664 2913 Vigilia
693 2861 925 2901 honestatis
951 2861 1170 2902 tabefaciet
1201 2874 1296 2902 car-

258 2943 372 2972 nem.
401 2945 421 2969 1)
448 2930 533 2982 Est,
557 2931 756 2984 inquam,
788 2931 957 2972 afflictio
989 2943 1176 2984 magna,
1203 2935 1243 2973 et
1273 2945 1297 2974 0

259 3002 470 3044 contrario
506 3002 668 3043 utilitas
696 3002 882 3052 modica,
915 3003 1150 3044 secundum
1183 3005 1298 3056 quod

259 3073 420 3114 dictum
438 3076 499 3114 est
514 3085 643 3126 supra
658 3074 688 3098 ¹⁰
700 3087 735 3114 z«
755 3074 826 3113 Est
842 3073 986 3124 homo,
1000 3073 1075 3126 qui
1090 3073 1135 3114 in
1149 3074 1297 3115 diebus

260 3146 301 3185 et
319 3143 515 3184 noctibus
534 3156 623 3185 non
642 3144 753 3197 capit
767 3156 967 3186 somnum
987 3145 1121 3186 oculis
1143 3159 1152 3185 ε
1175 3148 1217 3186 et
1235 3146 1298 3186 in-

259 3213 418 3264 tellexi,
433 3214 548 3267 quod
563 3227 742 3268 operum
757 3214 829 3256 Dei
842 3216 1005 3257 nullam
1017 3216 1149 3269 possit
1163 3216 1296 3259 homo

261 3284 456 3327 invenire
475 3285 700 3326 rationem.
720 3300 740 3324 1)

305 3367 438 3407 ¹J0an.‚
468 3377 510 3407 x,
537 3369 593 3407 11,
621 3370 671 3400 14.
691 3385 732 3391 -
753 3369 765 3388 ²
788 3370 890 3411 Aug„
918 3370 958 3401 de
986 3370 1126 3412 Discz'pl.
1154 3370 1294 3412 Christ„

262 3423 291 3446 c.
311 3423 366 3456 111,
386 3415 421 3446 111
438 3414 571 3447 fine.—
591 3415 602 3434 ³
617 3416 754 3454 Manli„
775 3424 878 3457 xxm,
900 3420 947 3450 10.
966 3435 1006 3442 —
1020 3419 1031 3437 ⁴
1050 3419 1059 3450 1
1081 3420 1186 3456 Pelva,
1209 3427 1241 3461 ν,
1261 3421 1292 3451 2.

261 3477 301 3485 —
319 3461 333 3484 ⁵
351 3461 486 3503 Matth„
507 3470 637 3503 xxvm,
661 3464 710 3495 19.
730 3480 773 3487 ·—
791 3463 805 3485 ⁶
825 3463 942 3504 Eccli„
964 3473 1022 3506 111,
1042 3467 1095 3498 22.
1115 3483 1157 3490 --
1174 3467 1185 3486 ⁷
1205 3467 1294 3507 Act„

261 3516 356 3550 xvn,
376 3510 428 3544 24.
454 3527 489 3533 —
518 3510 529 3529 ⁸
548 3510 648 3548 Dan„
674 3517 745 3552 xit,
771 3513 802 3544 4.
826 3529 866 3536 —
891 3514 903 3532 ‘³
931 3513 1050 3554 Eccli„
1077 3521 1178 3554 xxxi,
1202 3515 1231 3547 1.
1254 3532 1294 3538 -

2336 221 2413 261 683

1431 301 1496 340 13.
1510 299 1658 343 Finem
1673 301 1875 355 loquendi
1881 303 2063 356 pariter,
2077 306 2156 346 etc.
2175 304 2252 346 Hic
2260 309 2413 359 quarto

1375 370 1572 422 tangitur
1597 373 1805 413 sententia
1833 373 2055 415 doctorum
2079 387 2154 428 per
2179 377 2413 429 quamdam

1376 440 1732 494 epilogationem,
1753 443 1805 483 ad
1826 456 1956 497 quam
1981 446 2237 488 audiendam
2258 451 2298 489 et
2317 460 2412 490 me—

1377 515 1629 555 morandam
1644 515 1796 556 excitet
1811 516 2117 570 discipulorum
2130 520 2409 572 audientiam,

1376 596 1475 625 cum
1507 585 1630 627 dicit:
1662 587 1815 628 Finem
1843 587 2068 640 loquendi,
2089 589 2132 630 id
2151 593 2233 641 est,
2263 591 2412 632 termi-

1376 667 1482 696 num
1499 659 1540 696 et
1559 658 1973 699 consummationem
1991 659 2231 711 locutioniS‚
2245 664 2412 714 pariter

1377 739 1517 771 omnes
1537 730 1784 782 audiamus,
1807 734 2015 785 tanquam
2032 734 2230 774 omnibus
2243 736 2406 788 utilem,

1376 803 1417 841 et
1434 802 1732 842 necessariam.
1756 802 1806 842 Et
1825 803 2016 844 consistit
2036 804 2080 844 111
2099 805 2179 845 hoc
2203 807 2411 848 sententia

1376 871 1571 912 omnium
1587 872 1827 914 doctorum:
1849 874 1918 914 vel
1935 874 1980 914 in
1998 874 2276 917 declinatione
2292 877 2408 928 mali,

1375 942 1443 984 vel
1461 943 1504 982 111
1519 944 1832 996 comparatione
1849 945 1970 985 boni:
1994 946 2046 986 ad
2062 947 2174 999 quod
2189 947 2412 990 ordinatur

1376 1011 1516 1052 omnis
1548 1011 1760 1060 doctrina,
1791 1015 1832 1052 et
1853 1012 2008 1053 locutio
2036 1013 2293 1066 Salomonis,
2326 1016 2412 1058 imo

1375 1084 1462 1122 tota
1491 1080 1723 1134 Scriptura.
1755 1081 1852 1122 Ideo
1885 1083 2108 1135 primitus,
2133 1088 2341 1137 quantum
2361 1087 2413 1128 ad

1377 1151 1700 1193 declinationem
1721 1153 1837 1203 mali,
1859 1153 1985 1194 dicit:
2006 1155 2142 1196 Deum
2163 1156 2312 1198 riman
2334 1157 2415 1199 «In

1374 1223 1527 1264 timore
1542 1223 1656 1264 0111111
1671 1223 1838 1264 Domini
1856 1224 2036 1265 declinat
2050 1227 2188 1267 omnis
2202 1239 2227 1267 a
2240 1228 2368 1269 malo.
2387 1244 2406 1268 1)

1376 1294 1593 1344 Quantum
1631 1295 1685 1336 ad
1715 1295 2004 1348 operationem
2033 1297 2159 1348 boni,
2196 1299 2327 1341 dicit:
2358 1301 2415 1344 Ec

1375 1365 1586 1408 ‘mandata
1606 1365 1698 1418 eJ‘us
1726 1367 1915 1409 observa.
1933 1371 1964 1392 ¹²
1994 1382 2013 1406 α
2036 1368 2172 1419 Audi,
2200 1369 2341 1422 Israel,
2375 1374 2415 1413 et

1375 1437 1570 1488 observa,
1594 1440 1643 1477 ut
1659 1437 1801 1488 facias,
1823 1449 1921 1491 quae
1936 1440 2137 1492 praecepit
2151 1440 2371 1483 Dominus.
2388 1458 2408 1481 1)

1375 1509 1463 1551 Hoc
1478 1513 1541 1552 esc
1557 1510 1694 1552 omnis
1713 1509 1848 1560 homo,
1865 1510 1908 1551 id
1925 1515 1999 1562 est,
2020 1512 2133 1552 totus
2149 1515 2190 1552 et
2204 1513 2414 1565 perfectus

1340 1626 1343 1631 ¹
1374 1579 1531 1621 homo:
1556 1580 1590 1620 si
1609 1581 1723 1621 enim
1743 1581 1840 1621 facit
1859 1581 2046 1633 bonum,
2068 1585 2109 1623 et
2130 1595 2216 1624 11011
2236 1584 2416 1626 declinat

1375 1663 1401 1691 a
1418 1651 1546 1702 malo,
1569 1664 1656 1692 non
1675 1654 1738 1692 est
1750 1651 1918 1705 integer
1936 1652 2084 1704 homo,
2101 1654 2173 1694 sed
2191 1655 2411 1707 dimidius;

1374 1733 1538 1772 rursuS,
1571 1721 1606 1761 si
1631 1721 1811 1762 declinat
1835 1735 1860 1763 a
1882 1723 2017 1774 malo,
2044 1727 2085 1764 et
2113 1736 2201 1765 non
2225 1725 2322 1766 facit
2345 1726 2416 1768 bo-

1374 1804 1478 1833 num
1494 1824 1507 1843 ,
1529 1805 1615 1833 11011
1636 1795 1698 1833 est
1716 1793 1799 1834 nisi
1816 1793 2040 1835 dimidius:
2066 1795 2100 1834 si
2119 1799 2267 1836 autem
2287 1797 2415 1837 decli-

1374 1866 1448 1903 nat
1468 1875 1493 1903 a
1513 1863 1623 1903 malo
1644 1876 1720 1916 per
1739 1864 1953 1915 timorem,
1977 1867 2018 1905 et
2039 1865 2139 1906 facit
2157 1866 2321 1907 bonum
2340 1879 2415 1920 per

1375 1934 1674 1975 mandatorum
1695 1935 2054 1987 observationem,
2074 1939 2167 1989 jam
2197 1942 2259 1980 est
2277 1939 2414 1981 omnis

1375 2006 1516 2057 homo,
1541 2007 1582 2047 id
1602 2010 1678 2058 est,
1701 2008 1909 2060 perfectus
1931 2011 1972 2050 et
1998 2010 2245 2063 completus.
2269 2010 2415 2052 Justus

1373 2078 1582 2120 Dominus
1600 2080 1652 2120 ab
1672 2080 1847 2121 homine
1871 2081 1932 2121 nil
1953 2081 2139 2134 amplius
2158 2082 2338 2134 requirit
2357 2083 2408 2123 ¹³:

1381 2165 1401 2189 «
1419 2150 1470 2192 Et
1497 2163 1635 2201 nunc,
1658 2151 1806 2202 Israel,
1828 2152 1930 2205 quid
1958 2152 2165 2193 Dominus
2188 2153 2367 2206 requirit
2389 2166 2414 2194 3

1374 2224 1430 2271 te,
1453 2222 1534 2262 nisi
1555 2225 1604 2262 ut
1622 2222 1772 2263 timeas
1800 2223 2030 2264 Dominum
2052 2224 2186 2265 Deum
2207 2227 2348 2275 tuum,
2371 2228 2414 2266 et

1375 2292 1568 2334 ambules
1584 2293 1629 2333 in
1656 2292 1737 2333 viis
1766 2294 1879 2346 ejus,
1907 2297 1949 2334 et
1975 2294 2136 2336 servias
2164 2294 2341 2335 Domino
2368 2295 2412 2336 in

1373 2367 1462 2405 toto
1480 2365 1604 2405 corde
1625 2367 1719 2415 tuo,
1745 2367 1786 2405 et
1805 2365 1850 2404 in
1873 2367 1963 2405 tota
1983 2365 2130 2406 anima
2146 2368 2244 2416 tua,
2267 2368 2412 2408 custo-

1375 2435 1550 2488 diasque
1571 2435 1772 2475 mandata
1794 2435 1961 2475 Domini
1986 2436 2060 2476 Dei
2085 2436 2208 2476 tui?»
2234 2435 2285 2476 Et
2303 2437 2410 2478 ratio

1375 2508 1461 2555 est,
1493 2517 1626 2558 quare
1650 2505 1761 2546 Deus
1791 2506 2006 2546 timendus
2035 2506 2107 2557 sit,
2141 2508 2183 2546 et
2211 2507 2411 2548 mandata

1375 2577 1467 2629 ejus
1490 2576 1572 2616 sint
1592 2576 1858 2618 observanda
1876 2591 1884 2617 :
1907 2568 2009 2629 quia
2028 2576 2078 2617 de
2099 2576 2298 2617 omnibus
2317 2578 2407 2618 exi-

1374 2652 1447 2701 get
1469 2649 1699 2700 rationem,
1719 2649 1808 2690 sive
1833 2650 1883 2690 de
1903 2649 2047 2700 honis,
2070 2649 2160 2691 sive
2186 2650 2237 2691 de
2258 2651 2378 2692 malis
2397 2666 2406 2692 ε

1375 2720 1470 2761 ideo
1499 2719 1641 2760 subdit
1669 2722 1738 2767 (v.
1761 2720 1832 2773 14)
1858 2734 1867 2761 z
1900 2721 1955 2762 Ετ
1976 2724 2130 2763 cuncta
2159 2732 2254 2773 quae
2280 2722 2406 2773 fiunt,

1375 2790 1558 2833 adducet
1584 2791 1686 2833 Deus
1706 2791 1756 2832 in
1769 2790 1991 2844 judicium
2005 2802 2083 2844 pro
2104 2793 2221 2834 omm'
2240 2796 2378 2835 errato
2393 2805 2408 2834 :

1373 2862 1475 2915 quia
1493 2862 1602 2902 nihil
1631 2862 1868 2903 remanebit
1887 2862 2189 2913 indiscussum,
2211 2875 2289 2903 1100
2311 2875 2407 2915 ges-

1372 2935 1466 2973 tum
1477 2944 1553 2986 per
1562 2932 1783 2984 malitiam,
1796 2945 1874 2974 nec
1886 2935 2057 2985 gestum
2070 2945 2144 2986 per
2157 2945 2345 2975 errorem
2358 2934 2405 2974 ¹⁸:

1379 3020 1398 3043 a
1427 3004 1482 3044 De
1509 3004 1626 3045 omni
1653 3004 1768 3045 enim
1795 3005 1929 3046 verbo
1956 3005 2106 3061 otioso,
2139 3005 2252 3057 quod
2280 3004 2408 3045 locuti

1371 3075 1531 3117 fuerint
1542 3075 1753 3125 110111111οε,
1775 3076 1952 3118 reddent
1971 3075 2196 3116 rationem.
2210 3089 2230 3112 1)
2248 3074 2298 3116 Et
2316 3086 2404 3116 non

1371 3149 1538 3188 tantum
1554 3147 1832 3188 discutientur
1852 3147 1977 3196 mala,
1994 3146 2080 3187 imo
2095 3149 2136 3187 et
2155 3147 2286 3196 bona;
2308 3146 2403 3187 ideo

1373 3217 1535 3259 subdit:
1556 3219 1661 3260 Sive
1682 3218 1848 3269 bonum,
1880 3219 1970 3260 sive
1990 3218 2150 3260 malum
2168 3218 2242 3267 sit,
2266 3217 2404 3258 addu-

1371 3291 1491 3330 cetur
1517 3288 1563 3329 111
1592 3288 1768 3341 Judicio,
1799 3289 1912 3330 unde
1938 3288 1994 3331 ¹⁵:
2025 3305 2046 3329 α
2073 3288 2177 3330 Cum
2205 3299 2404 3341 accepero

1374 3420 1396 3438 ¹⁰
1417 3420 1539 3459 Supra,
1563 3426 1638 3460 virs,
1661 3420 1712 3451 16.
1733 3435 1772 3442 —
1794 3419 1818 3440 ¹¹
1837 3420 1946 3459 Prov„
1967 3427 2041 3460 xvr,
2061 3421 2092 3452 6.
2111 3435 2153 3442 —
2174 3418 2201 3440 ¹²
2222 3419 2335 3459 Dent„
2355 3426 2400 3458 vi,

1371 3467 1402 3498 3.
1422 3483 1463 3489 —
1484 3465 1509 3487 ¹³
1528 3465 1627 3508 lbid.,
1644 3474 1680 3508 x,
1703 3468 1755 3499 12.
1773 3483 1815 3491 —
1839 3467 1861 3486 ¹⁴
1880 3466 2016 3507 Mattlz„
2040 3475 2105 3508 1111,
2127 3467 2179 3499 36.
2200 3483 2242 3491 —
2261 3467 2290 3490 ¹⁵
2310 3464 2399 3498 Psal.

1372 3520 1489 3553 mxlv,
1513 3514 1545 3546 3.
