2633 3878
69 3215 179 3243 Jusufi-

47 3257 176 3287 cationes

39 3298 156 3328 divinae.

1091 169 1335 212 PSALMUS
1363 170 1536 213 CXVIII.

242 261 460 308 meditatio,
479 261 550 299 sed
568 261 758 298 meditatio
775 269 866 305 mea,
887 258 999 306 quasi
1016 258 1094 294 mei
1114 269 1276 306 suspen-

241 325 348 371 siva,
383 325 634 370 succensiva,
668 322 880 360 defensiva.
921 321 1131 369 Suspendit
1169 321 1275 358 enim

238 390 417 435 respectu
442 387 714 434 superiorum3
744 383 947 421 succendit
975 385 1155 431 respectu
1176 383 1274 420 inte-

239 449 410 496 riorum3
428 448 603 486 defendit
618 449 796 495 respectu
812 445 1057 482 inferiorum.
1077 448 1127 482 De
1144 446 1272 493 primo

240 511 382 548 dicitur
406 513 415 533 ¹
440 524 448 548 :
474 524 491 546 «
510 510 704 548 Meditatio
735 508 864 545 cordis
891 508 970 545 mei
997 508 1036 544 in
1063 511 1273 556 conspectu

241 578 305 612 tuo
326 585 481 622 semper
503 587 511 611 ε
535 588 553 609 »
576 584 665 609 eccc
686 571 951 608 meditationis
972 571 1192 619 suspensio.
1222 573 1271 607 Dc

237 637 412 674 seeundo
438 636 567 684 psallit
592 635 786 682 Prophota
814 633 827 653 ²
858 646 866 670 ε
898 646 916 668 «
944 637 986 671 ln
1015 634 1270 671 meditati0nc

235 710 326 736 mea
347 699 572 736 exardescet
591 697 691 744 ignis
714 709 722 732 :
746 709 763 730 »
787 706 876 733 ecce
896 696 1163 733 meditationis
1183 707 1271 733 suc-

236 762 379 798 censio.
411 763 461 797 De
491 760 601 797 tertio
631 759 814 795 scribitur
842 759 882 794 in
906 758 1138 806 prophetica
1164 758 1270 806 psal-

233 824 372 860 modia
391 825 404 846 ³
434 836 442 860 ;
477 836 493 856 «
519 822 595 859 Nisi
624 821 734 870 quod
761 821 825 857 lex
855 823 922 857 tua
948 820 1151 857 meditatio
1180 831 1270 858 mea

234 889 308 930 est,
330 889 422 922 tunc
449 886 545 923 forte
575 885 779 933 periissem
811 885 851 921 in
876 884 1094 921 humilitate
1121 895 1229 930 mea3
1249 898 1265 918 »

233 947 347 994 quasi
369 947 473 984 dicat
494 960 501 984 :
521 948 598 984 Nisi
620 959 683 984 me
705 947 944 983 defendisset
962 946 1165 983 meditatio
1186 949 1267 993 tua,

230 1008 270 1045 in
289 1009 510 1057 periculum
529 1009 794 1046 descendisset
813 1008 1014 1045 humilitas
1035 1019 1124 1046 mea
1149 1021 1157 1045 :
1178 1019 1267 1046 ecoe

229 1071 497 1108 meditationis
518 1071 708 1108 defensio.

568 1178 758 1213 Articulus
781 1178 922 1213 tertius.

274 1265 470 1307 Quantum
498 1263 551 1299 ad
570 1263 745 1308 tertium,
768 1261 939 1299 annectit
963 1273 971 1297 :
1001 1262 1049 1298 Et
1076 1263 1264 1298 consilium

227 1337 354 1362 meum.
368 1326 473 1362 Istud
485 1326 695 1362 consilium
704 1325 1016 1362 dicitconsiliatae
1027 1324 1072 1372 (α)
1083 1324 1265 1362 volunta-

226 1388 274 1424 tis
293 1392 543 1436 conceptum,
564 1388 784 1425 secundum
807 1388 918 1435 quod
940 1384 1152 1425 consilium
1171 1399 1262 1425 nos-

224 1453 328 1487 trum
349 1451 478 1488 dicere
500 1451 792 1496 consuevimus,
813 1450 924 1498 quod
942 1450 1078 1487 divina
1097 1451 1262 1488 intluen-

223 1515 296 1559 tia,
330 1514 394 1550 vel
428 1514 604 1550 humana
635 1513 829 1549 industria
864 1513 1055 1560 dirigente
1091 1524 1258 1551 consen-

223 1575 356 1612 tiendo
395 1576 663 1623 concepimus.
709 1578 751 1612 Et
792 1577 887 1612 nota
930 1576 1033 1612 circa
1078 1575 1259 1613 divinum

221 1638 447 1683 consilium,
463 1638 573 1685 quod
594 1638 793 1674 interdum
810 1639 1009 1674 attestatur
1026 1637 1169 1674 divinae
1188 1649 1260 1686 po-

219 1700 367 1746 tentiae,
388 1700 588 1736 interdum
613 1700 812 1748 sapientiae
822 1728 836 1746 ,
856 1700 1056 1737 interdum
1080 1700 1257 1737 benevo-

217 1763 346 1800 lentiae
368 1776 376 1799 :
397 1763 581 1811 potentiae
607 1763 792 1811 quidem,
816 1763 968 1800 ratione
995 1762 1172 1809 roboris,
1193 1765 1257 1800 vel

217 1825 384 1872 vigori53
440 1826 640 1874 sapientiae
677 1828 830 1870 autem,
866 1825 1019 1862 ratione
1058 1826 1254 1874 stupori53

217 1888 503 1925 benevolentiae
534 1900 656 1934 vero,
686 1888 838 1925 ratione
872 1888 1060 1924 dulcoris.
1090 1890 1141 1924 De
1173 1888 1255 1936 pri-

216 1961 282 1986 mo
298 1948 311 1970 '⁴
326 1961 334 1986 :
351 1963 367 1984 «
387 1952 590 1996 Memento,
615 1952 791 1996 Domine,
815 1950 1033 1987 testamenti
1053 1950 1121 1996 tui,
1146 1952 1183 1987 et
1203 1950 1255 1987 da

215 2012 384 2049 verbum
403 2014 441 2049 in
459 2024 526 2050 ore
547 2024 652 2058 meo,
675 2016 710 2050 et
731 2013 772 2049 in
793 2013 912 2049 corde
932 2024 1023 2050 meo
1044 2013 1253 2050 consilium

215 2086 368 2122 meum,
391 2090 407 2110 >³
433 2076 475 2112 id
496 2078 574 2121 est,
596 2079 632 2112 te
654 2076 868 2123 inspirante
890 2079 1146 2123 conceptum,
1169 2087 1252 2113 cor-

213 2138 361 2175 robora
383 2151 391 2175 :
414 2150 502 2176 ecce
523 2138 732 2176 consilium
752 2138 921 2175 roboris.
944 2141 995 2174 De
1016 2139 1190 2176 secundo
1210 2141 1223 2161 ⁵
1241 2152 1249 2176 :

218 2215 235 2235 «
256 2204 285 2238 A
306 2202 470 2239 Domino
492 2204 569 2238 Deo
591 2201 834 2239 exercituum
854 2201 986 2247 exivit,
1008 2204 1049 2237 ut
1068 2201 1250 2238 mirabile

211 2263 357 2300 faceret
385 2264 594 2301 consilium
622 2276 630 2301 :
659 2277 676 2299 »
705 2274 795 2300 ecce
824 2262 1034 2300 consilium
1063 2263 1247 2311 stuporis.

211 2329 263 2364 De
282 2328 395 2366 tertio
417 2330 430 2350 ⁶
454 2341 462 2364 :
488 2341 505 2362 «
527 2328 643 2365 BoniS
667 2326 784 2364 amici
811 2326 985 2363 consiliis
1009 2326 1142 2363 anima
1162 2325 1250 2362 dul-

212 2393 388 2436 coratur,
407 2403 426 2424 »
449 2390 554 2426 illius
575 2391 772 2438 praecipue
790 2400 910 2437 quem
930 2389 1094 2425 beatum
1114 2391 1170 2425 est
1187 2388 1247 2426 in-

210 2452 364 2497 venire,
392 2452 490 2488 sicut
514 2453 702 2499 scriptum
731 2453 788 2488 est
806 2452 819 2474 ⁷
843 2464 851 2488 z
883 2464 899 2486 «
919 2453 1058 2487 Beatus
1079 2453 1156 2495 est,
1179 2451 1247 2499 qui

210 2513 359 2550 invenit
384 2513 554 2551 amicum
573 2525 713 2551 verum
735 2526 742 2550 :
765 2527 782 2549 »
809 2523 897 2550 ecce
924 2512 1246 2550 consiliumdul-

211 2575 324 2612 coris.

537 2624 728 2660 Articulus
753 2627 915 2670 quartus.

256 2702 452 2745 Quantum
472 2700 523 2737 ad
544 2703 743 2748 quartum,
764 2700 959 2738 subnectit
980 2712 988 2737 :
1009 2702 1244 2746 Justz'ttcatio-

207 2774 266 2799 ms
290 2768 372 2800 tuoe.
395 2765 486 2808 Quae
503 2764 815 2811 justificationes,
836 2764 910 2800 nisi
928 2763 1084 2810 justitiae
1104 2774 1243 2811 opera-

206 2825 355 2862 tiones?
375 2838 474 2874 quas
494 2827 611 2873 dum,
633 2829 869 2875 cooperante
892 2826 1079 2873 Domino,
1103 2837 1242 2875 opera-

205 2898 308 2935 mur,
328 2899 351 2924 a
371 2889 538 2926 Domino
554 2889 829 2935 justificamur.
857 2892 962 2926 Tunc
989 2889 1121 2937 itaque
1146 2900 1241 2937 pos-

205 2960 341 2987 sumus
376 2951 505 2988 dicere
541 2964 548 2988 :
586 2953 783 2989 Consilium
819 2963 933 2988 meum
958 2952 1240 2998 justificationes

206 3014 294 3058 tuae,
316 3013 477 3060 quando
509 3017 687 3051 sanctum
718 3015 969 3062 propositum
998 3014 1149 3051 coelitus
1179 3014 1238 3051 in-

203 3074 414 3122 spiratum,
450 3076 560 3124 quod
595 3077 851 3125 concepimus
885 3087 956 3124 per
989 3076 1238 3124 complacen-

202 3137 297 3173 tiam
321 3138 592 3185 affectualem,
620 3139 828 3186 incipimus
853 3149 924 3186 per
954 3139 1236 3186 experientiam

201 3200 408 3237 actualem.
431 3201 507 3237 Sed
523 3204 630 3247 nota,
653 3201 763 3249 quod
779 3201 1074 3248 justificationes
1093 3201 1236 3238 divinae

200 3266 290 3300 sunt
309 3263 583 3311 exquirendae,
604 3263 870 3311 requirendae,
892 3264 1132 3301 exercendae.
1162 3266 1235 3300 Ex-

201 3326 408 3374 quiruntur
428 3329 558 3363 autem
577 3337 649 3374 per
669 3326 957 3374 eruditionem3
979 3326 1234 3375 requiruntur

244 3412 253 3433 ¹
273 3412 362 3444 Psal.
383 3420 490 3453 xviii,
516 3414 566 3445 15.
590 3429 632 3436 --
661 3413 672 3432 ²
698 3412 790 3445 Psal.
812 3421 965 3454 xxxvnl,
986 3413 1016 3445 4.
1038 3429 1078 3437 —
1106 3412 1120 3434 ³
1143 3411 1229 3444 Psal.

198 3457 278 3501 hoc,
300 3461 350 3493 Π.
373 3476 413 3485 --
431 3461 444 3483 ⁸
462 3460 576 3493 Judz‘ttz
592 3486 604 3503 ,
625 3469 675 3503 ix,
704 3464 753 3496 18.
773 3479 807 3484 —-
835 3462 848 3483 ⁵
867 3463 947 3503 Isa.,
971 3469 1096 3502 xxvm,
1116 3462 1167 3494 29.
1191 3477 1231 3485 --

2310 182 2381 219 3511

1351 270 1422 306 per
1455 260 1698 306 orationem3
1737 266 1964 301 exercentur
1995 275 2066 312 per
2099 266 2382 314 operationem.

1351 323 1402 358 De
1430 322 1559 369 primo
1591 322 1764 359 dicitur8
1796 337 1804 360 :
1830 339 1846 359 «
1873 326 2173 365 Justificationes
2206 332 2291 366 tuas
2320 341 2385 367 ex-

1348 383 1516 431 quisivi,
1548 398 1566 417 ι)
1596 385 1678 421 hcec
1710 386 1917 433 exquisitio
1950 392 2006 425 est
2033 391 2215 428 eruditio.
2248 394 2297 428 De
2327 403 2384 429 se-

1351 446 1481 483 cundo
1498 457 1569 494 per
1588 448 1822 494 prophetam
1842 449 2020 496 psallitur
2036 452 2049 474 ⁹
2073 465 2080 488 :
2104 466 2120 486 «
2139 454 2382 492 Justificatio-

1349 518 1417 544 nes
1437 512 1520 545 tuas
1545 509 1746 557 requiram
1768 522 1776 546 ε
1799 525 1816 544 »
1839 510 1922 547 haec
1941 513 2144 560 requisitio
2166 519 2221 552 est
2241 517 2379 555 oratio.

1349 571 1399 606 Dc
1420 571 1531 607 tertio
1553 582 1713 619 quoque
1733 570 1774 608 in
1793 573 2019 620 psalmodia
2039 577 2268 623 prophetica
2289 590 2382 616 con-

1348 632 1489 669 tinetur
1523 635 1551 656 ¹⁰
1587 646 1595 670 :
1627 646 1644 667 «
1674 635 1714 670 ln
1739 635 2086 681 justificationibus
2122 638 2196 674 tuis
2232 650 2383 677 exerce-

1348 695 1422 732 bor
1443 708 1451 731 :
1474 708 1490 729 ι)
1514 696 1596 733 haec
1617 698 1840 735 exercitatio
1862 702 1916 736 est
1937 700 2132 748 operatio.

1778 806 1953 848 Epilogus.

1394 883 1455 920 His
1476 885 1673 932 praevisis,
1701 887 1864 925 intentio
1895 890 2137 937 prophetalis
2167 892 2219 928 ita
2246 893 2381 941 colligi

1343 947 1495 992 potest:
1518 947 1632 992 Quod
1652 949 1904 996 praelibatum
1920 954 1993 988 est:
2009 953 2138 990 Servus
2157 958 2276 991 autem
2298 960 2380 992 tuus

1343 1010 1573 1046 ewercebatur
1604 1013 1643 1046 in
1669 1011 1994 1058 justificationibus
2021 1018 2114 1061 tuis,
2148 1016 2314 1063 dignum
2346 1022 2382 1055 et

1338 1071 1487 1116 justum
1508 1075 1588 1109 est:
1616 1075 1711 1111 Nam
1731 1077 1763 1111 et
1783 1078 1987 1113 testimonia
2008 1080 2090 1121 tua,
2115 1083 2308 1126 quantum
2327 1081 2379 1118 ad

1342 1134 1611 1181 acceptionem
1629 1137 1838 1175 audientiae
1854 1140 2062 1176 sensualis:
2086 1142 2280 1179 Meditatio
2301 1154 2379 1180 mea

1341 1199 1412 1242 esc,
1437 1200 1630 1244 quantum
1650 1199 1703 1236 ad
1725 1201 2020 1248 perceptionem
2045 1203 2296 1251 perspicaciae
2317 1206 2379 1242 in-

1340 1258 1593 1307 tellectualis;
1631 1263 1677 1298 Et
1710 1264 1900 1300 consilium
1928 1276 2064 1310 meum,
2099 1269 2291 1314 quantum
2325 1269 2377 1305 ad

1339 1323 1641 1370 conceptionem
1661 1326 1958 1373 complacentiae
1980 1327 2215 1377 affectualis3
2236 1332 2377 1377 ,ΙιιετίῙῑ-

1338 1387 1495 1422 cationes
1525 1390 1612 1430 tuce,
1653 1390 1846 1436 quantum
1882 1390 1933 1427 ad
1965 1390 2230 1439 inceptionem
2260 1404 2376 1441 expe-

1337 1446 1482 1485 rientiae
1507 1449 1682 1487 actualis.

1704 1599 1924 1628 VERSICULUS
1951 1602 2002 1628 lx.

1381 1701 1440 1735 25.
1455 1699 1623 1736 Adhaesit
1642 1703 1862 1747 pavimento,
1873 1706 1945 1741 etc.
1960 1705 2116 1742 Clarum
2127 1710 2258 1755 estper
2269 1712 2374 1746 octo-

1333 1761 1490 1798 narium
1508 1764 1811 1812 praecedentem,
1828 1777 1909 1814 quo
1930 1768 2054 1805 modo
2075 1769 2276 1807 beatitudo
2292 1772 2374 1818 jus—

1332 1825 1392 1860 tos
1413 1825 1554 1862 excitat
1581 1837 1652 1874 per
1681 1838 1881 1876 amorem,
1902 1841 1974 1867 nec
1998 1832 2128 1869 minus
2147 1833 2298 1871 clarum
2319 1838 2376 1873 est

1330 1897 1401 1934 per
1429 1892 1683 1936 praesentem,
1713 1891 1882 1938 qualiter
1913 1894 2076 1931 eosdem
2100 1896 2284 1933 exercitat
2302 1908 2373 1945 per

1328 1948 1523 1987 laborem.
1564 1953 1756 1989 Caeterum
1786 1954 1930 1991 horum
1964 1958 2147 1994 nonnulli
2182 1960 2291 2007 prius
2322 1971 2370 1997 ex

1328 2013 1477 2049 naturae
1515 2014 1741 2052 conditione
1783 2016 2068 2066 languescunt,
2109 2021 2208 2058 sicut
2245 2023 2369 2070 aperit

1328 2076 1601 2122 quaternarius
1628 2077 1737 2125 prior
1747 2091 1757 2125 3
1781 2080 1851 2116 sed
1877 2082 2134 2128 postmodum
2160 2095 2207 2120 ex
2228 2096 2369 2122 conso-

1326 2135 1472 2174 latione
1494 2139 1628 2185 gratioe
1654 2141 1924 2188 revalescunt,
1952 2143 2050 2181 sicut
2068 2146 2250 2192 patefacit
2275 2159 2367 2196 pos-

1325 2198 1457 2236 terior.
1474 2201 1657 2249 Languor
1671 2213 1811 2240 eorum
1825 2215 1873 2241 ex
1889 2216 1936 2242 eo
1953 2211 2136 2244 causatur
2150 2208 2364 2258 interdum,

1325 2261 1437 2308 quod
1472 2262 1702 2302 humiliatur
1738 2267 1932 2314 poenitens
1971 2269 2023 2307 ad
2069 2271 2362 2320 confitendum3

1323 2324 1507 2362 anxiatur
1534 2326 1586 2363 ad
1611 2328 1932 2367 satisfaciendum
1941 2343 1952 2378 3
1987 2332 2191 2380 instigatur
2220 2335 2272 2371 ad
2297 2346 2364 2373 ex-

1321 2384 1563 2425 hortandum
1574 2401 1586 2436 ,-
1617 2390 1687 2427 sed
1718 2391 1903 2439 fatigatur
1933 2394 1986 2431 ad
2019 2398 2363 2444 supportandum:

1321 2458 1494 2493 quorum
1519 2450 1677 2497 singula
1695 2453 1861 2500 singulis
1878 2455 2130 2495 declarantur
2146 2460 2362 2498 versiculis.

1319 2510 1362 2546 111
1389 2511 1521 2557 primo
1549 2523 1642 2560 ergo
1668 2516 1888 2563 versiculo,
1915 2519 1956 2555 in
1981 2531 2062 2567 quo
2089 2522 2283 2568 poenitens
2309 2524 2360 2560 ad

1320 2573 1592 2612 confitendum
1612 2576 1858 2625 humiliatur,
1877 2581 2214 2628 quadrimembris
2233 2585 2360 2622 humi-

1317 2634 1490 2673 liationis
1510 2638 1685 2676 conditio
1707 2640 1949 2688 designatur,
1969 2647 2107 2692 utputa
2126 2647 2357 2694 extrinseca,

1316 2696 1541 2746 intrinseca,
1564 2701 1729 2740 discreta
1749 2706 1786 2740 et
1803 2704 1970 2743 devota:
1995 2708 2211 2746 extrinseca
2229 2710 2356 2747 humi-

1314 2822 1501 2871 trinseca,
1539 2826 1591 2863 ad
1625 2827 1750 2876 culpae
1787 2831 2130 2880 protestationem3
2166 2834 2350 2881 discreta,

1314 2885 1367 2922 ad
1405 2887 1530 2925 veniae
1571 2890 1878 2936 postulationem
1891 2905 1903 2940 3
1950 2894 2094 2933 devota
2132 2897 2184 2934 ad
2221 2898 2352 2944 gratiae

1312 2950 1658 2996 praestolationem.

1645 3059 1836 3097 Areia-ulus
1859 3063 2014 3108 primus.

1359 3139 1582 3177 Extrinseoa
1607 3141 1781 3179 conditio
1807 3143 2111 3192 demonstratur,
2138 3158 2230 3184 cum
2250 3148 2346 3185 dici-

1309 3201 1396 3237 tur:
1424 3203 1590 3240 Adhaesz't
1614 3207 1839 3253 pavimento,
1861 3207 2006 3245 scilicet
2026 3219 2098 3256 per
2122 3210 2238 3246 totius
2258 3221 2345 3247 cor-

1307 3264 1416 3310 poris
1463 3266 1793 3313 prostrationem,
1840 3270 2059 3307 secundum
2101 3271 2344 3310 laudabilem

1307 3327 1597 3366 monachorum
1622 3331 1961 3369 consuetudinem.
1996 3335 2080 3370 Non
2113 3336 2169 3371 est
2196 3336 2344 3374 nullius

1308 3413 1321 3432 ⁶
1338 3412 1446 3453 Pron„
1467 3421 1580 3455 xxvii,
1602 3417 1674 3448 9.—
1700 3417 1710 3435 ⁷
1731 3416 1849 3457 Eccli.,
1869 3425 1952 3458 xxV,
1974 3420 2090 3450 12.—⁸
2109 3421 2166 3452 Ps.
2189 3420 2269 3462 hoc,
2289 3425 2340 3456 56.

1306 3476 1346 3483 -
1358 3462 1370 3479 ⁹
1390 3460 1489 3502 lbid„
1502 3463 1617 3494 145.-
1631 3463 1658 3485 ¹⁰
1671 3462 1771 3504 ibid..
1790 3465 1883 3496 48.-
1898 3464 2135 3506 (a)Ed1'e.Ven.
2151 3469 2339 3505 consiliate.

2412 2725 2515 2751 Humi-

1315 2758 1424 2797 liatio
1452 2763 1620 2809 pertinet
1649 2765 1701 2801 ad
1730 2767 1908 2814 corporis
1938 2771 2264 2819 prostrationem,-
2295 2773 2354 2809 in-
2375 2764 2467 2793 ΜΗΘ·
