2633 3878
148 510 239 536 neati-

113 552 222 576 tudinis

97 592 236 618 vinariis

121 632 214 658 modis

102 673 229 707 proficua

92 1574 168 1597 Deus
184 1573 230 1598 tri-

105 1613 218 1646 1·licit›·r

111 1695 228 1723 tandum

261 230 338 268 3⁶20

259 315 399 352 eadem
422 314 486 350 via
510 313 558 348 sit
576 309 820 358 spectabilis,
841 310 936 357 quia
960 310 1151 357 proficua.
1173 309 1287 355 Quod

258 378 388 413 autem
422 373 619 422 proficua,
660 371 805 419 probat
853 372 966 419 quasi
1004 383 1074 420 per
1117 373 1287 420 quatuor

258 438 502 484 argumenta,
526 437 563 472 et
579 434 632 470 sic
652 433 692 469 in
705 433 781 470 hoc
795 433 990 470 versiculo
1010 436 1181 481 quatuor
1199 436 1288 471 sunt

257 497 444 535 notanda.
468 496 610 534 Probat
629 495 759 541 enim,
781 495 891 542 quod
911 495 958 531 sit
975 495 1154 543 proficua
1175 506 1183 531 :
1205 494 1286 542 pri-

256 571 342 606 1no,
373 559 466 607 quia
496 560 641 606 purgat
671 557 946 603 intentionem,
970 556 1143 593 secundo
1159 584 1171 601 ,
1193 556 1286 604 quia

255 620 451 658 illuminat
493 620 715 665 rationein3
752 618 862 655 tertio
878 645 890 663 ,
932 618 1027 665 quia
1068 618 1287 656 inflammat

255 684 521 728 ass'ectionem3
560 683 729 729 quarto,
766 680 859 727 quia
889 680 1042 728 perficit
1075 680 1282 718 actionem.

255 747 446 792 Purgatur
480 746 610 781 autem
643 741 821 787 intentio,
861 752 1059 779 summam
1092 744 1130 779 et
1159 742 1285 780 solam

252 808 475 845 felicitatem
501 805 767 854 cxpectando3
794 805 1038 842 illuminatur
1069 807 1200 843 autem
1220 817 1283 843 ra-

253 870 331 916 tio,
371 880 566 906 summam
608 868 813 905 veritatem
847 867 1062 914 spectando
1081 880 1090 913 3
1131 867 1284 903 inflam-

253 935 381 969 matur
400 931 568 974 affectio,
589 940 785 967 summam
805 930 1021 967 bonitatem
1040 929 1260 967 affectando
1272 942 1282 973 ;

252 993 451 1040 perficitur
469 992 584 1039 actio,
606 1001 803 1028 summam
822 991 1063 1028 sanctitatem
1082 989 1282 1028 sectando.

591 1098 780 1133 Articultts
796 1098 948 1142 primus.

300 1181 497 1225 Quantum
517 1179 567 1216 ad
586 1179 760 1227 primum
781 1178 922 1214 dicitur
939 1189 947 1214 :
969 1179 1073 1213 Beati
1085 1189 1095 1221 3
1117 1176 1280 1224 supple:

251 1255 332 1281 non
352 1255 414 1290 re,
449 1244 518 1279 sed
547 1253 613 1290 spe
627 1255 637 1289 3
668 1253 750 1279 non
775 1241 967 1278 felicitatis
993 1241 1192 1286 tentione,
1215 1240 1285 1277 sed

251 1307 530 1354 expectatione.
547 1308 641 1342 Ecce
662 1315 824 1341 summae
842 1303 1035 1340 felicitatis
1052 1302 1283 1350 expectatio,

250 1379 320 1415 per
345 1379 466 1416 quam
483 1369 672 1415 purgatur
692 1366 868 1402 intentio.
897 1365 1010 1410 Quod
1036 1367 1168 1402 autem
1189 1365 1283 1402 bea-

250 1434 334 1468 tum
352 1432 469 1468 faciat
487 1431 571 1467 hoec
603 1429 817 1476 expectatio
833 1457 844 1474 ‚
865 1428 1047 1465 scribitur
1068 1429 1079 1450 1
1106 1439 1114 1464 ε
1144 1441 1162 1462 «
1180 1427 1284 1464 Beati

251 1504 412 1540 omnes,
447 1493 514 1540 qui
541 1494 747 1540 expectant
773 1502 876 1528 eum.
904 1504 921 1525 »
955 1490 1030 1528 Sed
1053 1491 1148 1527 nota
1174 1488 1284 1537 quod

251 1558 350 1593 Deus
370 1559 425 1592 est
445 1555 642 1603 tripliciter
671 1554 938 1602 expectandus
965 1566 973 1589 :
994 1552 1176 1589 videlicet
1201 1562 1284 1588 ma-

251 1618 504 1666 gnanimiter,
544 1617 842 1664 aequanimiter,
882 1617 918 1652 et
957 1614 1236 1661 longanimiter
1271 1626 1280 1650 ε

250 1680 572 1726 magnanimiter,
612 1682 747 1715 contra
785 1677 1070 1723 diffidentiam3
1111 1676 1283 1723 aequani-

248 1743 385 1787 miter,
441 1745 575 1778 contra
612 1740 927 1788 impatientiam3
977 1738 1283 1785 longanimiter,

249 1807 385 1840 contra
416 1804 729 1840 inconstantiam.
768 1805 818 1838 De
851 1801 1173 1848 magnanimiter,
1202 1812 1285 1837 non

250 1866 472 1902 diffidenter
496 1866 539 1911 (a)
565 1864 861 1912 expectantibus
875 1891 886 1908 ,
907 1862 1073 1909 legimus
1092 1863 1105 1883 2
1127 1874 1138 1897 .·
1163 1875 1181 1895 «
1200 1864 1285 1898 Non

250 1928 563 1973 confundentur,
603 1927 672 1974 qui
711 1927 916 1973 expectant
954 1935 1068 1970 eum3
1109 1937 1126 1958 n
1170 1924 1283 1970 qnasi

249 1990 393 2026 diceret
423 2002 432 2025 :
474 1991 557 2025 Non
590 1988 852 2036 privabuntur
879 1986 1042 2035 praemio
1078 1987 1286 2033 expectan-

248 2052 369 2097 tium,
396 2052 465 2099 qui
490 2062 569 2087 non
598 2050 803 2098 privantur
831 2049 1009 2096 ipsorum
1040 2047 1199 2084 merito.
1234 2049 1284 2084 De

248 2114 539 2161 aequaminiter,
567 2123 650 2150 non
686 2111 933 2159 impatienter
962 2109 1283 2157 expectantibus,

251 2176 306 2211 sic
334 2175 529 2211 habemus
550 2176 563 2197 3
596 2186 604 2210 :
648 2186 666 2207 «
702 2176 794 2210 Pars
817 2183 906 2209 mea
939 2171 1147 2216 Dominus,
1188 2170 1288 2207 dixit

250 2237 382 2274 anima
402 2247 493 2272 mea
508 2265 518 2282 ,
541 2238 752 2283 propterea
774 2235 990 2281 expectabo
1013 2244 1115 2270 eum.
1140 2246 1158 2268 »
1184 2234 1286 2276 Quo-

250 2309 338 2335 rum
359 2298 533 2345 primum
551 2296 718 2344 pertinet
738 2295 789 2332 ad
813 2295 1088 2332 rectitudinem
1108 2294 1286 2330 intentio-

252 2361 332 2406 nis3
362 2359 606 2405 secundum,
640 2358 692 2395 ad
721 2357 996 2394 rectitudinem
1024 2356 1203 2393 actionis.
1233 2357 1284 2392 De

252 2421 530 2468 longaminiter
556 2420 871 2468 expectantibus,
897 2430 980 2456 non
1005 2419 1284 2463 inconstanter,

253 2484 439 2531 scriptum
471 2482 708 2530 agnovimus
742 2483 755 2504 '⁴
785 2494 793 2518 :
828 2495 846 2516 «
877 2481 915 2519 Si
943 2491 1098 2518 moram
1128 2479 1284 2526 fecerit,

253 2549 413 2593 expecta
433 2556 524 2582 eum
547 2557 554 2581 :
577 2558 594 2579 »
622 2544 735 2592 quasi
755 2543 860 2580 dicat
881 2555 889 2579 :
917 2542 955 2580 Si
977 2542 1181 2579 differatur
1199 2553 1286 2589 spe-

251 2611 379 2646 ratum
398 2607 623 2655 praemium,
644 2617 726 2643 non
752 2605 950 2643 auferatur
974 2605 1057 2652 spei
1083 2605 1282 2642 meritum.

565 2712 756 2747 Articulus
780 2710 965 2747 secundus.

301 2797 497 2840 Quantum
517 2794 569 2831 ad
597 2793 817 2830 secundum
836 2792 1017 2828 subditur
1040 2803 1049 2828 z
1084 2792 1156 2834 Qui
1186 2802 1284 2827 scru-

254 2861 376 2893 tantur
402 2858 606 2892 testimonia
627 2856 713 2901 ejus.
742 2857 825 2891 Haec
845 2853 1159 2889 testimoniorum
1181 2863 1284 2888 scru-

255 2919 347 2955 tatio
370 2921 425 2954 est
453 2928 616 2953 summae
639 2916 811 2953 veritatis
836 2914 1045 2962 spectatio,
1066 2924 1136 2960 per
1164 2924 1285 2960 quam

254 2979 496 3016 illuminatur
521 2978 619 3014 ratio
631 3006 643 3024 ,
667 2989 755 3025 quae
775 2979 969 3024 spectatur
988 2976 1028 3012 in
1056 2975 1285 3012 testimoniis

166 3061 234 3088 ὥς,
254 3041 438 3078 veritatis.
460 3040 535 3077 Sed
554 3042 661 3085 nota,
682 3039 794 3086 quod
814 3038 984 3074 veritatis
1004 3049 1166 3074 summae
1184 3036 1287 3074 testi-

119 3102 218 3128 mcniw.

104 3149 225 3167 summa)

101 3182 229 3208 reritcnis

97 3222 222 3249 diversa.

255 3103 392 3141 monia
411 3106 500 3139 sunt
520 3101 687 3138 diversa.
709 3103 806 3137 Nam
831 3100 908 3136 alia
928 3102 1017 3135 sunt
1037 3100 1085 3136 de
1107 3100 1285 3136 conside-

255 3166 409 3211 randis,
436 3165 514 3202 alia
539 3163 589 3200 de
616 3162 844 3211 operandis,
873 3162 950 3198 alia
981 3162 1030 3198 de
1055 3162 1284 3209 sperandis,

256 3240 325 3265 seu
344 3227 570 3265 tolerandis.
593 3227 769 3270 Quorum
787 3224 916 3272 prima
945 3228 1033 3260 sunt
1066 3227 1287 3261 reverenter

257 3290 452 3328 credenda
462 3302 474 3336 3
512 3288 687 3325 secunda
724 3287 930 3334 diligenter
959 3286 1182 3333 implenda3
1212 3288 1287 3323 ter-

300 3389 310 3410 ¹
337 3389 416 3428 Ιεα.,
436 3395 518 3427 xxx,
538 3389 586 3419 18.
607 3404 649 3411 —
670 3386 681 3404 ²
701 3386 781 3424 Isa„
806 3393 900 3425 xrix,
921 3385 973 3416 23.
990 3401 1032 3408 --
1050 3384 1061 3402 ³
1082 3383 1211 3424 Thr-en„
1234 3392 1284 3425 111,

258 3435 310 3466 24.
329 3451 370 3459 —
388 3435 400 3454 ⁴
420 3434 540 3466 Habete.
557 3459 564 3472 ,
595 3442 639 3474 11,
665 3435 693 3465 3.
714 3449 754 3455 —
769 3433 783 3454 5
803 3432 891 3463 Psal.
912 3440 997 3472 ΚΕΗ,
1017 3434 1049 3464 5.
1072 3449 1113 3456 —
1130 3431 1144 3452 6
1166 3432 1286 3471 Εσείί.,

259 3489 361 3521 xxxl,
381 3484 431 3514 28.
456 3500 491 3505 —
518 3484 527 3501 '¹
553 3483 646 3514 Psal.
668 3489 773 3521 xvni,
797 3484 826 3512 ὃ.
855 3498 892 3504 -
921 3481 936 3503 ⁸
961 3481 1041 3521 lsa„
1065 3487 1146 3520 vni,
1171 3482 1222 3511 26.
1246 3498 1285 3504 —

955 220 1228 264 EXPOStTlO
1259 220 1311 263 IN
1341 219 1688 264 PSALTERIUM.

1361 310 1413 347 tia
1433 310 1685 349 vehementer
1708 312 1914 359 stupenda.
1928 316 1933 320 '
1949 314 1999 349 De
2020 313 2157 360 primis
2180 315 2193 337 ⁶
2215 327 2224 352 ε
2257 328 2276 351 «
2305 317 2384 353 Tes-

1361 371 1524 410 timonia
1566 376 1631 410 tua
1679 372 1882 410 credibilia
1923 373 2023 411 facta
2060 377 2148 411 sunt
2194 376 2321 413 nimis.
2365 392 2382 412 »

1361 435 1404 470 Et
1430 435 1443 456 ⁶
1483 447 1492 470 ε
1527 447 1544 469 «
1577 436 1836 482 Splendidum
1877 435 1917 472 in
1953 436 2124 483 panibus
2156 436 2389 476 benedicent

1359 494 1467 532 labia
1504 496 1744 542 multorum,
1784 500 1820 534 et
1846 497 2110 534 testimonium
2135 498 2306 535 veritatis
2342 500 2388 537 il-

1359 556 1434 592 lius
1462 557 1594 594 fidele.
1625 570 1643 591 >³
1675 558 1777 602 Quid
1804 569 1874 605 per
1906 559 2134 605 splendidum
2163 561 2203 595 in
2234 561 2389 605 panibus

1360 618 1469 655 aliud
1506 619 1786 665 intelligimus,
1824 631 1946 668 quam
1976 620 2118 667 illum,
2162 621 2230 668 qni
2266 621 2390 658 multa

1359 681 1555 717 multoties
1581 680 1706 717 millia
1732 682 1884 719 satiavit
1922 682 1972 720 de
2014 683 2151 730 paucis
2185 683 2389 731 panibus?

1359 742 1478 788 Hujus
1524 742 1640 789 plane
1684 743 1951 780 testimonium
1989 747 2044 781 est
2080 745 2210 791 fidele,
2250 745 2387 782 videli-

1359 807 1418 841 cet
1447 804 1713 841 testimonium
1742 805 1792 841 de
1825 805 2095 843 credibilibus.
2117 810 2168 844 De
2199 807 2390 845 secunda-

1360 866 1426 902 riis
1445 868 1458 889 ⁷
1475 879 1483 903 :
1510 879 1529 901 «
1541 867 1820 904 'testimonium
1837 867 1991 904 Domini
2004 868 2136 913 fidele,
2159 868 2388 916 sapientiam

1358 931 1544 975 praestans
1562 928 1752 976 parvulis,
1771 942 1790 964 »
1814 929 1926 976 quasi
1946 929 2051 966 dicat
2072 941 2081 966 ε
2109 929 2387 967 Testimonium

1359 990 1512 1027 Domini
1537 990 1653 1027 fidele
1676 991 1742 1038 (b),
1764 991 1806 1027 id
1827 992 1900 1037 est,
1921 991 2090 1028 fideliter
2117 991 2388 1038 observabile,

1357 1055 1517 1100 propter
1547 1053 1839 1090 observantiam
1863 1052 2025 1089 fidelem
2056 1053 2099 1101 (c)
2131 1055 2286 1101 praestat
2320 1053 2389 1090 ob-

1359 1115 1604 1152 servantibus
1633 1115 1880 1163 sapientiam.
1912 1118 1963 1152 De
1990 1115 2059 1152 tali
2092 1126 2252 1163 quoque
2284 1115 2390 1152 testi-

1358 1177 1493 1214 monio
1526 1177 1668 1223 legitur
1699 1179 1713 1201 ⁸
1741 1189 1751 1214 ε
1787 1189 1806 1212 «
1831 1177 1924 1224 Liga
1952 1178 2243 1224 testimonium,
2277 1177 2390 1224 signa

1358 1239 1487 1285 legem
1505 1238 1547 1275 in
1562 1239 1764 1286 discipulis
1778 1239 1887 1276 meis.
1903 1239 2216 1277 »Testimonium
2232 1239 2390 1288 respicit

1356 1300 1563 1348 facienda,
1596 1301 1662 1338 lex
1688 1301 1876 1347 fugienda
1904 1313 1914 1337 z
1944 1301 2024 1338 sive
2059 1314 2068 1338 :
2096 1301 2387 1349 testimonium,

1358 1366 1552 1410 praecepta
1566 1363 1822 1409 affirmativa3
1838 1363 1918 1409 leX,
1932 1364 2129 1410 negativa.
2157 1366 2208 1400 De
2222 1363 2341 1400 tertiis
2355 1364 2387 1400 ⁹:

1364 1439 1380 1457 «
1401 1425 1591 1462 Mirabilia
1616 1425 1840 1462 testimonia
1867 1428 1946 1463 tua.
1967 1439 1986 1461 ))
2010 1428 2061 1462 De
2081 1426 2229 1462 eisdem
2248 1424 2390 1462 intelli-

1358 1488 1473 1534 gitur,
1496 1487 1760 1535 quodlegitur
1781 1489 1831 1525 ¹0:
1853 1487 2017 1525 «Scribe
2038 1487 2073 1524 ei
2092 1498 2208 1535 super
2221 1488 2387 1535 buxum,

1359 1552 1395 1586 et
1413 1550 1455 1586 in
1473 1550 1576 1586 libro
1597 1550 1803 1596 diligenter
1828 1561 1946 1587 exara
1963 1549 2064 1586 illud
2077 1562 2087 1597 3
2114 1552 2150 1586 et
2170 1549 2241 1586 erit
2264 1549 2306 1585 in
2325 1549 2389 1587 die

1358 1613 1573 1649 novissimo
1593 1613 1633 1648 in
1648 1613 1926 1658 testimonium,
1943 1623 2068 1660 usque
2088 1613 2130 1649 in
2148 1614 2350 1650 aeternum.
2367 1627 2384 1646 »

1359 1677 1428 1711 Per
1448 1675 1680 1722 scripturam
1703 1675 1821 1721 buxi,
1847 1676 1959 1723 quod
1986 1678 2042 1712 est
2066 1675 2220 1722 lignum
2243 1675 2387 1712 infruc-

1359 1739 1533 1782 tuosum,
1570 1737 1798 1784 intelligitur
1827 1738 2026 1775 revocatio
2064 1738 2282 1784 malorum3
2317 1748 2388 1785 per

1359 1799 1592 1845 scripturam
1622 1798 1734 1844 libri,
1765 1799 1876 1846 quod
1905 1802 1961 1835 est
1993 1810 2093 1846 opus
2117 1799 2386 1845 fructuosum,

1360 1860 1546 1907 accipitur
1574 1860 1803 1907 provocatio
1835 1861 2036 1897 bonorum
2064 1872 2072 1896 :
2111 1860 2194 1897 haec
2226 1863 2315 1896 sunt
2348 1860 2389 1895 in

1359 1923 1626 1959 testimonium
1652 1922 1728 1959 illis
1754 1923 1957 1970 :primum
1985 1922 2132 1959 scilicet
2150 1923 2191 1959 in
2218 1921 2389 1960 testimo-

1360 1985 1471 2021 nium
1492 1984 1540 2020 de
1561 1984 1774 2021 tolerandis
1789 1998 1800 2031 3
1819 1985 2053 2030 secundum,
2068 1984 2109 2021 in
2125 1983 2391 2021 testimonium

1360 2047 1409 2083 de
1437 2047 1642 2094 sperandis
1656 2075 1667 2092 ,
1690 2047 1784 2094 quia
1803 2047 1898 2083 mali
1918 2048 2174 2092 revocantur,
2197 2045 2391 2093 supplicia

1361 2108 1661 2154 comminand03
1683 2107 1780 2145 boni
1804 2118 1899 2145 vero
1917 2109 2209 2155 provocantur,
2228 2106 2391 2154 praemia

1358 2169 1637 2216 promittendo.

1700 2269 1884 2305 Articulus
1904 2270 2046 2306 tertius.

1409 2358 1605 2400 Quantum
1632 2357 1683 2393 ad
1711 2357 1864 2393 tertium
1897 2356 2087 2393 additur:
2117 2357 2161 2392 1η
2191 2358 2264 2392 toto
2290 2355 2392 2392 corde

1361 2429 1447 2455 mec.
1469 2421 1513 2455 In
1536 2422 1606 2455 toto
1620 2447 1632 2465 ,
1652 2421 1809 2456 notatur
1828 2418 2041 2466 perfectio;
2069 2420 2110 2454 in
2128 2418 2253 2463 corde,
2275 2416 2390 2454 affec-

1361 2481 1427 2517 tio.
1468 2481 1575 2517 Unde
1603 2484 1642 2517 in
1681 2484 1752 2517 toto
1783 2481 1909 2527 corde,
1942 2479 2157 2517 effectionis
2190 2478 2389 2527 perfectio,

1362 2554 1449 2590 quae
1472 2546 1527 2580 est
1546 2554 1709 2579 summae
1734 2542 1921 2579 bonitatis
1940 2542 2156 2588 affectatio,
2178 2552 2250 2589 per
2271 2551 2391 2589 quam

1360 2604 1627 2642 inflammatur
1658 2604 1827 2641 affectio.
1860 2604 1936 2641 Sed
1970 2605 2084 2650 nota,
2124 2603 2235 2651 quod
2262 2602 2392 2640 cordis

1361 2666 1619 2704 inflammatio
1657 2668 1714 2703 est
1750 2666 1941 2713 tripartita
1975 2678 1984 2702 ε
2034 2665 2216 2713 quaedam
2254 2666 2390 2710 acuta,

1360 2802 1449 2828 rum
1485 2791 1614 2838 prima
1643 2790 1810 2837 pertinet
1843 2790 1895 2826 ad
1926 2789 2172 2837 poenitentes,
2203 2787 2298 2825 vitta
2325 2787 2391 2824 de-

1359 2853 1590 2900 plorantes3
1629 2852 1804 2888 secunda
1848 2852 1900 2888 ad
1935 2850 2214 2899 proficientes,
2256 2851 2390 2897 patro-

1361 2915 1508 2951 cinium
1540 2914 1820 2962 implorantes3
1859 2913 1971 2950 tertia
2004 2913 2056 2950 ad
2093 2912 2388 2960 pervenientes,

1360 2987 1532 3024 superna
1568 2976 1729 3023 praemia
1757 2976 2019 3023 explorantes
2052 2977 2104 3012 De
2136 2974 2266 3022 prima
2303 2974 2389 3022 qui-

1361 3039 1453 3076 dem
1485 3041 1510 3061 ¹²
1544 3051 1553 3075 :
1589 3052 1606 3073 «
1637 3038 1861 3076 Confitebor
1884 3038 1981 3084 tibi,
2019 3037 2207 3080 Domine,
2239 3036 2282 3073 in
2308 3038 2389 3074 toto

1361 3102 1480 3139 corde
1505 3112 1595 3138 meo
1608 3129 1622 3147 ,
1643 3100 1834 3149 quoniam
1853 3099 1997 3136 audisti
2015 3099 2151 3136 omnia
2168 3099 2293 3136 verba
2312 3097 2391 3136 oris

1360 3164 1457 3210 mei3
1490 3178 1507 3199 »
1538 3163 1651 3211 quasi
1681 3163 1858 3200 diceret:
1891 3161 2041 3199 Vadam
2068 3161 2121 3198 ad
2138 3163 2390 3209 peccatorum

1362 3226 1662 3272 confessionem,
1678 3225 1898 3262 secundum
1917 3226 2073 3261 acutam
2093 3222 2222 3260 cordis
2237 3221 2390 3259 inflam-

1360 3288 1597 3334 mationem,
1620 3287 1811 3335 quoniam
1836 3285 1978 3323 audisti
2003 3283 2219 3333 peccatoris
2245 3282 2388 3320 oratio·

1361 3378 1373 3395 ⁹
1385 3377 1476 3410 Psal.
1489 3378 1568 3418 hoc,
1586 3378 1703 3409 129.-
1719 3377 1744 3398 ¹⁰
1758 3377 1835 3415 Isa„
1853 3383 1937 3414 xxx,
1951 3375 1969 3405 8
1990 3391 2032 3398 —
2045 3374 2065 3395 ¹¹
2081 3372 2172 3406 Psal.
2187 3378 2341 3411 cxxxvii,
2358 3374 2386 3403 1.

1405 3433 1449 3474 (a)
1478 3434 1560 3466 Coet.
1587 3432 1667 3465 edit.
1695 3431 1901 3464 differenter.
1925 3447 1966 3455 —-
1995 3429 2036 3470 (b)
2068 3430 2150 3462 Item
2174 3437 2238 3460 non
2267 3426 2389 3460 habent

1361 3481 1469 3512 fidele.
1490 3498 1525 3504 —
1550 3481 1587 3521 (c)
1609 3481 1691 3514 Goet.
1716 3479 1796 3511 edit.
1817 3477 1926 3510 fidele.

2423 1693 2549 1718 Rev-cca·

2408 1733 2447 1759 tio
2461 1733 2550 1758 malo-

2408 1782 2473 1800 ru=n
2498 1781 2549 1808 per

2409 1815 2478 1849 quid
2501 1817 2530 1840 in
2541 1829 2547 1834 -

2425 1855 2536 1890 telliga-

2427 1901 2483 1934 tur,
2504 1901 2532 1926 ct

2410 1949 2461 1976 per
2479 1939 2550 1974 quid

2409 1989 2549 2017 provoca-

2409 2027 2420 2050 t
2433 2032 2449 2050 ο
2463 2023 2551 2050 bono·

2411 2072 2486 2092 rum.

2446 2617 2550 2645 &ordis

2424 2659 2536 2686 inflam-

1673 2728 1679 2735 ,
2094 2727 2101 2734 .
2147 2727 2154 2734 ,
2438 2700 2526 2727 matio

1361 2729 1546 2776 quaedam
1581 2730 1744 2774 acutior,
1778 2728 1966 2775 quaedam
2002 2729 2254 2764 acunssuna:
2293 2737 2392 2774 qna·
2430 2741 2544 2775 trzpiex,
