2633 3878
235 273 314 312 694

275 367 363 392 rum.
383 359 431 390 De
453 354 611 389 sandaliis
639 354 876 396 episcoporum
898 354 955 396 (α).
982 355 1030 387 De
1057 353 1157 387 locu-

274 407 365 438 tione
384 404 510 445 iniqua.
534 404 581 435 De
602 403 722 444 sagitta
737 402 951 434 vulnerante.
979 403 1028 435 De
1048 401 1155 434 tribus

274 452 414 485 statibus
434 450 605 483 Ecclesiae.

233 501 338 541 Hujus
358 499 436 531 vitae
461 497 688 539 peregrinatio
715 496 818 529 tristis
836 496 880 529 ob
906 495 970 529 tria
997 495 1054 536 (α).
1079 497 1156 529 Tae-

273 548 365 579 dium
384 545 571 586 multiplex.

231 594 348 627 Lei-uvi
365 592 475 624 oculos
487 601 573 623 meos
593 592 625 622 in
641 593 776 627 montes,
792 590 877 623 Psal.
902 593 971 624 120.
991 592 1038 622 De
1058 590 1154 632 quin-

272 650 336 682 que
356 640 400 681 (ὁ)
423 639 688 671 ascensionibus.
707 638 860 670 Exeundi
877 638 918 669 de
939 638 1067 669 mundo
1087 641 1155 670 tres

272 687 376 720 modi.
391 686 673 727 Concupiscentia
685 685 776 717 fluvii
787 685 935 725 speciem
947 685 1079 726 praebet
1093 686 1153 725 (α).

273 736 319 766 De
339 734 446 766 tribus
465 733 656 765 civitatibus
681 735 715 764 et
738 731 947 764 custodibus.

230 784 372 821 Docere,
395 789 536 812 monere
557 783 589 812 et
604 789 714 819 orare,
734 779 776 811 de
792 779 913 819 quibus
933 779 991 819 (a).
1007 777 1154 810 Tacendi

271 832 338 860 tres
357 828 463 860 modi.
487 827 617 860 Ostium
637 827 759 867 triplex
781 826 839 867 (α).

230 877 374 908 Laetatus
391 884 463 906 sum
477 876 511 905 in
525 874 589 915 liis,
613 873 698 906 Psal.
720 875 791 906 121.
809 873 940 905 Animae
953 875 1058 905 status
1073 875 1152 905 tres.

272 925 318 955 De
334 922 440 954 tribus
453 921 621 953 domibus.
638 923 685 953 De
702 921 822 961 primo,
841 921 989 953 secundo
1005 923 1039 952 et
1053 920 1153 953 tertio

270 969 356 1001 coelo
377 969 434 1010 (α).
454 970 502 1000 De
521 968 721 1009 anadiplosi.

229 1018 275 1048 De
293 1016 401 1048 tribus
421 1015 624 1047 civitatibus.

227 1063 282 1096 Ad
309 1066 340 1094 te
368 1062 474 1094 levam·
501 1061 610 1094 oculos
636 1071 735 1102 meos,
758 1061 845 1093 Psal.
869 1062 940 1092 122.
967 1061 1041 1092 1)υο
1059 1083 1070 1100 ,
1099 1060 1154 1092 vel

270 1110 371 1141 otiam
391 1112 534 1150 quatuor
549 1108 637 1140 oculi
654 1108 799 1149 mystici.
815 1109 925 1140 Unum
942 1116 1058 1138 sumus
1075 1116 1152 1139 cum

270 1157 402 1189 Christo
422 1155 542 1196 triplici
556 1155 597 1186 de
618 1163 719 1186 causa
740 1154 798 1194 (α).
819 1154 998 1192 Quomodo
1014 1153 1155 1186 interius

270 1204 450 1235 suscitetur
480 1203 622 1243 quisque
646 1211 665 1233 a
689 1202 759 1233 Deo
789 1201 846 1242 (ιι).
871 1202 979 1233 Deum
1006 1201 1152 1242 quadru—

269 1251 347 1291 plici
366 1249 462 1282 titulo
481 1250 599 1281 timere
618 1249 669 1280 vel
688 1248 839 1281 revereri
853 1248 1029 1281 debemus.

228 1299 304 1330 Nisi
325 1299 405 1339 quia
436 1297 622 1337 Dominus,
641 1295 728 1329 Psal.
757 1297 828 1328 123.
858 1297 907 1328 De
933 1295 1152 1328 translatione

270 1344 490 1386 Septuaginta
511 1345 568 1384 (α).

228 1391 392 1424 Parabola
410 1391 465 1422 filii
486 1390 617 1432 prodigi
637 1390 698 1422 sub
719 1389 834 1431 figuris
856 1390 1001 1428 timoris,
1026 1389 1098 1430 spei
1119 1391 1153 1422 et

268 1439 524 1478 misericordiae,
544 1439 643 1470 simul
667 1441 701 1470 et
730 1441 874 1479 quatuor
893 1439 1057 1470 virtutum
1077 1447 1150 1470 car-

268 1486 443 1518 dinalium.
464 1486 596 1518 Diaboli
613 1495 693 1517 vasa
713 1489 857 1527 quatuor
875 1486 1006 1517 bellica.

228 1535 290 1573 Qui
301 1534 466 1575 confidunt
481 1535 514 1565 in
530 1534 679 1574 Domino,
698 1533 782 1566 Psal.
806 1535 877 1565 124.
894 1535 941 1565 De
957 1532 1152 1565 omnimoda

269 1582 394 1614 unitate
417 1582 477 1614 Dei
497 1582 558 1623 (a).
579 1582 701 1614 Salutis
727 1581 875 1613 conditio
897 1581 1014 1622 triplex
1038 1581 1093 1621 (a).

227 1630 323 1668 Quod
346 1629 492 1662 Ecclesia
510 1632 650 1661 vocatur
670 1629 754 1668 ovis,
769 1628 898 1669 civitas,
918 1637 1055 1669 sponsa.
1072 1629 1152 1661 Cus-

267 1677 360 1708 todia
378 1676 523 1708 civitatis
545 1676 673 1708 trifaria
692 1685 765 1708 esse
785 1676 896 1714 debet,
916 1675 1075 1717 idemque
1099 1676 1150 1708 di-

267 1723 412 1755 cendum
440 1723 482 1755 de
508 1726 630 1756 ornatu
655 1732 801 1764 sponsae,
821 1726 937 1763 pastus
959 1732 1041 1755 vero
1069 1733 1150 1766 qua-

268 1773 344 1802 tuor
365 1771 424 1810 (α).

227 1819 262 1850 In
282 1816 492 1848 convertendo
519 1817 693 1858 Dominus,
725 1816 812 1849 Psal.
834 1818 904 1848 125.
933 1816 1032 1854 Quod
1058 1817 1150 1848 Sicut

267 1863 495 1904 multipliciter
514 1863 662 1904 ponitur.
692 1864 809 1895 Oleum
834 1866 867 1894 et
901 1863 1037 1902 lumen,
1069 1863 1150 1903 quid

266 1911 456 1951 significent
477 1910 534 1951 (α).
561 1910 712 1942 Christus
735 1919 851 1942 semen
870 1910 991 1951 triplex
1011 1910 1094 1951 jecit.
1112 1910 1149 1943 in

267 1958 444 1989 mundum.

225 2006 302 2038 Nisi
317 2006 477 2036 Dominus
488 2004 703 2045 ‹edific-averit
713 2004 861 2044 domum,
878 2003 965 2036 Psal.
989 2006 1058 2037 126.
1078 2004 1150 2045 Spi-

267 2052 393 2084 ritualis
421 2051 553 2084 {edificii
580 2051 838 2084 fundamentum
869 2051 903 2083 in
927 2051 993 2084 alto
1021 2061 1151 2093 ponen-

267 2100 346 2131 dum
371 2101 432 2131 est.

226 2148 274 2179 De
293 2147 428 2179 civitate
447 2146 627 2178 malorum.
649 2148 697 2178 De
715 2146 822 2178 tribus
838 2146 996 2187 panibus.
1015 2147 1150 2179 Forma-

267 2194 368 2225 tionis
387 2193 545 2225 humanae
568 2195 714 2235 quatuor
736 2202 872 2234 genera.
898 2193 981 2226 Bovi
997 2194 1149 2236 Judaeus,

266 2240 360 2272 asino
381 2240 513 2280 gentilis
531 2239 676 2280 populus
695 2242 923 2281 comparatur.

225 2288 316 2320 Beati
328 2296 439 2318 omnes
454 2288 512 2328 qui
527 2289 644 2318 timent
659 2288 850 2328 Dominum,
870 2287 957 2319 Psal.
978 2289 1050 2320 127.
1071 2287 1151 2326 Qui-

266 2335 342 2366 dam
359 2335 393 2366 in
413 2335 469 2366 via
486 2334 673 2374 ambulant,
692 2334 829 2375 quidam
848 2343 931 2365 non.

225 2381 299 2414 Tria
315 2382 403 2413 circa
415 2381 592 2413 mulierem
611 2381 761 2413 notanda
776 2381 834 2421 (α).
851 2381 928 2413 Tria
944 2380 978 2412 in
996 2379 1148 2422 homine,

265 2431 396 2468 natura,
418 2428 691 2468 concupiscentia
709 2431 742 2459 et
761 2428 879 2469 gratia.

224 2475 315 2516 Soepe
341 2478 609 2516 expuqnaverunt
632 2485 695 2516 me,
716 2475 802 2507 Psal.
831 2476 902 2507 128.
927 2475 1052 2506 Contra
1070 2483 1147 2515 pcr-

265 2526 439 2554 secutores
464 2522 527 2554 tria
551 2522 754 2559 necessaria,
774 2521 936 2563 patientia
949 2545 958 2560 ,
978 2521 1149 2554 humilitas

267 2572 299 2601 et
318 2569 472 2601 charitas.
499 2570 668 2610 Ecclesiae,
694 2579 735 2601 ne
762 2569 971 2616 succumbat,
995 2578 1149 2601 necessa-

265 2616 315 2647 ria
330 2619 484 2656 quatuor.
505 2618 530 2648 Α
551 2618 622 2649 Deo
639 2617 786 2658 petenda
800 2616 991 2648 benedictio
1007 2616 1148 2657 dextrae,

267 2666 299 2694 et
321 2672 390 2695 non
410 2663 565 2695 sinistrae.

226 2711 272 2742 De
289 2711 465 2751 profundis
483 2710 637 2751 clamavi,
660 2711 747 2743 Psal.
769 2712 839 2743 129.
863 2711 980 2743 Omnis
999 2711 1150 2751 psalmus

266 2758 507 2798 poenitentialis
526 2758 647 2798 incipit
671 2767 690 2789 a
707 2758 876 2800 lacrymis,
898 2761 931 2789 et
950 2758 1151 2790 terminatur

267 2804 301 2835 in
317 2804 534 2836 exultatione.
551 2806 598 2836 De
613 2805 757 2845 inferno,
776 2805 884 2846 patria
900 2808 932 2836 et
945 2805 1085 2836 mundo.
1101 2806 1149 2837 De

267 2851 473 2891 perfectione
490 2852 624 2883 senarii.
651 2853 765 2891 imago
797 2851 856 2883 Dei
879 2851 1067 2884 deformata
1089 2860 1150 2892 per

267 2901 456 2937 peccatum,
477 2898 650 2939 quomodo
672 2898 902 2930 reformanda.

227 2945 378 2979 Domine.
403 2954 464 2975 non
490 2948 537 2975 esi
561 2945 759 2985 exaltatum,
788 2945 873 2977 Psal.
901 2946 971 2977 130.
1005 2946 1149 2978 Domino

268 2990 410 3022 debetur
430 2990 594 3031 subjectio
619 2991 754 3031 duplex.
776 2993 825 3024 De
851 2991 977 3032 duplici
996 2992 1100 3025 ubere
1119 2995 1153 3025 et

269 3037 365 3069 lacte.
387 3037 515 3069 invidia
540 3038 703 3069 triformis
725 3038 780 3078 (α).

229 3085 526 3116 Homoeoteleuton
542 3085 621 3126 quid
638 3085 681 3116 sit
705 3085 765 3125 (α).
783 3085 933 3123 Quatuor
957 3094 1082 3126 genera
1094 3086 1152 3119 ho-

268 3132 400 3163 minum
422 3132 463 3163 ad
486 3141 640 3163 mensam
660 3132 844 3173 Scripturae
863 3132 1066 3165 sedentium.
1083 3134 1151 3165 Tri-

270 3178 349 3219 plici
366 3188 453 3219 pane
472 3179 667 3210 reficiuntur
686 3179 842 3211 homines
862 3179 896 3210 in
919 3179 1078 3211 Ecclesia.

229 3225 389 3257 Memento
409 3227 563 3263 Domine,
583 3226 702 3266 David,
724 3226 811 3258 Psal.
833 3227 903 3258 131.
930 3228 978 3258 De
1005 3227 1152 3259 aedifica-

270 3273 361 3305 tione
379 3274 500 3305 domus
522 3273 693 3306 Ecclesiae.
715 3274 798 3306 Octo
825 3276 919 3314 sunt,
941 3283 1016 3315 quoe
1034 3276 1151 3306 votum

269 3319 468 3360 impediunt.

231 3366 294 3397 Per
323 3365 428 3398 Jacob
457 3369 675 3407 expectantes
700 3366 936 3408 intelliguntur
969 3367 1023 3408 (a).
1055 3368 1153 3406 Quod

271 3421 396 3452 sponsa
422 3412 458 3444 in
489 3413 612 3454 triplici
640 3413 728 3446 lecto
761 3414 914 3455 quiescit.
948 3414 1022 3452 Quo
1054 3423 1155 3448 sensu

273 3459 382 3491 Deum
399 3459 564 3500 poenitere
586 3460 725 3494 dicatur.
747 3460 930 3494 Electionis
949 3461 1082 3494 diversa
1100 3471 1156 3504 ge-

272 3557 310 3592 (a)
337 3559 398 3587 1100
411 3566 470 3588 non
483 3558 592 3589 habent
618 3561 692 3598 eat„
708 3560 777 3592 edit.
792 3575 825 3583 —
852 3561 890 3597 (b)
917 3560 991 3590 coet.
1016 3560 1088 3591 edit.
1101 3560 1204 3590 tribus.
1224 3575 1258 3584 -

1204 266 1376 313 INDEX.

1198 450 1258 482 546

1197 732 1255 763 547

1193 967 1256 999 548

1197 1345 1255 1376 549

1194 1583 1254 1615 550

1193 2101 1250 2133 551

1191 2335 1253 2366 552

1192 2665 1252 2696 553

1195 3041 1253 3073 554

1196 3323 1256 3356 555

1372 363 1457 388 nera
1474 355 1534 397 (α).
1554 355 1723 388 Christum
1746 355 1918 388 induimus
1943 357 1977 389 et
1998 355 2173 393 induimur
2193 361 2254 403 (a).

1330 404 1412 436 Tres
1430 402 1725 444 contemplationis
1743 403 1879 443 graduS,
1899 404 1984 436 Psal.
2004 405 2078 437 132.
2099 407 2256 450 Unguen-

1372 451 1445 481 tum
1464 450 1570 482 tribus
1589 449 1700 481 modis
1720 449 1896 490 accipitur.

1331 497 1455 530 Christi
1472 497 1585 528 tunica
1599 496 1807 528 inconsutilis
1825 496 2008 530 Ecclesiam
2021 502 2252 541 repraesentat.

1371 543 1504 584 Rubigo
1524 543 1699 583 dupliciter
1714 543 1877 575 aufertur.

1332 590 1411 622 Ecce
1429 599 1513 621 nune
1539 589 1728 631 benedicite,
1747 590 1835 623 Psal.
1859 591 1929 624 133.
1952 593 2000 624 De
2029 592 2159 626 duabus
2186 603 2258 628 ma-

1373 636 1483 668 nibus.

1332 683 1475 715 Laudate
1491 692 1606 714 nomen
1626 683 1774 723 Domini,
1797 683 1883 716 Psal.
1907 685 1980 716 134.
1999 686 2074 718 Duo
2092 689 2182 728 sunt,
2202 697 2257 721 co-

1374 731 1479 771 gnitio
1499 733 1533 762 et
1548 739 1656 771 amor,
1675 730 1710 762 in
1725 730 1847 771 quibus
1867 731 2040 764 beatitudo
2059 734 2223 767 consistit.

1331 778 1462 818 Nubes,
1492 777 1600 818 caligo
1627 779 1659 808 et
1689 776 1823 818 pluvia,
1850 777 1928 818 quid
1952 778 2126 811 denotent.
2158 781 2259 814 Venti

1372 826 1453 856 tres.
1477 824 1559 861 Quae
1581 823 1808 864 primogenita
1824 824 2040 856 tenebrarum
2060 826 2256 860 occidenda.

1371 872 1481 903 Homo
1501 870 1757 902 microcosmus,
1785 871 1906 902 Oleum
1928 875 2126 912 supernatat
2149 882 2258 915 aquae.

1373 919 1420 950 Ex
1446 919 1577 959 septem
1602 917 1786 958 spiritibus„
1805 920 1950 958 quatuor
1977 919 2019 951 ad
2051 919 2258 952 intellectum

1371 965 1563 1006 pertinent,
1583 966 1651 996 tres
1677 964 1719 996 ad
1749 963 1907 996 affectum
1935 965 1994 1006 (a).
2031 967 2079 998 De
2116 969 2259 1008 quatuor

1370 1011 1631 1053 gazophylaciis.

1330 1058 1461 1099 Duplici
1484 1059 1523 1099 (c)
1552 1058 1593 1089 de
1620 1066 1723 1089 causa
1751 1056 1874 1089 dicitur
1901 1059 2068 1100 AEgyptus
2096 1061 2258 1094 mundus.

1371 1105 1509 1147 AEgypti
1548 1103 1780 1145 interpretatio
1818 1104 1954 1145 duplex.
1993 1105 2128 1147 Triplici
2163 1107 2260 1149 signo

1372 1153 1462 1185 Deus
1483 1154 1517 1184 et
1542 1151 1713 1184 Christum
1730 1154 1764 1184 et
1779 1160 1843 1184 nos
1863 1152 2021 1193 signavit.
2042 1155 2091 1186 De
2109 1156 2259 1196 specula-

1372 1200 1464 1232 tione
1488 1200 1625 1241 triplici.

1331 1247 1545 1289 Confiieminz‘
1571 1246 1725 1287 Domino,
1753 1245 1840 1278 PsaJ.
1870 1248 1940 1279 135.
1966 1247 2098 1289 Duplex
2128 1248 2260 1282 confes-

1371 1295 1476 1327 sionis
1499 1304 1618 1336 genus.

1329 1343 1420 1374 Deus
1438 1351 1500 1383 pcr
1518 1341 1638 1374 Filium
1658 1340 1780 1374 dicitur
1793 1341 1927 1383 operari
1944 1342 2070 1383 potius,
2084 1351 2187 1384 quam
2199 1351 2260 1384 per

1371 1389 1534 1429 Spiritum
1553 1391 1720 1421 sanctum.
1742 1388 1975 1421 Misericordia
2000 1389 2061 1421 Dei
2080 1398 2204 1431 magna
2225 1389 2259 1422 in

1372 1436 1543 1468 omnibus.
1563 1437 1657 1468 Mare
1677 1438 1768 1477 ante,
1787 1438 1866 1476 post
1889 1438 1922 1467 et
1943 1435 2038 1476 juxta
2056 1445 2131 1468 DOS.
2150 1437 2260 1469 Judaei

1369 1483 1487 1524 populi
1516 1483 1641 1524 duplex
1672 1483 1844 1514 transitus,
1875 1482 2058 1515 Promissio
2085 1483 2173 1516 facta
2201 1485 2258 1516 Ju-

1370 1530 1463 1570 daeis,
1487 1530 1564 1562 data
1588 1539 1671 1562 vero
1695 1530 1864 1571 gentibus.

1328 1578 1436 1617 Super
1454 1578 1595 1618 flumina
1616 1577 1811 1618 Babylonis,
1833 1577 1921 1609 Psal.
1944 1579 2014 1610 136.
2041 1579 2123 1610 Tres
2141 1577 2257 1610 civita-

1370 1627 1420 1656 tes
1439 1624 1593 1657 diversae.
1614 1625 1694 1657 Mali
1712 1625 1871 1657 dicuntur
1891 1625 2009 1656 salices
2028 1627 2166 1666 propter
2180 1626 2254 1659 tria.

1329 1672 1507 1710 Quomodo
1530 1671 1678 1704 Ecclesia
1697 1671 1783 1703 ferat
1803 1672 2070 1704 subtractionem
2090 1675 2259 1713 tempora-

1369 1719 1450 1750 lium
1478 1719 1536 1760 (α).
1557 1718 1738 1756 Quomodo
1760 1720 1849 1750 Deus
1874 1718 1916 1750 sit
1934 1727 2068 1750 memor
2086 1719 2258 1751 bonorum

1369 1767 1403 1797 et
1418 1765 1600 1796 malorum.
1621 1764 1698 1796 Tria
1717 1764 1908 1805 impediunt
1921 1764 2149 1805 integritatem
2164 1764 2255 1796 fidei.

1329 1811 1516 1853 Confitebor
1545 1811 1608 1842 tibi
1632 1811 1782 1851 Domine,
1804 1811 1891 1843 Psal.
1912 1812 1988 1843 137.
2011 1811 2088 1843 Tria
2116 1811 2257 1843 nomina

1369 1859 1526 1891 Ecclesiae
1538 1858 1807 1890 accommodata.
1825 1859 1934 1899 Super
1947 1858 2050 1890 altare
2067 1867 2256 1892 concavum

1369 1905 1532 1938 sacrificia
1550 1905 1623 1937 fieri
1643 1905 1780 1936 debent.

1328 1953 1508 1994 Superbia,
1526 1951 1668 1984 avaritia
1686 1954 1719 1983 et
1737 1951 1865 1983 invidia
1882 1954 2035 1993 pugnant
2055 1953 2174 1985 contra
2195 1954 2254 1985 Pa-

1368 2002 1469 2038 trem,
1491 1999 1612 2032 Filium
1639 2001 1672 2031 et
1699 1999 1862 2040 Spiritum
1892 2001 2059 2031 sanctum.
2089 2000 2137 2031 De
2165 2000 2255 2041 felle,

1368 2047 1545 2087 arundine,
1567 2046 1712 2087 spongia
1726 2049 1760 2078 et
1777 2048 1874 2078 aceto
1890 2048 2009 2086 arguta
2023 2046 2179 2087 quaedam
2193 2046 2255 2089 (a).

1368 2096 1550 2127 Peccatum
1569 2093 1709 2134 triplicis
1738 2093 1881 2133 generis.

1329 2142 1478 2182 Domine,
1492 2140 1646 2182 probasti
1658 2150 1721 2181 me,
1738 2140 1825 2172 Psal.
1845 2142 1916 2172 138.
1930 2139 2159 2172 Tenebrarum
2173 2140 2258 2172 mul-

1369 2189 1470 2229 tiplex
1491 2187 1702 2229 significatio.
1724 2188 1854 2228 Corpus
1876 2186 1997 2220 Christi
2017 2186 2126 2219 tribus
2145 2187 2257 2219 modis

1367 2235 1521 2267 sumitur.
1543 2235 1593 2266 Ad
1611 2233 1885 2266 masticationem
1901 2233 1998 2275 panis
2015 2233 2120 2266 saliva
2138 2242 2255 2266 neces-

1368 2282 1467 2323 saria,
1486 2281 1612 2313 scilicet
1631 2281 1796 2313 Christus.

1327 2330 1478 2368 Quatuor
1496 2327 1688 2368 virtutibus,
1710 2328 1833 2369 quibus
1860 2327 1895 2359 in
1913 2326 2081 2368 principio
2099 2326 2257 2360 indutum

1367 2376 1488 2415 suerat,
1508 2375 1689 2416 spoliatum
1705 2378 1757 2406 est
1774 2384 1882 2415 genus
1896 2374 2094 2406 humanum.
2109 2375 2160 2407 Ad
2177 2375 2257 2416 hoc,

1368 2424 1459 2466 quod
1487 2424 1591 2456 bomo
1627 2423 1728 2464 digne
1759 2422 1918 2463 suscipiat
1955 2431 2081 2463 corpus
2110 2422 2254 2464 Christi,

1368 2473 1435 2504 duo
1457 2471 1502 2513 (cl)
1523 2472 1603 2503 sunt
1617 2470 1820 2502 necessaria.
1840 2472 1889 2502 De
1908 2470 2020 2510 noviS‚
2035 2470 2207 2502 veteribus
2225 2472 2259 2503 et

1367 2518 1604 2552 vetustissimis
1623 2517 1794 2550 notandis.
1816 2519 1928 2549 Homo
1947 2517 1982 2548 in
2000 2517 2161 2558 praesenti
2186 2527 2258 2550 non

1368 2568 1480 2607 potest
1507 2565 1679 2597 anteriora
1711 2564 1772 2596 Dei
1800 2564 1930 2596 videre.
1962 2564 1999 2595 ln
2024 2564 2256 2596 incarnatione

1370 2613 1472 2646 Verbi
1488 2614 1634 2654 quatuor
1656 2611 1799 2644 virtutes
1814 2613 1958 2652 possunt
1981 2611 2103 2643 notari.
2125 2611 2256 2644 Oblatio

1368 2663 1483 2694 nostra
1505 2661 1648 2692 virtutes
1667 2661 1761 2700 Jesu‚
1780 2659 1911 2701 Josepb
1931 2661 1964 2691 et
1980 2659 2096 2691 Mariae
2115 2659 2257 2692 comites

1368 2709 1496 2740 habere
1517 2707 1618 2739 debet
1639 2707 1698 2748 (a).
1727 2707 1906 2739 Drachmae
1924 2706 2063 2747 perditae
2087 2705 2256 2747 significa-

1369 2755 1415 2787 tio
1437 2756 1492 2794 (α).
1512 2755 1633 2786 Tribus
1658 2753 1816 2795 personis
1843 2752 2071 2795 appropriatis
2093 2753 2257 2794 potentia,

1369 2801 1546 2843 sapientia,
1566 2800 1772 2842 benignitas.

1328 2849 1479 2882 Christus
1497 2848 1594 2889 panis
1619 2850 1676 2887 (α).
1710 2847 1870 2879 Liberum
1899 2845 2074 2878 arbitrium
2100 2855 2161 2888 per
2179 2855 2258 2888 pec-

1369 2899 1482 2928 catum
1510 2894 1721 2928 confractum
1751 2894 1834 2934 suit,
1860 2893 1920 2925 sed
1951 2902 2021 2925 non
2044 2902 2085 2925 ex
2110 2895 2181 2926 toto
2208 2893 2256 2926 di-

1368 2946 1504 2984 ruptum
1534 2942 1592 2981 (a).
1626 2943 1673 2974 De
1704 2941 1844 2974 scientia
1872 2940 1995 2972 animae
2024 2939 2149 2972 Christi
2186 2942 2257 2974 Deo

1369 2991 1573 3030 comparatae
1605 2988 1665 3029 (a).
1682 2987 1818 3029 Triplici
1841 2988 1882 3028 (e)
1913 2987 1954 3019 de
1983 2996 2086 3019 causa
2103 2987 2257 3028 permisit

1370 3038 1460 3069 Deus
1479 3045 1620 3077 peccare
1646 3036 1797 3068 Petrum.

1328 3085 1514 3116 Numerare
1540 3084 1630 3115 Deus
1657 3082 1779 3114 dicitur
1806 3080 1981 3121 multiplici
2006 3089 2119 3113 sensu.
2149 3081 2260 3114 Judaei

1370 3139 1482 3163 arenae
1504 3132 1743 3170 comparantur
1763 3127 1887 3169 duplici
1906 3128 1947 3159 de
1972 3136 2085 3160 causa.
2105 3129 2195 3160 Deus
2211 3128 2258 3160 di-

1371 3178 1457 3209 citur
1476 3176 1628 3208 occidere
1656 3176 1800 3216 quatuor
1821 3173 1944 3206 modis.
1972 3174 2103 3214 Duplex
2121 3183 2257 3214 separa-

1370 3224 1472 3256 tionIs
1488 3232 1596 3264 genus
1622 3222 1680 3262 (α).
1707 3221 1817 3254 Paleae
1837 3220 1962 3252 utilitas
1983 3221 2038 3261 (α).
2060 3221 2111 3253 Ad
2130 3221 2257 3253 sacien-

1372 3272 1451 3302 dum
1469 3270 1618 3302 fructum
1631 3269 1694 3301 tria
1709 3266 1898 3300 necessaria
1917 3267 1968 3308 (a).
1991 3268 2040 3300 De
2054 3268 2182 3301 retibus
2197 3269 2257 3301 Pe-

1371 3318 1411 3350 tri
1436 3318 1490 3358 (a).
1511 3319 1560 3350 De
1579 3316 1701 3357 triplici
1725 3315 1816 3348 odio.

1331 3365 1435 3406 Eripe
1450 3374 1512 3404 me,
1532 3364 1683 3405 Domine,
1701 3363 1789 3396 Psal.
1811 3363 1883 3396 139.
1904 3362 2033 3403 Corpus
2052 3361 2176 3395 Christi
2186 3370 2256 3395 ma-

1371 3412 1501 3454 teriale,
1521 3410 1692 3453 spirituale
1713 3413 1746 3444 et
1764 3409 2019 3443 sacramentale.

2299 458 2358 490 556

2297 643 2358 675 557

2299 737 2360 770 557

2295 1017 2356 1048 558

2302 1298 2362 1329 559

2300 1628 2360 1659 560

2299 1908 2356 1939 561

2300 2283 2360 2314 562

2299 2801 2358 2834 563

2300 3036 2360 3068 564

2296 3409 2356 3442 565

1333 3517 1367 3553 (c)
1382 3515 1455 3544 Caet.
1468 3516 1539 3545 edit.
1551 3516 1719 3552 Triplici.-
1733 3516 1775 3553 (d)
1791 3515 1864 3546 Coet.
1877 3515 1949 3546 edit.
1963 3515 2132 3553 quatuor.-
2149 3513 2183 3550 (e)
2199 3512 2270 3543 Gaet.
2285 3513 2356 3545 edit·

1332 3558 1531 3595 Quadruptioi.
