2633 3878
244 239 320 278 104

241 325 380 366 veniat
406 322 514 363 Elias
537 324 562 370 ¹,
588 318 663 371 qui
682 316 891 357 restauret
909 311 1053 353 omnia
1072 320 1171 350 cum
1190 319 1238 348 eo
1252 338 1262 357 ,

241 399 279 436 et
299 394 432 434 veniet
454 389 618 432 Enoch.
646 387 785 429 Bestia
809 388 949 426 autem
969 387 983 408 Β
1009 382 1148 423 vincet
1173 378 1265 418 illos

240 466 343 505 duos
361 465 496 503 testes.
509 460 625 502 Unde
646 470 812 500 necesse
839 459 900 497 est
919 457 965 495 ut
985 453 1101 507 prius
1120 451 1260 499 ruant,

241 538 279 575 et.
298 534 369 574 fiat
388 533 527 581 ruina,
549 535 589 572 et.
607 534 750 584 postea
770 525 1042 573 restauratio,
1066 521 1236 562 tandem
1250 519 1263 540 ³

245 622 263 643 (ι
287 604 365 645 erit
390 603 627 653 tribulatio,
658 605 704 642 ut
725 602 770 640 in
794 609 958 640 errores
982 596 1033 647 (α)
1055 593 1261 634 inducan-

240 681 323 727 tur,
352 677 385 717 si
407 677 497 718 fieri
520 678 675 729 potest,
698 673 826 714 etiam
849 669 980 711 electi.
1000 681 1019 704 n

577 830 768 876 SERMO
800 829 919 873 XVI.

239 950 289 985 De
321 950 420 983 statu.
451 947 630 987 Ecclesioe,
664 948 697 980 et
729 942 894 979 aetatibus
921 950 1001 980 seco,
1031 947 1107 974 cum
1136 936 1265 983 quibus

285 1008 399 1042 currit
422 1007 573 1052 septima
597 1007 702 1046 oetas,
724 1006 758 1038 et
779 1002 821 1037 cle
849 1001 994 1036 theoriis
1013 1006 1121 1034 sacroe
1142 996 1264 1041 Scrip-

288 1071 385 1102 turoe.

294 1176 306 1196 ⁸
327 1173 509 1216 Protulit
529 1175 641 1214 terra
661 1170 831 1213 herbam
851 1168 1075 1216 virentem,
1101 1168 1140 1207 et
1160 1162 1262 1216 affe-

240 1249 395 1288 rentem
424 1255 562 1286 semen
586 1242 722 1295 Juxta
747 1250 878 1294 (senus
905 1249 1051 1287 suum,
1075 1237 1266 1289 Itanum-

241 1327 317 1369 que
340 1316 615 1368 pomiferum,
639 1318 676 1355 et
695 1312 846 1354 habens
865 1311 1053 1362 fructum
1068 1338 1080 1356 ,
1109 1316 1262 1348 unum-

241 1387 431 1442 quodque
478 1384 708 1427 seczmclmn
760 1382 937 1435 speciem
979 1390 1101 1421 suam
1126 1409 1136 1427 ,
1183 1380 1260 1417 etc.

242 1459 405 1499 Dictum
426 1460 508 1506 est,
525 1457 634 1496 circa
653 1455 862 1495 visionem
881 1448 1173 1501 intelligentiae
1191 1459 1266 1501 per

241 1529 502 1581 Scripturam
532 1526 730 1576 eruditae,
753 1526 803 1566 de
835 1521 1115 1574 intelligentia
1140 1520 1263 1573 spiri-

241 1599 364 1649 tuali,
386 1611 481 1651 quae
512 1597 829 1648 intelligebatur
862 1606 936 1648 per
964 1592 1263 1644 congregatio-

240 1682 339 1711 nem
372 1680 608 1722 aquarum;
638 1668 737 1708 item
772 1663 1064 1707 sacramentali
1095 1663 1264 1714 figura,

241 1754 337 1796 quae
358 1741 678 1793 intelligebatur
700 1752 773 1793 per
803 1736 1156 1791 germinationem
1187 1737 1267 1775 ter-

241 1826 313 1855 rae.
337 1814 500 1854 Dictum
521 1815 582 1853 est
601 1812 725 1852 etiam
746 1812 796 1852 de
817 1809 1010 1858 theoriiS,
1034 1819 1129 1860 quae
1151 1806 1268 1846 intel-

241 1886 436 1939 liguntur
455 1898 530 1938 per
551 1897 716 1935 semen,
734 1888 774 1925 et
791 1895 864 1937 per
885 1883 1068 1922 fructum
1086 1895 1093 1919 ε
1113 1880 1269 1919 habent

243 1958 355 1998 enim
393 1957 567 1997 theoriae
608 1955 887 1997 sementinam
925 1951 1266 2000 multitudinem,

243 2032 283 2069 et
316 2027 556 2069 refectivam
585 2026 931 2068 sustentationem
957 2037 964 2062 :
988 2023 1081 2063 ideo
1113 2021 1266 2061 intelli-

244 2103 409 2152 guntur
430 2100 584 2152 partim
612 2111 686 2152 per
712 2110 878 2148 semen,
902 2096 1055 2149 partim
1076 2105 1150 2147 per
1170 2104 1267 2144 ger-

245 2170 523 2211 minationem
544 2170 774 2210 fructuum.
798 2167 1011 2216 Quantum
1032 2165 1083 2204 ad
1103 2175 1268 2213 semen,

246 2241 478 2281 consistunt
501 2241 541 2281 in
565 2239 899 2293 coaptationibus
924 2239 1182 2288 temporum,
1205 2246 1268 2274 se-

247 2311 432 2352 cundum
457 2311 569 2363 (pmd
592 2310 683 2362 ipsa
703 2309 783 2349 sibi
804 2307 985 2348 invicem
1019 2305 1269 2355 succedunt3

245 2385 457 2435 quantum
495 2381 544 2421 ad
582 2380 745 2421 arboris
783 2380 967 2419 fructum
990 2409 1001 2427 ,
1042 2376 1273 2417 secundum

247 2454 358 2506 quod
405 2456 593 2505 tempora
638 2450 963 2503 correspondent
990 2464 998 2498 ;
1039 2447 1272 2489 secundum

248 2523 605 2576 comparationem
635 2522 820 2572 arboris,
850 2521 915 2561 vel
946 2519 1140 2569 seminis,
1164 2520 1270 2558 tem-

249 2606 351 2647 pora
374 2595 451 2634 sibi
472 2597 622 2635 mutuo
640 2593 892 2642 succedunt3
915 2590 1147 2631 secundum
1164 2602 1274 2630 com—

250 2665 508 2717 parationem
532 2664 738 2716 germinis
758 2663 810 2703 ad
831 2662 1100 2714 germinans,
1125 2663 1274 2701 mutuo

250 2735 324 2775 sibi
347 2735 691 2787 correspondent,
714 2737 762 2774 ut
777 2735 866 2786 jam
888 2732 1059 2785 patebit.

305 2805 635 2858 Distinguuntur
654 2809 795 2846 autem
825 2807 1016 2855 tempora
1043 2801 1275 2842 secandum

251 2877 457 2917 rationem
488 2876 681 2926 ternarii,
704 2875 897 2916 videlicet
928 2873 1162 2914 secundum
1192 2875 1276 2912 tres

250 2948 388 3000 leges,
412 2947 524 2987 intra
553 2947 769 2999 scriptam,
790 2944 975 2985 exterius
1002 2944 1245 2996 dispositam
1264 2975 1274 2993 ,

252 3018 447 3071 superius
467 3018 675 3066 infusam3
700 3016 932 3056 secundum
958 3015 1163 3055 rationem
1182 3015 1274 3067 qui-

253 3090 384 3139 narii,
407 3100 552 3138 mane,
574 3089 734 3138 tertiae,
767 3090 898 3127 sextae
916 3117 927 3137 ,
960 3097 1108 3134 nonae,
1142 3085 1274 3125 unde-

254 3160 373 3201 cimae
387 3192 400 3210 ‚
423 3171 521 3212 quae
542 3162 641 3200 sunt
661 3158 850 3211 quinque
869 3156 1120 3205 vocationes,
1143 3168 1277 3208 usque

254 3231 305 3271 ad
324 3232 452 3272 finem
474 3230 638 3271 mundi.
664 3229 714 3269 Et
742 3227 975 3269 secundum
1005 3227 1098 3266 haec
1127 3226 1275 3267 distin-

257 3305 451 3353 guuntur
471 3314 545 3342 sex
575 3303 740 3349 aetates3
773 3299 949 3351 septima
977 3300 1119 3338 autem
1149 3297 1279 3337 currit

255 3371 484 3412 secundum
505 3383 651 3412 omnes
667 3383 765 3411 cum
784 3371 916 3410 sexta.

300 3478 465 3511 'Mamm
487 3486 571 3519 xvii,
595 3481 650 3519 113
676 3479 861 3517 M(11·c.,1x,
884 3478 932 3508 10.
951 3494 991 3500 —
1010 3476 1023 3496 ²
1041 3475 1155 3516 Apoc„
1176 3482 1224 3514 xi,
1246 3475 1276 3504 7.

254 3535 270 3557 ³
288 3525 421 3565 Matttz„
441 3533 536 3565 xxn',
565 3528 625 3565 21,
649 3527 698 3557 24.
726 3542 761 3547 -
785 3525 799 3546 ¹·
823 3526 920 3562 Gen„
941 3531 973 3563 1,
1003 3524 1051 3554 12.
1078 3539 1117 3545 —
1144 3521 1158 3542 ⁵
1183 3522 1278 3559 Gen„

936 216 1381 264 ILLUMINATIONES
1413 212 1674 257 ECCLESIAE

1395 304 1492 345 Post
1511 314 1673 344 novum
1692 300 1994 343 testamentum
2017 308 2105 339 non
2124 297 2203 338 erit
2221 297 2336 339 aliud
2352 328 2362 348 ,

1339 388 1416 417 nec
1435 374 1604 428 aliquod
1629 385 1774 414 semen
1804 382 1928 412 novae
1946 368 2057 421 legis
2077 367 2268 408 subtrahi
2288 380 2361 421 po-

1338 448 1419 487 test
1453 461 1462 486 :
1500 447 1540 485 et
1573 444 1667 485 ideo
1706 443 2006 483 testamentum
2044 440 2252 479 aeternum
2287 440 2362 478 est.

1340 517 1433 570 Ipsa
1446 520 1638 569 tempora
1660 515 1739 555 sibi
1752 516 1904 554 mutuo
1919 511 2161 562 succedunt,
2178 512 2219 551 et
2233 509 2367 550 multa

1339 592 1399 630 est
1415 588 1459 628 in
1480 588 1539 628 eis
1559 585 1949 638 correspondentia,
1974 586 2015 624 et
2033 584 2131 624 sunt
2149 582 2256 622 sicut
2273 592 2368 632 ger-

1339 659 1514 699 minatio
1546 656 1717 697 seminis
1748 668 1803 696 ex
1835 654 2020 705 semine,
2050 656 2098 694 ut
2129 652 2180 693 de
2207 651 2367 693 semine

1339 731 1487 779 arbor,
1509 731 1550 769 et
1567 728 1617 769 de
1638 727 1788 768 arbore
1807 737 1964 767 semen.

1392 800 1678 852 Assignantur
1701 800 1843 839 autem
1872 799 2084 849 tempora,
2106 797 2154 835 ut
2171 794 2249 835 sibi
2268 806 2367 835 mu-

1338 874 1412 912 tuo
1432 870 1758 924 correspondent
1778 883 1787 910 :
1809 868 1947 922 primo
1975 866 2208 908 secundum
2237 864 2366 906 ratio-

1338 954 1436 983 nem
1467 941 1640 983 unitatis
1660 973 1671 991 ,
1701 943 1748 982 ut
1782 941 2051 993 comparatur
2091 949 2226 979 unum
2255 937 2363 977 tem-

1338 1026 1418 1067 pus
1431 1014 1532 1054 novi
1552 1012 1788 1054 testamenti
1807 1011 1858 1052 ad
1871 1022 2008 1052 unum
2024 1012 2194 1062 tempus
2210 1007 2366 1050 veteris

1338 1085 1579 1126 testamenti
1601 1084 1836 1125 secundum
1862 1079 2276 1135 correspondentiam
2294 1079 2366 1120 lit-

1338 1159 1440 1198 terae
1476 1159 1516 1197 et
1550 1156 1720 1209 spiritus
1735 1187 1748 1206 ,
1782 1153 2074 1208 promissionis
2109 1155 2290 1194 terrenae
2326 1154 2367 1193 et

1340 1227 1538 1278 coelestis,
1560 1227 1724 1267 timoris
1756 1228 1796 1267 et
1815 1225 1986 1266 amoris.
2026 1225 2128 1265 Item
2150 1224 2233 1264 duo
2253 1226 2366 1264 tem-

1339 1311 1442 1352 pora
1460 1299 1514 1339 ad
1533 1298 1616 1338 duo
1646 1298 1691 1337 in
1721 1297 1854 1339 veteri
1889 1298 2137 1337 testamento
2161 1309 2170 1335 :
2192 1298 2362 1347 tempus

1340 1372 1436 1411 ante
1455 1369 1594 1421 legem
1608 1401 1618 1419 ,
1641 1370 1682 1409 et
1710 1370 1879 1421 tempus
1907 1367 1988 1408 sub
2009 1366 2133 1418 lege;
2162 1366 2208 1405 in
2227 1376 2362 1416 novo,

1339 1443 1435 1481 ante
1455 1443 1622 1493 tempus
1646 1439 1876 1482 vocationis
1897 1437 2112 1490 gentium,
2135 1439 2176 1477 et
2193 1435 2365 1477 Judaeo-

1340 1523 1457 1561 rum,
1483 1523 1580 1564 quae
1599 1510 1678 1551 erit
1695 1511 1739 1550 in
1759 1510 1858 1549 fine.
1881 1508 1932 1550 Et
1951 1508 2031 1548 ista
2050 1508 2221 1559 signata
2240 1508 2303 1547 est
2322 1506 2366 1547 in

1340 1581 1507 1622 duobus
1526 1581 1622 1622 filiis
1633 1581 1654 1622 J
1658 1581 1767 1631 udae,
1781 1580 1935 1621 scilicet
1953 1579 2116 1628 Zaram,
2131 1580 2170 1619 et
2192 1577 2362 1618 Phares.

1341 1653 1486 1695 Zaram
1507 1655 1520 1676 ⁵
1543 1654 1682 1706 primo
1712 1652 1899 1694 extendit
1932 1663 2131 1702 manum,
2160 1649 2366 1691 obstetrix

1341 1725 1448 1777 ligat
1466 1724 1511 1764 in
1527 1737 1576 1765 ea
1595 1724 1835 1774 coccinum,
1854 1726 1894 1764 et
1913 1726 2056 1776 postea
2075 1721 2253 1763 retrahit
2273 1733 2363 1761 ma-

1341 1808 1475 1846 num,
1510 1798 1551 1836 et
1578 1795 1713 1836 exivit
1744 1794 1923 1844 Phares,
1957 1794 2031 1847 qui
2060 1793 2201 1834 divisit
2230 1803 2368 1832 mace-

1343 1867 1466 1907 riam.
1498 1865 1632 1907 Judaei
1660 1865 1799 1918 primo
1831 1865 2125 1912 crediderunt,
2153 1866 2193 1904 et
2226 1863 2368 1903 statim

1345 1949 1521 1978 manum
1540 1938 1810 1977 retraxerunt
1829 1936 1872 1976 in
1904 1935 2043 1989 prima
2071 1935 2273 1984 Ecclesia;
2298 1933 2372 1974 sed

1345 2013 1568 2064 postquam
1590 2009 1806 2062 plenitudo
1828 2008 2023 2060 gentium
2044 2006 2371 2056 subintraverit,

1347 2085 1448 2123 tunc
1479 2081 1625 2121 Zaram
1652 2080 1809 2130 exibit,
1844 2083 1884 2120 et
1916 2078 2098 2132 populus
2126 2077 2148 2118 J
2154 2077 2373 2118 udaeorum

1347 2153 1632 2193 convertetur.
1655 2150 1758 2191 Item
1779 2150 1911 2191 trium
1931 2152 2175 2202 temporum
2194 2148 2246 2188 ad
2268 2147 2370 2198 tria,

1346 2226 1395 2264 ut
1411 2222 1659 2275 Synagogae
1678 2224 1906 2274 promotae,
1923 2221 2100 2262 initiatae
2115 2252 2125 2271 ,
2149 2223 2189 2260 et
2206 2218 2376 2260 ultima-

1348 2298 1423 2345 tae3
1446 2295 1549 2334 etin
1568 2293 1749 2334 Ecclesia
1772 2296 1938 2345 tempus
1958 2292 2150 2333 Ecclesiae
2177 2290 2372 2341 initiatae,

1349 2365 1556 2415 dilatatae,
1578 2367 1618 2405 et
1643 2367 1962 2406 cousummatae.
1984 2363 2101 2404 Unde
2120 2364 2164 2403 in
2187 2362 2376 2404 canticis

1349 2440 1434 2478 tres
1449 2439 1547 2477 sunt
1560 2436 1861 2477 admirationes
1877 2450 1885 2477 :
1903 2451 1922 2475 α
1937 2436 2039 2485 Quae
2053 2438 2114 2476 est
2127 2435 2220 2487 ista,
2243 2450 2263 2473 n
2279 2436 2374 2484 etc„

1351 2511 1391 2549 et
1417 2521 1439 2548 e
1465 2507 1675 2548 contrario
1694 2509 1778 2548 tres
1805 2507 2111 2560 deplorationes
2129 2507 2174 2547 in
2203 2507 2379 2548 Lamen-

1352 2579 1584 2622 tatiom'bus
1601 2579 1630 2619 ⁶.
1648 2577 1765 2619 Unde
1779 2590 1866 2618 non
1879 2578 1968 2619 sine
1983 2590 2109 2619 causa
2123 2577 2244 2619 toties
2265 2589 2380 2631 repe-

1351 2651 1454 2691 titur
1474 2650 1761 2702 alphabetum.
1786 2648 1890 2689 Item
1912 2650 2095 2700 quatuor
2112 2648 2164 2689 ad
2178 2651 2376 2701 quatuor,

1351 2725 1399 2762 ut
1417 2721 1540 2774 posui
1559 2732 1689 2773 supra
1702 2751 1713 2769 ,
1732 2719 1987 2772 praecedenti
2017 2719 2250 2760 collatione.
2273 2719 2377 2760 Item

1351 2793 1539 2845 quinque
1576 2791 1808 2843 digitorum
1847 2790 1899 2830 ad
1928 2790 2142 2843 quinque,
2178 2790 2222 2830 in
2245 2790 2376 2832 veteri

1351 2865 1622 2912 testamento,
1654 2860 1904 2902 conditionis
1936 2863 2210 2912 naturarum,
2241 2861 2375 2915 inspi-

1352 2936 1567 2976 rationum
1601 2933 1940 2987 patriarcharum
1959 2965 1970 2984 ,
2001 2932 2277 2974 institutionis
2312 2933 2377 2975 le-

1354 3007 1517 3060 galium
1539 3039 1550 3057 ,
1590 3005 1918 3046 illustrationum
1954 3004 2265 3057 prophetalium
2291 2988 2312 3056 ,⁵
2338 3007 2380 3046 et

1353 3077 1709 3118 restaurationum
1740 3075 1995 3124 ruinarum;
2030 3074 2076 3114 in
2105 3086 2218 3115 novo
2248 3076 2379 3115 testa-

1353 3150 1518 3197 mento,
1538 3146 1774 3188 donationis
1798 3145 2126 3194 charismatum,
2147 3144 2378 3185 vocationis

1354 3219 1546 3271 gentium
1563 3250 1575 3269 ,
1607 3216 1881 3258 institutionis
1916 3216 2204 3266 ecclesiarum,
2227 3214 2378 3256 multi-

1354 3290 1511 3332 tudinis
1530 3289 1811 3342 religionum,
1832 3286 2151 3329 restaurationis
2181 3286 2375 3327 omnium

1354 3412 1501 3443 xxxvm,
1522 3406 1573 3436 27.
1590 3421 1630 3427 —
1653 3404 1664 3423 ⁶
1683 3402 1812 3438 leren..
1837 3409 1916 3443 1-1v,
1941 3402 2018 3434 sunt
2037 3402 2181 3442 quatuor
2204 3398 2324 3441 capita,
2346 3401 2379 3432 et

1354 3454 1472 3494 quater
1490 3451 1652 3492 repetitur
1668 3449 1896 3492 alphabetum.

1400 3517 1444 3558 (a)
1471 3516 1571 3558 γαίῃ.
1593 3523 1756 3549 errorem.

2410 306 2526 335 Novum

2407 350 2497 376 testa-

2384 390 2483 417 meatu
2488 397 2516 417 m

2424 431 2476 458 ulti
2483 446 2493 452 -

2383 478 2464 498 mum
2497 473 2527 499 et

2384 513 2525 540 aeternum
