2633 3878
122 1040 229 1067 Pruina

88 1082 168 1116 quid.

121 1727 230 1755 Pruina

87 1770 204 1805 triplex.

1102 246 1344 289 PSALMUS
1374 247 1546 289 CXVlll.

248 348 375 376 novos
403 338 675 387 implevimus3
716 349 821 375 nunc
857 338 961 385 rupti
1001 340 1109 382 sunt,
1150 340 1187 373 et
1217 346 1281 373 so-

248 401 340 447 luti,
361 416 379 435 »
404 403 492 447 etc.‚
513 401 660 438 dictum
680 402 737 437 est
757 411 780 436 a
799 398 1025 437 Gabaonitis
1044 409 1183 446 pacem
1209 399 1281 436 fal-

249 462 376 500 lacem
399 463 621 500 ineuntibus
641 472 733 498 cum
762 461 941 498 Israelitis
953 474 963 508 ;
987 472 1075 498 ecce
1095 463 1181 498 uter
1200 461 1281 497 vini

249 524 289 561 in
321 535 513 562 consensu
551 523 777 571 improvido
817 522 980 560 Israelis.
1015 525 1065 559 De
1101 523 1212 560 tertio
1241 525 1250 545 ¹
1272 535 1280 559 :

252 600 270 620 «
290 586 398 624 Jahel
422 585 468 633 (α)
489 585 642 633 aperuit
670 587 797 622 utrem
818 585 950 631 lactis,
972 587 1008 622 et
1028 584 1137 622 dedit
1161 584 1195 621 ei
1224 584 1282 621 bi-

249 649 355 694 bere,
363 662 381 682 »
397 648 544 684 scilicet
557 647 691 684 Sisarae
707 660 715 684 ε
730 658 819 684 ecce
831 650 915 684 uter
926 647 1036 684 lactis
1046 647 1087 684 in
1100 647 1282 684 occubitu

249 710 398 756 Sisarae,
418 709 606 758 principis
625 709 808 746 infidelis.

592 815 773 851 Articulus
798 817 940 850 tertius.

296 901 492 944 Quantum
506 899 557 936 ad
572 898 740 944 tertium,
756 897 935 934 additur:
959 900 1001 935 In
1019 901 1167 945 pruma.
1180 898 1283 943 Quid

249 961 324 997 sibi
349 961 434 997 vult
453 961 535 997 haec
559 960 730 1008 pruina?
759 961 844 997 Haec
876 960 1081 1007 impressio
1107 962 1143 997 et
1172 971 1284 998 com-

247 1022 396 1070 pressio
421 1023 625 1060 matutina.
649 1024 837 1060 Caeterum
861 1022 960 1058 nulli
985 1022 1165 1068 dubium,
1188 1022 1284 1070 quin

247 1085 390 1132 pruina
403 1085 450 1122 sit
465 1085 607 1132 prioris
622 1085 832 1133 qualitatis,
851 1087 888 1122 et
905 1085 1133 1132 quantitatis
1147 1085 1281 1122 ruina:

248 1157 340 1183 nam
359 1147 534 1194 priorem
554 1147 794 1184 caliditatem
814 1147 1008 1189 eliminat,
1029 1149 1066 1183 et
1085 1147 1282 1194 quantita-

246 1212 327 1247 tem
346 1210 610 1257 conglutinat:
632 1210 730 1247 sicut
753 1210 794 1246 in
813 1212 899 1247 utre
918 1209 1099 1246 videmus
1119 1209 1284 1247 sensibi-

248 1272 346 1318 liter,
381 1276 417 1310 et
446 1273 488 1309 in
516 1272 655 1309 mentis
689 1272 831 1309 affectu
856 1271 1166 1319 intelligibiliter,
1194 1283 1284 1309 cum

248 1335 433 1382 praecedit
459 1334 598 1371 vitiosa
626 1334 833 1381 cogitatio,
864 1337 898 1370 et
920 1334 1143 1380 delectatio,
1166 1337 1203 1371 et
1221 1345 1284 1371 ac-

250 1396 353 1434 cedit
371 1397 563 1444 pruinosa
583 1398 620 1433 et
649 1396 812 1433 ruinosa
832 1396 1052 1442 consensio,
1072 1407 1144 1444 per
1164 1407 1285 1444 quam

249 1459 300 1495 ab
326 1458 413 1506 ipso
445 1459 671 1495 eliminatur
689 1469 802 1495 amor
822 1458 908 1504 Dei,
931 1461 967 1495 et
985 1458 1068 1505 ipse
1092 1458 1167 1495 sibi
1189 1469 1284 1496 con-

250 1520 464 1566 glutinatur
483 1531 554 1568 per
573 1521 743 1557 nimium
764 1531 942 1557 amorem
959 1520 1031 1557 sui.
1048 1521 1149 1565 Quid
1168 1521 1286 1567 igitur

247 1584 331 1619 uter
351 1583 392 1618 in
417 1582 581 1630 pruina,
609 1582 683 1618 nisi
716 1592 827 1618 mens
853 1582 1029 1618 humana
1049 1582 1284 1619 delectando

247 1643 471 1692 inquinata,
501 1646 538 1680 et
569 1643 849 1681 consentiendo
883 1643 957 1680 sibi
990 1643 1286 1690 conglutinata?

248 1706 324 1744 Sed
343 1708 452 1751 nota,
473 1706 584 1754 quod
598 1708 653 1743 est
666 1706 809 1754 triplex
822 1706 980 1753 pruina,
995 1708 1129 1754 utpote
1142 1706 1287 1753 pruina

249 1769 389 1816 culpae,
408 1768 658 1816 poenitentiae,
678 1768 903 1816 sapientiae:
926 1769 1057 1815 prima
1074 1771 1208 1815 necat3
1232 1779 1288 1806 se-

250 1830 382 1867 cunda
405 1833 540 1876 sanat3
570 1830 682 1867 tertia
712 1830 891 1867 delectat.
916 1833 968 1867 De
993 1830 1124 1878 prima
1149 1830 1287 1867 scribi-

250 1895 312 1928 tur
330 1893 368 1928 ²:
401 1904 418 1926 «
445 1895 488 1929 Et
514 1891 658 1929 occidit
688 1903 823 1929 moros
850 1903 990 1929 eorum
1018 1893 1059 1928 in
1086 1892 1242 1939 pruina.
1265 1907 1283 1926 κ)

249 1954 350 1998 Quid
380 1965 452 2002 per
477 1964 632 1999 moros,
664 1953 810 1990 scilicet
839 1964 1007 2001 corpora
1038 1954 1210 1991 animata
1241 1956 1283 2001 (b)

248 2015 511 2060 insensibilia,
539 2015 834 2052 convenientius
859 2015 1131 2063 intelligimus,
1165 2026 1288 2064 quam

248 2077 476 2115 mortalium
509 2077 660 2114 animas
694 2077 943 2114 insensatas?
974 2080 1022 2113 De
1052 2079 1227 2115 secunda
1248 2080 1284 2115 3:

253 2140 358 2185 «Qui
384 2139 521 2176 timent
548 2139 755 2187 pruinam,
781 2139 901 2175 irruet
923 2149 1042 2186 super
1065 2151 1132 2176 eos
1151 2140 1241 2187 nix3
1266 2155 1283 2175 »

249 2201 361 2250 quasi
382 2202 510 2238 dicat:
540 2201 611 2246 Qui
638 2201 776 2238 timent
793 2201 1064 2249 poenitentiam
1089 2205 1287 2250 tempora-

247 2263 340 2310 lem,
358 2263 558 2301 invenient
577 2274 737 2311 poenam
751 2263 988 2301 aeternalem.
1005 2266 1056 2300 De
1077 2264 1201 2309 tertia,
1217 2264 1287 2301 ubi

249 2326 391 2363 dicitur
405 2326 461 2362 -de
480 2336 648 2370 manna,
671 2337 760 2373 quae
777 2326 848 2362 fuit
869 2337 957 2362 esca
977 2326 1117 2374 sapida
1132 2327 1159 2372 ¹⁴,
1178 2326 1289 2374 quod

252 2400 270 2421 «
291 2387 473 2435 apparuit
496 2387 537 2423 in
564 2387 776 2424 solitudine
799 2388 840 2423 in
862 2388 1160 2425 similitudinem
1179 2388 1288 2436 prui-

248 2459 330 2495 nae;
357 2462 375 2483 »
400 2448 498 2496 quid
526 2451 658 2486 autem
683 2449 850 2485 similius
880 2460 977 2486 escae
1003 2450 1201 2496 corporali
1230 2461 1288 2487 sa-

249 2510 369 2558 pidae,
392 2521 514 2558 quam
533 2521 622 2547 esca
641 2510 853 2558 spiritualis
872 2511 1098 2558 sapientiae?
1134 2529 1137 2533 *

580 2617 605 2650 Α
611 2615 764 2651 rtc'culus
791 2618 956 2661 quartus.

299 2701 495 2744 Quantum
523 2698 575 2736 ad
602 2699 787 2746 quattum
816 2698 1095 2746 superadditur
1118 2710 1125 2734 :
1149 2701 1288 2746 Juscz'fi-

249 2765 404 2799 cationes
425 2765 506 2798 tuas
525 2772 595 2797 non
615 2772 693 2797 sum
708 2761 855 2810 oblisus,
875 2760 1056 2798 videlicet
1069 2761 1287 2798 secundum

249 2824 483 2861 exteriorem
509 2824 734 2867 hominem,
764 2823 832 2870 qui
858 2823 900 2869 (c)
924 2822 1099 2870 priorem
1133 2833 1289 2860 conser-

248 2887 314 2924 vat
345 2886 695 2931 consuetudinem,
722 2888 912 2933 tanquam
939 2885 1083 2922 talibus
1116 2886 1286 2932 deditus,

249 2948 393 2986 talibus
413 2947 601 2985 eruditus.
623 2949 666 2984 Et
683 2950 798 2993 nota,
826 2947 937 2995 quod
966 2947 1092 2984 taliter
1118 2948 1288 2996 disposi-

249 3014 330 3057 tus,
361 3010 439 3047 dici
467 3012 594 3058 potest
620 3009 839 3058 specialiter
867 3009 1005 3046 talium
1025 3021 1106 3046 non
1127 3010 1286 3057 oblitus,

249 3073 402 3110 bonum
439 3071 665 3119 operando,
700 3072 849 3109 malum
882 3072 1114 3119 tolerando,
1148 3083 1286 3110 verum

250 3133 534 3179 asseverando,
562 3134 592 3170 si
621 3134 736 3170 fuerit
766 3134 1070 3180 magnanimiter
1096 3145 1286 3182 operans,

248 3195 519 3245 aequanimiter
546 3195 738 3242 tolerans.
772 3195 941 3232 fideliter
966 3206 1207 3234 asseverans.
1235 3200 1286 3234 De

249 3259 378 3308 primo
417 3257 600 3294 scribitur
637 3257 798 3294 inferius
822 3258 860 3294 ⁵:
900 3270 917 3291 «
950 3259 1087 3302 Quaere
1127 3270 1285 3298 servum

250 3323 377 3366 tuum,
398 3319 492 3368 quia
507 3319 696 3356 mandata
714 3321 782 3356 tua
798 3329 880 3356 non
901 3330 988 3356 sum
1009 3319 1180 3357 oblitus:
1203 3335 1221 3357 »
1245 3323 1285 3360 in

250 3393 332 3430 quo
350 3382 448 3420 boni
466 3382 656 3430 operatio.
673 3384 724 3420 De
739 3383 913 3420 secundo
928 3382 1029 3420 alius
1049 3382 1103 3420 ait
1115 3384 1147 3421 ⁶:
1165 3395 1184 3419 «
1197 3386 1285 3422 Haec

295 3464 307 3486 ¹
322 3465 442 3504 Judic„
464 3472 511 3505 lv,
532 3466 583 3498 19.
605 3483 645 3489 —
666 3466 678 3485 ²
697 3465 788 3498 Psal.
811 3473 948 3506 Lxxvn‚
970 3467 1019 3499 47.
1041 3485 1082 3490 —
1109 3466 1123 3488 ⁸
1143 3467 1216 3506 Job,
1237 3476 1283 3510 vt,

253 3512 304 3543 16.
322 3529 360 3535 -
379 3512 393 3534 ⁴
417 3512 535 3550 Exod„
556 3520 627 3553 Χνι,
650 3513 697 3544 ¹4.
713 3531 754 3537 —
768 3513 782 3536 ⁸
799 3513 891 3545 Psal.
914 3513 992 3554 hoc,
1013 3515 1082 3546 176.
1100 3532 1140 3538 —
1159 3515 1171 3531 ⁸
1187 3514 1279 3546 Psal.

2317 253 2394 290 425

1359 336 1493 374 omnia
1522 338 1715 373 venerunt
1747 348 1864 386 super
1894 349 1986 385 nos,
2015 349 2087 376 nec
2120 338 2231 376 obliti
2259 349 2394 376 sumus

1358 400 1420 435 te:
1452 411 1470 432 »
1501 397 1542 434 in
1571 409 1651 446 quo
1683 398 1779 435 mali
1810 400 1998 437 toleratio.
2021 403 2071 444 De
2100 401 2213 438 tertio
2242 401 2393 438 ibidem

1357 459 1562 507 psallimus
1577 460 1627 508 (d)
1642 462 1655 483 ⁷
1673 472 1680 496 :
1697 460 1761 497 «Si
1783 461 2040 498 oblitisumus
2059 473 2205 499 nomen
2224 463 2289 500 Dei
2302 474 2393 500 nos-

1360 522 1417 567 tri,
1435 536 1452 555 »
1469 522 1580 570 quasi
1597 522 1719 559 dicat:
1741 524 1826 559 Non
1846 534 1981 559 sumus
2001 523 2133 570 obliti3
2152 525 2191 561 in
2212 535 2292 572 quo
2311 525 2392 562 veri

1360 584 1608 621 asseveratio.

1794 631 1965 673 Epilogus.

1407 700 1460 745 Essx·
1488 709 1548 745 his
1573 712 1698 756 potest
1727 710 1939 748 clarescere
1971 721 2082 748 mens
2111 712 2310 759 Prophetae
2339 713 2395 750 lo-

1360 770 1514 818 quentis
1540 771 1580 807 in
1609 782 1780 819 persona
1798 773 2043 820 poenitentis,
2067 774 2212 810 amoris
2232 774 2397 812 inanita-

1359 835 1436 869 tem
1461 832 1586 869 taliter
1607 833 1827 870 confitentis
1849 847 1856 870 :
1884 838 2015 872 Factus
2035 847 2136 882 sum,
2158 837 2269 884 quasi
2291 837 2396 884 cogi-

1361 894 1505 932 tatione
1526 895 1754 941 inclinatus3
1772 897 1870 933 Sicut
1890 901 1984 939 uter,
2006 898 2121 944 quasi
2139 898 2397 936 delectatione

1358 957 1605 1006 inquinatus3
1633 960 1676 994 In
1698 961 1857 1005 pruina,
1887 960 2000 1007 quasi
2028 960 2285 998 consensione
2305 972 2398 998 con-

1359 1020 1590 1066 glutinatus;
1618 1023 1899 1067 Justificationes
1932 1025 2008 1058 luas
2040 1032 2110 1058 non
2141 1033 2218 1059 sum
2244 1023 2396 1069 oblitus,

1359 1082 1475 1130 quasi
1495 1082 1676 1120 exteriori
1698 1093 1819 1131 opere
1840 1083 2124 1132 disciplinatus.

1730 1195 1953 1223 VERSICULUS
1978 1197 2030 1222 IV.

1409 1284 1467 1318 84.
1503 1282 1595 1326 Quot
1621 1287 1704 1320 sunt
1730 1284 1805 1320 dies
1835 1287 1929 1320 servi
1956 1287 2032 1327 tui,
2065 1287 2136 1321 etc.
2164 1286 2247 1321 Non
2267 1286 2397 1322 solum

1361 1343 1443 1391 spei
1464 1344 1662 1392 debilitas,
1684 1345 1777 1382 fidei
1799 1346 1972 1390 exilitas,
1994 1349 2030 1383 et
2050 1347 2196 1383 amoris
2214 1347 2395 1394 inanitas,

1360 1406 1485 1443 tribus
1505 1407 1709 1444 insinuatce
1728 1408 1923 1453 versibus,
1946 1410 2036 1444 sunt
2054 1408 2309 1446 incitamenta
2328 1409 2397 1446 de-

1359 1468 1501 1515 fectus;
1529 1469 1598 1506 scd
1619 1469 1737 1506 etiam
1756 1470 1904 1507 laboris
1926 1470 2179 1516 diuturnitas,
2200 1482 2322 1519 quam
2340 1471 2397 1508 in-

1360 1531 1490 1568 sinuat
1507 1532 1577 1568 iste
1597 1535 1772 1579 quartus.
1795 1535 1878 1569 Haec
1899 1535 2031 1569 autem
2048 1533 2250 1571 laboriosa
2269 1533 2397 1580 longi-

1360 1593 1537 1640 turnitas,
1559 1604 1628 1630 seu
1648 1594 1877 1641 longiturna
1894 1594 2144 1632 laboriositas
2165 1595 2339 1632 consistit
2357 1596 2398 1632 in

1360 1655 1620 1702 protelatione
1640 1656 1848 1702 servitutis,
1863 1659 1899 1701 et
1919 1657 2108 1694 dilatione
2128 1656 2275 1694 salutis.
2292 1658 2400 1702 Quae-

1360 1718 1427 1762 ris,
1452 1720 1601 1765 quare?
1626 1718 1724 1763 Quia
1750 1718 1910 1755 difficile
1940 1718 2128 1765 militare,
2150 1719 2220 1756 sed
2241 1719 2398 1756 deside-

1360 1781 1486 1818 rabile
1506 1781 1771 1829 triumphare:
1795 1792 1844 1818 ex
1870 1781 2068 1829 praedictis
2088 1784 2258 1829 quatuor
2276 1793 2400 1819 mem-

1361 1843 1442 1880 bris
1461 1845 1567 1891 patet
1589 1854 1726 1881 versus
1746 1843 1856 1880 istius
1875 1843 1993 1881 sectio
2014 1843 2356 1892 quadrimembris,

1698 1937 1887 1973 Articulus
1909 1938 2065 1983 primus.

1409 2018 1615 2056 protelatio
1635 2019 1888 2067 praetenditur
1907 2018 1948 2055 in
1975 2019 2052 2056 hoc
2071 2020 2253 2057 membro
2272 2033 2280 2057 ε
2308 2021 2401 2065 Quot

1361 2084 1443 2117 sunt
1463 2081 1561 2117 dies!
1581 2080 1700 2118 Nimis
1728 2081 1873 2128 prolixi
1892 2081 2076 2118 videntur
2101 2081 2204 2126 dies,
2228 2082 2322 2130 quia
2341 2083 2398 2120 la-

1361 2141 1511 2179 boriosi
1547 2145 1584 2179 et
1614 2142 1793 2179 difficiles
1823 2146 1984 2191 propter
2019 2143 2295 2192 quotidianam
2327 2156 2399 2193 pu-

1363 2215 1484 2251 gnam
1503 2204 1602 2241 inter
1621 2204 1714 2241 vitia
1734 2207 1769 2241 et
1788 2205 1962 2242 virtutes.
1991 2207 2034 2242 Et
2052 2208 2164 2250 nota,
2185 2207 2297 2254 quod
2317 2207 2400 2244 dies

1362 2267 1424 2304 isti
1441 2267 1614 2304 universi
1635 2270 1672 2304 et
1692 2267 1836 2314 singuli
1861 2271 2027 2315 possunt
2046 2268 2124 2305 dici
2141 2268 2225 2305 dies
2253 2269 2399 2316 ruinae,

1362 2329 1566 2376 angustiae,
1586 2329 1782 2366 vindictae.
1797 2331 1974 2378 Namque
1996 2330 2079 2367 dies
2093 2331 2229 2378 ruinae,
2244 2334 2300 2368 est
2316 2332 2401 2369 dies

1363 2391 1508 2439 culpae,
1535 2402 1614 2439 qua
1638 2392 1800 2428 virtutes
1819 2392 2030 2429 vincuntur
2038 2405 2048 2439 3
2077 2393 2162 2429 dies
2187 2394 2398 2441 angustiae,

1363 2456 1420 2489 est
1440 2453 1523 2490 dies
1536 2453 1786 2500 poenitentiae,
1801 2465 1881 2502 qua
1893 2454 2054 2491 virtutes
2073 2454 2274 2501 eriguntur
2283 2468 2293 2501 3
2317 2455 2401 2493 dies

1362 2514 1564 2559 vindictae,
1591 2517 1645 2551 est
1669 2515 1753 2552 dies
1773 2515 1950 2561 justitiae,
1967 2526 2048 2563 qua
2074 2516 2168 2553 vitia
2194 2517 2401 2554 revincun-

1361 2578 1436 2613 tur.
1465 2579 1515 2613 De
1546 2576 1677 2624 primo
1709 2577 1850 2613 dicitur
1876 2577 1913 2613 ⁸:
1939 2578 2053 2614 «Viri
2084 2577 2295 2615 bellatores
2322 2579 2397 2626 tui,

1362 2639 1430 2686 qui
1451 2641 1561 2676 erant
1579 2639 1620 2675 in
1640 2641 1695 2684 te,
1717 2649 1808 2675 cum
1827 2639 2014 2676 universa
2041 2639 2291 2677 multitudine
2310 2642 2397 2686 tua,

1362 2711 1450 2748 quae
1469 2703 1526 2737 est
1547 2700 1587 2736 in
1614 2700 1749 2737 medio
1769 2700 1839 2746 tui,
1859 2701 2001 2738 cadent
2020 2701 2060 2737 in
2080 2701 2199 2739 corde
2219 2702 2340 2739 maris
2359 2702 2399 2739 in

1363 2763 1426 2799 die
1446 2763 1568 2799 ruinae
1587 2765 1680 2809 tuae3
1703 2776 1722 2798 n
1744 2763 1857 2811 quasi
1878 2763 2006 2800 dicat:
2037 2763 2199 2800 Habitus
2226 2764 2396 2811 gratuiti,

1362 2827 1399 2861 et
1426 2835 1564 2861 omnes
1595 2827 1702 2862 actus
1730 2825 1920 2862 meritorii
1941 2824 2130 2873 peribunt
2153 2825 2191 2861 in
2223 2828 2398 2874 tempore

1361 2887 1494 2934 lapsus
1513 2887 1592 2924 tui:
1613 2887 1666 2924 ita
1686 2887 1828 2924 dicitur
1841 2889 1957 2935 Tyro,
1977 2887 2019 2924 id
2035 2890 2104 2932 est,
2123 2887 2286 2924 cuilibet
2307 2887 2397 2924 forti

1360 2949 1464 2987 viro:
1491 2952 1604 2996 Tyrus
1623 2950 1730 2987 enim
1748 2950 2025 2998 interpretatur
2044 2949 2245 2987 fortitudo.
2268 2951 2318 2987 De
2339 2960 2398 2987 se·
2416 2968 2523 3001 Tyrus.

1361 3012 1493 3049 cundo
1515 3012 1555 3048 in
1584 3013 1701 3049 Abdita
1720 3013 1901 3049 scribitur
1918 3012 1953 3048 ⁹:
1978 3025 1996 3047 «
2016 3014 2100 3049 Non
2121 3012 2397 3059 magnificabis

1361 3085 1405 3110 os
1424 3077 1536 3111 tuum
1555 3074 1595 3111 in
1616 3075 1679 3112 die
1699 3075 1911 3122 angustiae,
1937 3088 1954 3109 n
1975 3075 2016 3112 id
2037 3077 2116 3121 est,
2131 3074 2368 3122 poenitentiae
2385 3088 2393 3108 :

1360 3136 1411 3172 ita
1431 3136 1573 3173 dicitur
1593 3137 1739 3183 Edom‚
1760 3137 1827 3185 qui
1849 3137 2124 3185 interpretatur
2142 3135 2286 3182 fulva&
2308 3146 2396 3172 san·
2417 3154 2518 3181 Edom‚

1359 3199 1541 3244 guineus,
1561 3199 1624 3235 vel
1645 3201 1835 3245 terrenus,
1858 3201 1894 3236 et
1913 3201 2051 3246 typum
2070 3197 2168 3245 gerit
2192 3197 2396 3245 concupis·

1360 3260 1494 3297 centiae
1512 3260 1722 3309 tripartitae.
1747 3263 1797 3298 De
1826 3261 1939 3298 tertio
1956 3261 2006 3296 ¹⁰:
2033 3259 2202 3305 «zelus,
2221 3261 2258 3296 et
2286 3259 2396 3296 furor

1359 3372 1468 3403 xmu,
1500 3367 1548 3397 18.
1571 3382 1610 3388 -—-
1635 3366 1649 3386 ⁷
1675 3365 1772 3404 ibid„
1801 3366 1854 3396 21.
1885 3382 1918 3387 -
1951 3365 1962 3384 ⁸
1982 3363 2114 3404 Ezecle„
2142 3371 2256 3404 xxvii,
2284 3365 2335 3396 27.
2355 3381 2396 3387 -

1360 3413 1372 3430 ⁰
1389 3412 1487 3451 Abd„
1506 3421 1530 3449 Ι,
1557 3415 1604 3445 12.
1623 3430 1664 3436 -
1683 3413 1709 3433 ²⁰
1726 3414 1841 3452 Prov„
1862 3419 1910 3452 vl,
1928 3412 1978 3443 34.

1402 3468 1448 3509 (α)
1469 3469 1549 3501 Coet.
1570 3467 1648 3501 edit,
1671 3467 1758 3508 Jael,
1779 3469 1811 3499 ee
1823 3467 1868 3499 sic
1882 3467 2046 3508 deinceps.
2062 3484 2102 3491 —
2121 3467 2166 3508 (b)
2187 3467 2262 3510 Leq.
2285 3467 2395 3500 inani-

1360 3518 1460 3547 mata.
1483 3533 1520 3539 —
1541 3515 1580 3557 (c)
1601 3517 1680 3548 Item
1698 3523 1784 3556 quae.
1807 3532 1846 3538 -
1868 3513 1913 3556 (d)
1932 3515 2005 3555 Les).
2034 3514 2196 3547 Psalinus.
