2633 3878
101 1926 179 1954 Obe-

90 1967 199 1994 dientia

83 2008 203 2043 quadri-

83 2050 196 2078 formis.

1071 244 1316 287 PSALMUS
1346 243 1519 286 CXVllI.

225 339 436 376 illuminari
471 339 523 376 ad
556 339 746 376 visionem
782 336 990 374 dominicae
1009 334 1184 384 speciei?
1204 336 1255 371 De

225 401 336 438 tertio
364 403 404 438 ¹:
437 415 454 436 «
489 404 582 438 Ecce
614 399 774 437 vocabit
802 398 997 446 J'udicium
1034 397 1086 435 ad
1123 397 1257 445 ignem

225 463 413 500 Dominus
443 466 540 500 Deus
571 473 695 500 meus.
727 475 744 496 »
781 460 920 498 Vocari
953 460 1006 498 ad
1036 460 1169 507 ignem
1202 461 1259 496 est

225 527 358 564 vocari
399 527 452 563 ad
496 526 653 573 igneam
692 524 945 563 dilectionem
982 533 1054 572 per
1097 521 1258 559 affectus

225 588 592 626 inflammationem.

659 689 830 732 Epilogus.

273 779 351 814 Hoc
371 778 428 814 est
451 786 565 822 ergO,
588 775 699 824 quod
724 775 776 812 ait
796 774 998 813 psalmista
1016 773 1058 811 in
1082 784 1261 822 personae

225 840 464 878 meticulosae
483 840 613 887 figura
635 851 644 876 ε
677 841 723 877 Et
742 850 785 876 ne
804 840 974 884 auferas,
996 837 1141 875 scilicet
1158 837 1261 875 aufe-

224 902 350 940 rendo
374 913 456 939 non
477 902 735 940 auferendum
748 928 761 947 ,
782 901 846 938 vel
864 911 946 937 non
969 900 1017 949 (a)
1043 899 1260 937 auferendo

225 963 506 1010 auferendum,
525 966 718 1011 quantum
739 963 791 1001 ad
810 962 980 1001 veritatis
999 962 1262 1010 impedimen·

225 1027 308 1062 tum
326 1026 524 1074 pertinens
544 1026 596 1064 ad
617 1026 796 1074 culpam;
820 1027 872 1062 De
891 1036 949 1062 ore
965 1036 1054 1069 mec.
1071 1027 1263 1073 quantum

225 1087 277 1125 ad
298 1088 468 1126 veritatis
501 1089 829 1134 instrumentum,
849 1088 1048 1136 pertinens
1074 1088 1126 1125 ad
1152 1091 1264 1125 natu-

225 1161 336 1197 ram3
377 1151 531 1188 Verbum
560 1153 729 1188 veritatis
762 1161 1035 1198 usquequaque,
1070 1153 1263 1198 quantum

227 1213 279 1250 ad
307 1212 479 1250 veritatis
505 1213 856 1262 praedicamentum
885 1213 1084 1261 pertinens
1103 1213 1155 1250 ad
1176 1223 1264 1259 gra-

227 1276 320 1312 tIam
332 1288 344 1323 3
367 1276 463 1320 Quia
477 1278 518 1312 in
534 1277 682 1322 judiciis
703 1278 775 1313 tuis
788 1278 1054 1323 supersperavi,
1071 1276 1265 1324 quantum

229 1338 281 1374 ad
317 1338 488 1376 veritatis
527 1338 840 1376 emolumentum
871 1338 1070 1386 pertinens
1099 1338 1148 1375 ad
1185 1337 1267 1384 glo-

228 1411 342 1437 riam.

574 1497 795 1526 VERSICULUS
820 1493 886 1525 xil.

278 1593 336 1630 44.
353 1593 400 1627 Et
410 1591 623 1636 custodiam,
635 1593 706 1627 etc.
717 1590 871 1627 Timore
882 1590 1074 1638 tripartito
1090 1590 1130 1627 in
1145 1590 1269 1627 tribus

229 1653 434 1690 versiculis
452 1652 709 1701 praeambulis
729 1652 934 1701 expedito,
957 1653 1135 1700 sequitur
1155 1663 1269 1701 expe-

229 1716 325 1754 ditio
362 1715 491 1764 quarti
528 1715 680 1752 timoris
695 1744 707 1762 ‚
742 1726 823 1763 quo
861 1716 1018 1753 timetur
1056 1716 1268 1753 minoratio

228 1778 375 1816 favoris
402 1778 443 1814 in
468 1777 632 1815 articulo
665 1777 903 1815 necessitatis
924 1790 932 1815 :
953 1778 1059 1815 hunc
1086 1778 1269 1816 timorem

231 1839 420 1877 audacius
449 1839 633 1888 deponit,
654 1841 723 1887 qui
744 1840 887 1877 divinae
907 1841 1143 1878 obedientiae
1161 1841 1271 1878 viva-

232 1904 313 1940 cius
333 1914 374 1941 se
395 1904 594 1952 supponit.
626 1906 688 1941 Est
708 1907 840 1942 autem
863 1905 1091 1942 obedientia
1109 1905 1268 1953 quadri-

232 1966 382 2011 formis,
403 1977 526 2014 quam
550 1966 679 2003 innuit
698 1967 814 2013 hujus
830 1967 1010 2004 versiculi
1031 1968 1270 2006 continentia

233 2028 587 2077 quadrimembris;
632 2030 729 2077 puta
774 2030 993 2077 corporalis
1008 2057 1019 2075 ,
1066 2031 1270 2077 mentalis,

232 2091 480 2140 temporalis,
500 2092 693 2129 aeternalis
714 2103 722 2127 :
751 2103 923 2140 quarum
949 2093 1080 2140 prima
1105 2094 1273 2142 pertinet

232 2154 286 2192 ad
311 2153 570 2192 extrinsecam
591 2154 864 2202 operationem
872 2166 883 2201 3
919 2156 1116 2202 secunda,
1140 2157 1192 2194 ad
1218 2156 1273 2193 in-

233 2218 441 2254 trinsecam
479 2216 842 2256 considerationem
867 2230 877 2265 ;
913 2219 1051 2265 tertia,
1089 2219 1141 2256 ad
1173 2231 1274 2268 prae-

233 2285 383 2320 sentem
407 2281 796 2330 perseverationem;
827 2284 986 2330 quarta,
1019 2282 1072 2320 ad
1101 2281 1274 2321 futuram

232 2346 609 2383 remunerationem,

567 2452 759 2487 Articulus
780 2453 936 2497 primus.

284 2536 479 2580 Quantum
500 2534 551 2571 ad
570 2533 741 2582 primam
760 2532 1043 2579 obedientiam,
1063 2532 1246 2570 scribitur
1264 2546 1273 2571 :

235 2600 281 2633 Et
303 2597 525 2641 custodiam,
554 2595 700 2632 scilicet
725 2595 861 2643 quoad
887 2595 1121 2632 exteriorem
1149 2598 1276 2634 custo—

236 2659 344 2697 diam
359 2687 371 2705 ,
392 2670 461 2696 seu
491 2658 739 2706 comendam
769 2656 1062 2705 obedientiam,
1084 2669 1172 2707 quae
1190 2669 1276 2706 per-

236 2725 329 2761 tinet
348 2723 400 2760 ad
420 2722 622 2760 exterioris
650 2721 822 2759 hominis
844 2721 1106 2769 disciplinam.
1135 2724 1276 2759 Notan-

236 2786 506 2834 damnaque,
529 2785 697 2834 qualiter
717 2795 756 2821 50
778 2784 921 2822 debeat
940 2784 1161 2831 custodire,
1190 2784 1276 2832 qui-

237 2860 408 2897 cumque
445 2848 529 2885 vult
566 2847 694 2885 taliter
734 2847 928 2884 obedire:
965 2847 1084 2884 debet
1118 2847 1276 2894 procul-

238 2911 362 2948 dubio
393 2910 590 2948 custodire
620 2921 660 2947 se
691 2920 714 2947 a
736 2909 878 2957 triplici
911 2909 1024 2956 viti03
1045 2909 1230 2947 videlicet
1253 2921 1276 2947 a

237 2974 332 3010 vitio
359 2973 548 3021 loquelae,
575 2983 598 3009 a
627 2972 720 3010 vitio
742 2972 932 3021 sequelae,
955 2983 978 3009 a
997 2972 1093 3009 vitio
1118 2983 1277 3020 corrup-

239 3036 334 3073 telae.
381 3036 509 3072 Prima
557 3036 736 3073 custodia
779 3035 937 3083 respicit
980 3035 1275 3083 maturitatem3

238 3097 412 3135 secunda
447 3098 695 3135 securitatem
741 3109 750 3134 ε
799 3098 911 3135 tertia
954 3098 1178 3146 puritatem.
1226 3101 1276 3136 De

238 3161 366 3209 prima
392 3159 405 3180 ²
431 3171 438 3195 :
472 3173 490 3194 «
514 3160 586 3205 Qui
617 3159 785 3197 custodit
817 3170 861 3196 os
891 3170 1007 3196 suum
1037 3162 1074 3197 et
1100 3161 1274 3208 linguam

239 3233 373 3269 suam,
403 3222 571 3259 custodit
598 3221 649 3259 ab
682 3221 872 3269 angustiis
899 3222 1073 3260 animam
1094 3233 1206 3261 suam
1221 3236 1233 3270 ς
1255 3237 1273 3258 1)

240 3285 335 3334 quia
370 3295 508 3322 revera
545 3284 713 3321 exterior
749 3283 954 3331 custodia,
995 3288 1186 3333 quantum
1225 3286 1278 3324 ad

241 3353 397 3397 gustum
418 3350 455 3385 et
474 3347 693 3396 loquelam,
718 3347 886 3384 multum
906 3347 1010 3384 valet
1029 3347 1082 3385 ad.
1100 3349 1278 3396 spiritua-

241 3411 339 3448 lium
374 3411 640 3448 offensionum
678 3409 885 3447 cautelam.
927 3412 977 3446 De
1014 3411 1189 3449 secunda
1218 3413 1232 3435 ³
1265 3425 1274 3450 :

285 3496 295 3516 ¹
323 3494 432 3533 Amos,
458 3502 519 3535 vu,
544 3496 574 3526 4.
595 3512 635 3519 —-
653 3494 664 3512 ²
684 3494 792 3534 Prov„
820 3502 897 3533 xm,
920 3496 950 3526 3.
971 3512 1011 3518 —
1031 3495 1042 3512 ³
1072 3495 1205 3534 Jerem„
1230 3504 1277 3537 ix,

243 3543 271 3574 4.
299 3558 339 3566 -
365 3542 379 3564 θ
404 3543 415 3574 Ι
444 3542 543 3582 Tim„
567 3549 601 3584 V,
625 3543 677 3574 22.
703 3557 746 3566 —-
764 3542 776 3565 ⁵
795 3542 910 3583 Prov„
933 3550 979 3583 vt,
1001 3543 1052 3575 213.
1076 3560 1109 3565 -
1137 3543 1149 3562 ⁶
1172 3544 1277 3585 Rom,

2288 241 2362 280 377

1336 333 1642 382 «Unusquisque
1659 343 1699 369 se
1720 343 1743 369 a
1757 333 1939 380 proximo
1955 342 2026 369 suo
2047 330 2254 376 custodiat,
2275 327 2364 365 etin

1333 398 1442 436 omni
1472 396 1588 434 fratre
1626 405 1698 432 suo
1733 405 1816 432 non
1851 395 1995 432 habeat
2025 394 2240 432 fiduciam:
2262 406 2280 427 »
2302 392 2365 429 hic

1332 459 1516 508 prohibet
1553 458 1742 496 Dominus
1775 467 1845 505 per
1892 457 2125 504 prophetam
2159 455 2365 493 hominum

1333 523 1548 572 impiorum
1587 520 1806 570 sequelam.
1840 521 1890 557 De
1921 520 2032 557 tertia
2051 520 2063 542 ⁸
2095 531 2103 556 :
2135 532 2153 554 «
2185 518 2367 567 Teipsum

1335 587 1484 623 casium
1511 583 1664 622 custodi
1673 595 1684 629 3
1711 596 1728 618 »
1757 583 1821 620 hic
1842 581 2064 630 praecipitur
2083 581 2279 626 custodia,
2301 579 2365 617 vel

1335 647 1484 684 cautela
1508 657 1531 684 a
1551 645 1795 684 continentiae
1816 643 2054 692 corruptela.

1653 751 1840 787 Articulus
1866 749 2052 787 secundus.

1384 838 1581 881 Quantum
1601 833 1653 871 ad
1669 833 1886 870 secundam
1902 831 2185 876 obedientiam,
2203 829 2370 868 conscri-

1337 901 1444 938 bitur
1473 913 1481 937 :
1513 901 1639 946 Legem
1671 903 1790 940 tuam,
1825 897 1939 945 quasi
1969 897 2100 933 lucem
2128 898 2238 932 tuam
2269 894 2371 930 intus

1338 964 1555 1008 lucentem,
1577 960 1806 999 interiorem
1830 959 2035 997 hominem
2061 957 2369 1000 conducentem,

1339 1026 1433 1074 quia
1452 1025 1515 1062 lex
1536 1024 1626 1069 luiz,
1646 1024 1745 1061 sicut
1763 1024 1869 1070 patet
1889 1033 1937 1059 ex
1957 1020 2178 1060 Salomonis
2201 1019 2373 1056 testimo-

1338 1089 1405 1125 nio
1431 1088 1457 1124 ⁵.
1488 1086 1713 1124 Notandum
1741 1085 1859 1132 igitur
1889 1084 1938 1121 de
1962 1084 2036 1121 hac
2065 1084 2173 1130 lege,
2201 1081 2312 1131 quod
2336 1081 2371 1117 ei

1340 1150 1532 1191 debemus
1549 1149 1780 1186 intrinsecus
1799 1147 1999 1195 tripliciter
2014 1145 2197 1192 obedire3
2218 1147 2260 1182 ut
2279 1145 2374 1192 puta

1341 1212 1678 1258 condelectando,
1712 1209 2017 1254 consentienda,
2054 1210 2091 1245 et
2120 1205 2327 1244 serviendo
2359 1217 2367 1226 ·

1341 1287 1514 1324 quorum
1538 1274 1712 1323 primum
1741 1274 1888 1321 spectat
1914 1272 1966 1309 ad
1994 1270 2206 1308 voluntatis
2226 1267 2376 1305 deside-

1341 1338 1463 1384 rium;
1494 1337 1736 1383 secundum,
1769 1336 1820 1373 ad
1848 1334 2011 1373 rationis
2040 1332 2249 1371 consilium
2264 1343 2274 1377 ;
2302 1334 2377 1368 ter-

1342 1401 1465 1445 tium,
1500 1400 1552 1437 ad
1592 1398 1781 1437 libertatis
1817 1397 2035 1435 arbitrium.
2071 1398 2121 1432 De
2155 1395 2285 1444 primo
2319 1394 2332 1415 ⁶
2366 1406 2374 1430 ε

1346 1478 1363 1498 «
1384 1462 1642 1500 condelector
1670 1461 1749 1508 legi
1779 1460 1868 1506 Dei,
1901 1458 2120 1496 secundum
2151 1457 2377 1494 interiorem

1342 1527 1546 1564 hominem
1569 1538 1578 1563 t
1597 1539 1615 1560 1)
1640 1537 1729 1564 0000
1745 1525 1842 1572 legis
1863 1522 2162 1568 condelectatio,
2181 1523 2373 1569 quantum

1344 1590 1395 1626 ad
1418 1590 1633 1627 voluntatis
1659 1589 1914 1626 desiderium.
1943 1589 1995 1623 De
2019 1584 2194 1622 secundo
2218 1584 2231 1606 ⁷
2261 1595 2268 1619 :
2296 1596 2312 1617 α
2339 1582 2376 1619 Si

1344 1652 1455 1699 quod
1470 1651 1580 1697 nolo,
1601 1651 1701 1689 illud
1717 1651 1835 1697 facio,
1851 1649 2053 1688 consentio
2073 1647 2167 1694 legi,
2186 1645 2377 1695 quonlam

1344 1715 1452 1751 bona
1472 1716 1529 1751 est
1550 1726 1558 1750 :
1581 1727 1598 1749 »
1617 1724 1706 1752 ecce
1722 1713 1821 1761 legis
1841 1722 2096 1756 consensum,
2114 1710 2307 1758 quantum
2327 1706 2377 1743 ad

1343 1777 1507 1815 rationis
1541 1777 1763 1815 consilium.
1804 1779 1855 1814 De
1890 1776 2001 1814 tertio
2035 1776 2049 1798 ⁸
2086 1787 2094 1812 :
2127 1787 2145 1809 «
2178 1775 2258 1820 Ego
2296 1771 2377 1819 ipse

1344 1842 1475 1878 mente
1504 1841 1633 1877 servio
1660 1840 1737 1887 legi
1765 1840 1856 1877 Dei:
1880 1852 1897 1874 »
1924 1849 2013 1876 ecce
2038 1837 2137 1885 legis
2160 1834 2376 1879 servitium,

1346 1907 1539 1952 quantum
1561 1903 1613 1940 ad
1631 1902 1821 1941 libertatis
1841 1901 2061 1939 arbitrium.

1688 2008 1875 2044 Articulus
1901 2006 2041 2043 tertius.

1395 2095 1592 2139 Quantum
1613 2092 1665 2130 ad
1682 2091 1836 2130 tertiam
1857 2088 2146 2133 obedientiam,
2167 2085 2381 2124 subscribi-

1346 2159 1409 2194 tur
1433 2169 1442 2194 :
1467 2159 1510 2193 In
1539 2157 1728 2201 saeculum,
1755 2154 1798 2190 id
1824 2155 1880 2191 est
1904 2153 1945 2190 in
1967 2151 2168 2201 praesentis
2194 2148 2382 2197 temporis

1347 2220 1530 2268 spatium.
1552 2222 1631 2257 Hoc
1651 2230 1744 2267 ergo
1766 2218 1929 2264 saeculo,
1950 2216 2060 2265 quod
2080 2218 2136 2252 est
2154 2213 2382 2262 temporalis

1349 2282 1520 2329 duratio,
1541 2282 1783 2330 significatur
1803 2290 1984 2329 expresse
2004 2278 2232 2327 temporalis
2250 2287 2382 2325 perse-

1347 2345 1511 2383 veratio.
1532 2347 1576 2383 Et
1594 2345 1835 2390 notandum,
1862 2343 1973 2392 quod
1997 2352 2168 2392 praesens
2194 2339 2380 2378 saeculum

1348 2412 1404 2445 est
1435 2407 1655 2455 specialiter
1682 2408 1914 2457 deputatum
1944 2406 1995 2444 ad
2028 2405 2122 2451 tria,
2155 2403 2300 2441 scilicet
2328 2400 2380 2438 ad

1347 2471 1574 2516 recolenda,
1594 2470 1848 2518 postulanda,
1867 2467 2133 2517 praestolanda
2155 2466 2291 2503 divina
2311 2465 2379 2502 bc-

1348 2533 1501 2570 neficia.
1525 2533 1795 2570 Recolendum
1815 2535 1872 2569 est
1891 2534 2023 2568 autem
2042 2528 2291 2578 potissimum
2311 2527 2380 2564 bc-

1347 2595 1533 2633 neficium
1561 2594 1806 2641 effectivum3
1833 2592 2119 2642 postulandum
2143 2590 2380 2628 beneficium

1347 2658 1592 2705 refectivum3
1613 2656 1922 2706 praestolandum
1946 2653 2183 2692 beneficium
2201 2652 2381 2701 perfecti-

1349 2732 1456 2758 vum.
1477 2723 1527 2757 De
1546 2720 1676 2768 primo
1690 2721 1729 2756 ¹³:
1751 2733 1768 2754 «
1787 2718 2012 2756 Confitebor
2033 2716 2102 2753 tibi
2121 2716 2160 2753 in
2180 2715 2380 2759 saeculum,

1350 2784 1445 2832 quia
1463 2783 1584 2820 fecisti
1605 2795 1613 2820 :
1631 2796 1648 2815 ι)
1672 2793 1761 2819 ecce
1780 2780 2001 2818 recordatio
2020 2778 2219 2827 praesentis
2237 2777 2381 2821 saeculi,

1349 2849 1526 2894 respectu
1557 2845 1742 2883 beneficii
1774 2843 1954 2881 effectivi.
1991 2845 2040 2879 De
2069 2841 2243 2878 secundo
2275 2839 2382 2876 idem

1349 2908 1681 2957 psalmographus
1697 2907 1724 2929 ¹⁰
1740 2919 1748 2944 :
1767 2921 1785 2942 «
1806 2906 1992 2944 Dominus
2005 2904 2191 2942 retribuet
2204 2913 2277 2952 pro
2297 2912 2379 2938 me:

1350 2973 1533 3018 Domine,
1554 2971 1826 3009 misericordia
1852 2974 1919 3007 tua
1953 2969 1993 3005 in
2023 2967 2231 3012 saeculum3
2261 2975 2382 3012 opera

1350 3046 1542 3073 manuum
1562 3037 1719 3072 tuarum
1739 3043 1787 3070 ne
1808 3031 2002 3080 despicias
2025 3043 2032 3067 :
2055 3044 2071 3065 >³
2100 3040 2188 3067 ecce
2207 3027 2381 3076 postula-

1350 3099 1403 3136 tio
1423 3097 1622 3146 praesentis
1639 3096 1782 3139 saeculi,
1802 3097 1979 3143 respectu
1996 3092 2178 3130 beneficii
2196 3089 2381 3128 resectivi.

1351 3164 1402 3199 De
1428 3161 1540 3198 tertio
1561 3170 1723 3208 quoque
1739 3158 1945 3207 psallimus
1966 3158 1993 3180 ¹¹
2019 3169 2026 3192 :
2054 3169 2071 3189 «
2089 3155 2143 3191 Sit
2162 3152 2289 3201 gloria
2310 3154 2383 3188 Do-

1351 3224 1447 3260 mini
1468 3223 1509 3260 in
1534 3222 1742 3268 saeculum3
1771 3219 1964 3258 laetabitur
1986 3217 2172 3256 Dominus
2189 3216 2228 3252 in
2250 3215 2382 3262 operi--

1351 3287 1427 3324 bus
1454 3286 1535 3323 suis
1563 3298 1571 3322 :
1600 3298 1618 3320 »
1644 3295 1733 3322 ecce
1760 3282 1996 3331 praestolatio
2026 3278 2227 3329 praesentis
2252 3278 2382 3315 saeculi

1350 3351 1529 3396 respectu
1548 3345 1730 3384 beneficii
1750 3344 1964 3393 perfectivi.

1352 3441 1486 3481 vu,>‘22.
1505 3456 1545 3462 -
1563 3438 1577 3460 ⁷
1598 3436 1698 3472 ibid„
1721 3438 1772 3468 ¹6.
1791 3452 1833 3459 -
1852 3436 1862 3452 ⁸
1885 3434 1981 3474 thid„
2003 3435 2053 3465 25.
2071 3450 2110 3456 —
2129 3433 2142 3453 ⁹
2158 3431 2248 3464 Psal.
2268 3439 2313 3471 ι’,
2335 3433 2381 3462 tt.

1353 3506 1388 3512 -
1413 3488 1437 3508 ¹·
1453 3486 1546 3519 Psul.
1566 3491 1721 3524 cxxxvii,
1743 3485 1773 3516 8.
1793 3499 1834 3507 -
1857 3483 1878 3504 ¹¹
1896 3480 1987 3514 Psal.
2010 3488 2080 3521 cin,
2105 3481 2156 3513 31.

1394 3544 1437 3584 (α)
1460 3542 1541 3576 Coet.
1565 3540 1646 3573 edit.
1669 3539 1741 3572 sed.

2395 1094 2462 1129 Legi
2483 1093 2531 1120 tri-

2409 1135 2519 1170 pIIciter

2393 1177 2531 1204 obedien-

2359 1234 2367 1242 ·
2395 1220 2475 1247 (lum.

2439 2352 2502 2377 Vita
2550 2382 2554 2385 ι

2408 2400 2536 2427 presens

2414 2435 2450 2462 ad
2475 2435 2528 2461 tria

2401 2477 2536 2512 deputata
