2633 3878
870 226 922 268 ΙΝ
950 224 1326 268 HEXAEMERON.
1359 225 1535 267 SERMO
1567 226 1630 267 lx.
2268 234 2318 272 75

180 313 505 365 praegnantibus
528 314 572 354 in
597 314 663 355 his
694 314 864 366 diebus,
895 329 915 354 ))
942 315 1023 357 1100
1050 317 1134 367 051,
1161 317 1211 357 111

179 385 335 425 teneris
354 385 397 425 in
417 385 513 426 fide.
537 384 708 438 Oportet
728 397 855 437 ergo,
878 387 991 440 quod
1011 387 1114 428 fides
1135 387 1209 427 fir·

180 458 320 497 metur
355 468 429 510 per
459 456 639 497 verbum
676 455 945 509 inspiratum.
979 457 1211 510 Consurgit

179 530 321 569 autem
353 528 444 568 haec
474 526 652 567 firmitas
684 539 738 568 cx
770 530 969 581 quatuor,
1001 529 1124 582 quasi
1157 541 1209 570 ex

177 602 358 652 quatuor
398 598 602 639 lateribus
635 599 815 641 civitatis
837 615 844 640 ε
888 612 941 641 ex
979 601 1209 641 testifican-

176 671 284 711 tium
312 670 460 711 notitia
491 674 626 722 certa;
661 684 715 712 ex
747 672 1063 713 testificantium
1099 673 1210 715 fama

176 742 399 795 praeclara3
416 755 469 783 ex
489 743 806 785 testificantium
824 745 1046 785 concordia
1067 745 1206 798 plena,

174 817 216 855 et
242 827 296 856 ex
322 815 642 857 testificantium
673 817 880 858 sententia
904 818 1045 858 firma.
1079 817 1206 868 Quia,

174 886 208 927 si
229 887 283 928 sit
301 888 450 929 notitia
469 891 595 939 certa,
612 900 699 929 non
715 889 768 929 sit
786 891 930 929 autem
950 890 1063 929 fama
1080 889 1205 941 bona,

173 970 261 999 non
287 959 500 1000 credimus
529 960 631 1000 sibi:
669 960 740 1001 sed
775 960 945 1013 quando
977 961 1116 1001 bonus
1148 963 1210 1001 est

173 1029 324 1082 homo,
357 1031 491 1072 scitur
525 1032 640 1084 quod
674 1032 897 1073 veritatem
938 1032 1052 1073 dicit.
1084 1031 1134 1073 Et
1172 1032 1208 1073 si

174 1100 300 1142 habet
322 1105 480 1144 certam
505 1104 699 1144 notitiam
714 1136 726 1154 ,
759 1106 799 1144 et
830 1104 989 1145 famam
1022 1103 1180 1144 claram
1195 1135 1205 1153 ,

173 1173 245 1215 sed
279 1174 356 1214 sibi
389 1175 512 1216 multi
546 1175 863 1226 contradicunt,
900 1175 1039 1216 adhuc
1075 1177 1209 1228 potest

173 1256 261 1285 esse
282 1245 510 1297 dubitati03
534 1247 569 1286 si
589 1248 734 1287 autem
758 1246 852 1288 haec
870 1246 951 1287 tria
969 1247 1142 1297 habeat,
1168 1250 1208 1288 et

172 1316 382 1369 notitiam,
398 1320 439 1358 et
457 1319 631 1369 famam,
648 1320 689 1359 et
706 1318 989 1369 concordiam,
1006 1321 1046 1359 et
1065 1322 1207 1359 tamen

173 1399 260 1429 non
297 1388 424 1429 habet
463 1390 715 1430 sententiam
756 1390 951 1440 firmam,
993 1389 1206 1431 dubitatio

173 1472 262 1501 esse
280 1463 430 1513 potest.
454 1460 510 1502 De
528 1462 677 1502 notitia
701 1464 814 1502 certa
833 1462 984 1502 dicitur
1005 1460 1014 1481 ¹
1037 1477 1044 1502 :
1066 1477 1084 1499 (ι
1106 1462 1206 1503 Scio

171 1529 392 1572 hominem
411 1535 584 1585 raptum
610 1544 745 1584 usque
765 1532 818 1572 ad
836 1532 1010 1572 tertium
1031 1532 1203 1583 coelum,

171 1604 210 1641 et
236 1602 401 1643 audivit
432 1615 605 1654 arcana,
637 1617 656 1641 ))
679 1603 760 1644 1100
779 1606 865 1653 051,
900 1605 1014 1644 certa
1033 1603 1203 1655 notitia,

170 1685 246 1726 per
271 1687 494 1716 ascensum
522 1687 661 1728 usque
689 1675 740 1716 ad
766 1675 940 1716 tertium
961 1675 1116 1716 coelum
1132 1709 1141 1726 ‚
1166 1678 1207 1717 et

169 1745 325 1788 iterum
362 1760 437 1801 per
475 1747 726 1789 descensum
766 1759 902 1801 usque
940 1748 993 1789 ad
1029 1749 1206 1789 tertium

169 1819 345 1871 coelum,
372 1823 413 1861 et
441 1832 516 1873 per
538 1819 839 1861 illustrationes
858 1820 1056 1861 omnium
1076 1820 1203 1862 coelo-

168 1903 282 1932 rum.
305 1890 423 1932 Unde
441 1891 487 1931 in
506 1891 806 1934 Ecclesiastico
826 1891 981 1932 dicitur
1000 1892 1040 1931 ²:
1065 1907 1084 1931 <‹
1113 1892 1205 1945 Ego

168 1962 261 2013 feci,
276 1964 324 2003 ut
342 1962 527 2003 oriretur
542 1962 586 2002 in
601 1962 716 2003 coelis
729 1962 878 2004 lumen
894 1963 1159 2014 indeficiens,
1179 1979 1198 2001 ))

168 2033 208 2073 id
240 2037 321 2086 est,
352 2035 396 2075 in
427 2035 666 2076 coelestibus
689 2018 793 2076 v‘iris
825 2036 973 2076 iumen
1000 2036 1098 2077 fidei
1126 2037 1203 2076 fir-

169 2118 302 2146 mum.
327 2105 406 2147 Per
431 2106 586 2159 triplex
610 2107 764 2147 coelum
780 2139 790 2157 ,
822 2107 978 2160 triplex
1005 2107 1112 2148 visio
1134 2108 1201 2147 in-

167 2177 391 2230 telligitur,
415 2190 582 2231 nempe,
606 2178 905 2219 intellectualis
925 2191 1049 2231 pura,
1074 2179 1204 2219 intel-

166 2248 354 2290 lectualis
381 2249 581 2302 adjuncta
606 2262 704 2291 cum
735 2250 897 2291 visione
922 2250 1201 2303 imaginaria,

166 2323 207 2362 et
226 2321 517 2361 intellectualis
537 2334 635 2362 cum
655 2321 819 2363 visione
838 2322 1046 2375 corporali
1065 2322 1202 2362 mani-

165 2393 284 2434 festa.
317 2391 460 2433 Prima
484 2393 704 2434 invenitur
730 2393 775 2433 in
805 2393 1018 2433 mentibus
1037 2393 1200 2446 angeli-

168 2463 251 2504 cis:
275 2464 482 2515 secunda,
506 2464 552 2504 in
573 2464 790 2505 mentibus
809 2464 1088 2517 propheticis:
1112 2466 1203 2504 ter-

168 2534 239 2584 tia,
254 2534 298 2574 in
314 2535 528 2576 mentibus
544 2535 798 2588 apostolicis.
811 2534 975 2575 Harum
988 2535 1202 2576 visionum

168 2616 399 2646 concursus
416 2608 478 2647 est
499 2605 705 2646 certitudo
724 2605 973 2659 Scripturae.

220 2677 334 2719 Visio
360 2677 654 2719 intellectualis
680 2690 789 2731 pura
814 2678 859 2718 in
886 2678 1101 2719 mentibus
1121 2691 1202 2719 an-

169 2749 314 2803 gelicis
341 2753 402 2792 est
432 2750 474 2791 in
505 2749 780 2803 Legislatore.
811 2767 830 2790 «
851 2750 937 2793 Lex
957 2751 1073 2792 enim
1090 2755 1103 2776 ³
1129 2764 1203 2804 per

168 2821 343 2874 angelos
372 2822 564 2863 ordinata
592 2825 666 2864 est.
698 2837 717 2860 1)
759 2822 915 2875 Angeli
949 2835 1044 2864 eam
1075 2822 1200 2864 dede-

167 2896 290 2944 runt3
330 2894 471 2947 angeli
504 2907 598 2935 eam
632 2894 916 2948 scripserunt,
947 2894 1022 2947 qui
1048 2907 1202 2947 puram

168 2965 389 3006 veritatem
413 2965 611 3007 videbant
630 2965 672 3005 in
693 2965 787 3006 luce
808 2968 982 3006 aeterna.
1006 2965 1067 3006 Ad
1091 2966 1203 3007 hanc

168 3036 376 3077 visionem
394 3036 472 3077 fuit
484 3036 649 3090 Moyses
665 3036 913 3077 sublevatus
928 3036 1042 3076 ultra
1054 3048 1203 3078 omnes

168 3106 414 3160 prophetaS,
436 3107 536 3159 quia
560 3107 764 3160 scriptum
788 3110 850 3147 est
877 3107 890 3127 ¹
913 3121 921 3147 :
952 3122 971 3145 (ε
1000 3106 1045 3148 Si
1074 3108 1204 3149 fuerit

169 3177 278 3218 inter
301 3189 373 3219 vos
396 3178 598 3231 propheta
619 3178 803 3229 Domini,
827 3178 870 3218 in
888 3177 1051 3219 visione
1071 3190 1200 3232 appa-

169 3249 271 3290 rebo
291 3249 350 3300 ei,
372 3249 441 3291 vel
468 3261 544 3303 per
570 3250 786 3291 somnium
812 3249 963 3302 loquar
981 3250 1033 3290 ad
1054 3250 1198 3291 illum:

170 3325 213 3360 at
229 3332 315 3362 non
335 3321 429 3362 talis
452 3333 602 3363 servus
623 3333 748 3363 meus
765 3321 952 3374 Moyses;
976 3321 1116 3375 palam
1129 3354 1139 3372 ‚
1161 3325 1204 3364 et

217 3404 222 3423 ¹
247 3404 271 3435 ll
295 3403 384 3443 Con,
406 3412 468 3446 xli,
489 3407 520 3437 2.
541 3423 580 3429 —
598 3406 612 3427 ²
632 3406 753 3441 Ecclz'.,
776 3412 870 3443 xxw,
891 3406 920 3437 6.
945 3422 980 3428 -
1002 3404 1014 3424 ³
1035 3404 1127 3444 Gal„
1148 3412 1203 3446 111,

174 3452 222 3484 19.
250 3468 291 3476 -
322 3451 336 3474 ⁸
363 3452 478 3492 Num„
508 3459 579 3492 xil,
610 3454 675 3485 6-8.
701 3470 741 3476 —-
771 3453 785 3475 ⁸
810 3451 935 3486 Exod„
963 3459 1058 3493 XXIV,
1090 3454 1139 3485 18.
1162 3471 1204 3477 —

173 3499 186 3517 ⁸
201 3499 319 3537 Exod„
340 3507 394 3539 111,
415 3502 443 3532 2>
461 3518 501 3524 -
518 3501 528 3519 ⁷
545 3501 708 3542 Ac!.,v11‚
730 3503 782 3534 30.
797 3518 837 3524 —
853 3501 1029 3537 ⁸11Petr.,
1050 3507 1074 3540 1,
1097 3502 1201 3533 19-21.

174 3562 213 3570 —
230 3546 245 3570 ⁹
264 3547 398 3588 lloan„
415 3555 441 3589 1,
464 3549 491 3580 1.
512 3564 553 3573 —
574 3549 600 3572 ¹⁰
616 3549 724 3588 Joan„
742 3556 801 3590 xx,
822 3549 874 3581 29.
895 3563 935 3572 ——
952 3547 976 3570 ¹¹
996 3547 1106 3587 ,Ιοαηυ
1128 3555 1201 3588 xm,

1283 327 1369 357 non
1396 327 1472 368 per
1499 316 1736 368 aenigmata
1755 322 1796 359 et
1816 320 2002 372 figuras,
2025 321 2157 362 Deum
2179 321 2315 374 videt,

1283 389 1324 428 et
1342 399 1415 428 ore
1435 387 1487 428 ad
1501 399 1548 428 os
1563 388 1714 441 loquar
1728 390 1814 430 ei.»
1838 391 1886 432 Et
1903 392 1947 433 in
1963 393 1994 432 si
2002 405 2140 445 gnum
2161 394 2291 447 hujtis
2303 399 2317 419 ⁵

1290 474 1309 498 (1
1334 460 1548 513 jeJunavit
1576 461 1863 514 quadraginta
1888 463 2035 504 diebus
2067 468 2107 506 et
2133 466 2315 519 quadra-

1284 530 1406 582 ginta
1426 531 1634 572 noctibus.
1664 545 1683 569 ))
1708 532 1787 582 Qui
1815 533 1943 573 ctiam
1969 535 2077 576 vidit
2096 538 2315 590 angelum,

1283 602 1356 654 qui
1376 602 1389 623 ⁰
1409 601 1451 642 in
1472 602 1580 642 rubo
1601 603 1797 656 apparuit
1820 604 1872 644 01.
1903 604 1953 644 Et
1976 607 2148 658 exponit
2170 608 2318 649 beatus·

1284 669 1524 723 Stephanus
1543 671 1573 720 ⁷,
1593 672 1694 724 quia
1713 684 1801 712 non
1818 673 1897 714 fuit
1915 673 1973 713 ibi
1994 674 2211 725 Dominus,
2235 677 2317 717 nisi

1283 753 1359 795 per
1384 743 1618 795 subJectam
1642 746 1904 794 creaturam,
1930 746 2002 786 sed
2028 746 2203 799 anqelus
2224 748 2315 788 suit.

1337 813 1533 855 Secunda
1562 815 1767 856 certitudo
1796 816 1876 856 suit
1905 816 1948 856 in
1972 817 2186 857 mentibus
2217 831 2316 871 pro-

1282 886 1461 938 pheticis
1481 886 1520 928 ⁸:
1549 902 1568 925 «
1595 886 1804 928 Habentes
1836 888 2069 929 firmiorem
2099 890 2317 943 propheti-

1282 970 1381 998 cum
1400 970 1662 1009 sermonem,
1685 959 1754 999 cui
1774 960 2017 1001 benefacitis
2038 960 2316 1013 attendentes,

1282 1030 1402 1082 quasi
1439 1029 1623 1071 lucernae
1656 1030 1813 1071 lucenti
1852 1031 1897 1072 in
1935 1031 2167 1085 caliginoso
2201 1033 2317 1084 loco,

1282 1099 1414 1141 donec
1443 1102 1530 1142 dies
1558 1101 1792 1154 illucescat,
1825 1105 1866 1144 et
1898 1103 2048 1144 lucifer
2074 1104 2239 1145 oriatur
2272 1105 2318 1145 in

1282 1172 1480 1213 cordibus
1502 1174 1681 1215 vestris:
1703 1174 1783 1215 1100
1802 1175 1992 1228 primum
2013 1176 2315 1229 intelligentes,

1282 1244 1395 1296 quod
1426 1244 1566 1285 omnis
1611 1246 1833 1299 prophetia
1871 1246 2104 1301 Scripturae
2148 1248 2320 1301 propria

1282 1315 1627 1369 interpretatione
1652 1329 1738 1358 non
1759 1318 1821 1358 fit.
1845 1317 1940 1359 Non
1963 1319 2078 1359 enim
2100 1319 2319 1361 voluntate

1282 1387 1474 1428 humana
1494 1388 1617 1428 allata
1637 1391 1700 1429 est
1723 1389 1950 1442 aliquando
1978 1390 2222 1443 prophetia;
2246 1392 2317 1432 sed

1282 1459 1446 1511 Spiritu
1479 1462 1624 1500 sancto
1657 1460 1870 1513 inspirati,
1902 1461 2031 1502 locuti
2061 1465 2161 1502 sunt
2185 1464 2317 1504 sancti

1281 1531 1354 1572 Dei
1381 1531 1592 1573 homines.
1616 1546 1635 1569 ))
1661 1531 1851 1574 Visiones
1875 1534 1988 1574 enim
2012 1534 2317 1587 prophetarum

1280 1605 1454 1645 fuerunt
1472 1605 1766 1657 imaginariae,
1793 1608 1841 1646 111
1862 1604 2000 1658 Isaiae,
2023 1606 2183 1647 Daniel.

1297 1663 1300 1665 ⁵
1335 1674 1476 1716 Tertia
1489 1678 1554 1717 est
1570 1677 1776 1718 certitudo
1793 1690 1847 1718 ex
1864 1677 2028 1719 visione
2045 1678 2318 1720 intellectuali

1274 1748 1426 1801 ¹juncta
1447 1760 1547 1789 cum
1564 1749 1787 1802 corporali.
1816 1749 1915 1790 Haec
1934 1749 2012 1790 fuit
2031 1749 2078 1790 in
2104 1751 2317 1793 mentibus

1280 1819 1539 1871 apostolicis,
1560 1820 1723 1861 dicente
1741 1820 1900 1862 Joanne
1918 1821 1932 1843 ⁹
1950 1836 1958 1863 :
1990 1837 2010 1861 «
2028 1821 2146 1872 Quod
2166 1823 2243 1864 fuit
2263 1823 2316 1864 ab

1280 1890 1420 1943 initio,
1444 1891 1556 1944 quod
1577 1892 1783 1944 vidimus,
1810 1895 1851 1934 et
1870 1905 2023 1934 manus
2040 1896 2195 1935 nostrae
2215 1907 2315 1936 con-

1280 1964 1568 2004 trectaverunt
1601 1963 1651 2004 de
1681 1963 1819 2005 Verbo
1850 1964 1974 2016 vitae,
2011 1967 2052 2006 et
2083 1978 2169 2007 non
2204 1966 2318 2008 aliud

1280 2047 1409 2088 quam
1441 2035 1554 2088 quod
1586 2035 1774 2076 vidimus
1797 2036 1866 2089 (a),
1904 2037 2212 2079 annuntiamus
2239 2051 2315 2080 vo-

1279 2107 1383 2147 1115.»
1404 2106 1521 2148 Unde
1540 2106 1724 2148 Thomas
1743 2111 1922 2161 tangere
1942 2109 2078 2150 voluit
2099 2112 2127 2138 1⁰
2144 2124 2152 2150 ε
2175 2125 2194 2149 (ι
2210 2110 2318 2160 Quia

1281 2178 1421 2219 vidisti
1440 2190 1529 2229 me,
1561 2178 1745 2229 Thoma,
1768 2180 1977 2222 credidisti
1997 2195 2005 2222 ι
2029 2196 2049 2218 ))
2077 2183 2117 2221 01
2144 2181 2242 2222 011111
2264 2183 2313 2223 ¹¹:

1281 2265 1301 2289 «
1325 2250 1405 2300 Qui
1431 2250 1552 2302 vidit,
1577 2251 1870 2293 testimonium
1896 2252 2126 2306 perhibuit.
2155 2270 2171 2288 α
2197 2253 2246 2294 Et
2273 2254 2317 2295 in

1279 2322 1454 2365 Actibus
1476 2323 1502 2344 ¹²
1522 2337 1530 2363 :
1560 2338 1579 2361 «
1601 2322 1806 2377 Praecepit
1827 2324 1951 2365 nobis
1967 2325 2198 2366 testificari,
2218 2340 2237 2363 ))
2267 2326 2317 2367 Ε1

1278 2395 1401 2436 beata
1428 2395 1562 2448 Virgo
1589 2396 1742 2447 Maria,
1770 2397 1933 2438 doctrix
1964 2397 2255 2450 apostolorum
2275 2402 2315 2439 et

1279 2468 1654 2520 evangelistarum,
1674 2469 1948 2510 contrectavit
1969 2470 2050 2511 hoc
2067 2469 2256 2511 Verbum
2271 2471 2314 2510 in

1280 2542 1401 2579 utero
1422 2539 1522 2579 etin
1539 2539 1651 2579 sinu.
1681 2539 1756 2580 Hae
1781 2542 1867 2580 tres
1889 2540 2090 2590 visiones,
2113 2541 2201 2582 sive
2222 2553 2314 2582 cer-

1279 2609 1480 2650 titudines
1505 2613 1828 2660 concurrentes,
1859 2610 2089 2663 angelicae,
2127 2610 2314 2664 prophe-

1278 2682 1393 2733 ticae,
1417 2681 1678 2735 apostolicae,
1702 2682 1802 2723 dant
1829 2682 2126 2723 certitudinem
2156 2682 2254 2723 fidei
2274 2684 2314 2722 01

1280 2753 1515 2806 scripturae.
1533 2752 1629 2798 ilas
1651 2756 1736 2794 tres
1761 2753 1919 2795 Paulus
1947 2754 2114 2805 habuit,
2143 2754 2313 2808 quando

1281 2826 1495 2866 Christum
1516 2826 1790 2879 corporaliter
1809 2826 1915 2867 vidit
1936 2827 1990 2866 ¹³:
2019 2841 2038 2864 «
2058 2825 2309 2875 Novissime,

1280 2898 1434 2952 inquit,
1453 2901 1658 2951 tanquam
1677 2898 1869 2939 abortivo
1884 2898 2000 2938 visus
2019 2900 2081 2938 est
2100 2901 2140 2938 et
2156 2897 2306 2938 mihi.»

1280 2969 1361 3019 Qui
1382 2969 1509 3011 etiam
1530 2970 1580 3010 ad
1596 2982 1840 3023 supremam
1862 2970 2069 3011 visionem
2089 2970 2170 3010 fuit
2187 2969 2313 3010 subli-

1282 3043 1435 3088 matus,
1458 3041 1627 3082 tandem
1646 3041 1697 3082 ad
1716 3041 2057 3083 intellectualem.
2076 3040 2187 3082 Bene
2209 3052 2311 3092 ergo

1279 3113 1440 3155 dictum
1461 3114 1523 3153 est
1539 3112 1589 3153 ¹⁴:
1619 3127 1638 3151 «
1659 3111 1749 3165 Ego
1768 3112 1846 3153 feci
1866 3113 1909 3153 in
1921 3112 2050 3162 coelis,
2071 3111 2314 3153 utoriretur

1279 3185 1425 3226 lumen
1446 3184 1707 3226 indeficiens.
1729 3199 1748 3222 1)

1334 3254 1527 3296 Secunda
1541 3254 1720 3295 firmitas
1733 3256 1859 3295 estex
1871 3252 2188 3294 testificantium
2202 3252 2316 3294 sama

1279 3326 1497 3380 praeclara.
1528 3326 1629 3367 Ilaec
1655 3325 1700 3366 in
1726 3326 1862 3366 tribus
1888 3324 2104 3366 consistit:
2133 3323 2177 3364 in
2203 3336 2313 3378 prae-

1281 3407 1332 3438 35.
1351 3422 1394 3430 —-
1415 3404 1439 3426 '²
1456 3405 1544 3445 Act„
1565 3412 1605 3445 x,
1626 3405 1677 3437 42.
1697 3420 1733 3426 —-
1759 3403 1782 3425 ¹³
1802 3403 1813 3434 1
1835 3402 1926 3443 Cor.,
1951 3410 2006 3444 xv,
2033 3403 2066 3436 8.
2084 3420 2125 3426 —
2147 3402 2175 3425 ⁴⁸
2194 3402 2313 3439 Eccli„

1281 3455 1488 3548 ”gaillia-dy.
1523 3508 1556 3538 et
1584 3505 1652 3538 vita
1683 3503 1899 3537 manifestata
1927 3505 1992 3544 cst,
2022 3505 2056 3536 et
2093 3503 2252 3544 vidimus,
2281 3504 2316 3535 et

1280 3555 1454 3588 testamur.
