2633 3878
302 285 376 323 396

622 413 809 464 Articulus
833 417 994 459 quartus.

346 498 387 532 In
427 497 627 532 testimon-ia
661 499 736 531 tua.
776 495 841 532 llic
879 498 1034 534 notatur
1071 496 1322 534 affectionum

299 557 571 605 despectarum
591 558 793 603 correctio,
820 569 907 605 quse
926 558 968 594 fit
983 568 1053 604 per
1072 560 1177 594 recta
1210 558 1324 596 affec-

298 621 450 656 tionum
470 618 638 665 objecta,
659 630 747 666 quae
780 619 970 655 docentur
996 630 1065 666 per
1103 620 1324 658 testimonia

300 683 363 718 Dei
383 684 528 718 saneta.
551 684 591 718 Et
606 685 711 726 nota,
733 681 843 728 quod
862 681 942 718 haec
968 682 1201 729 testimonia,
1232 694 1323 720 cum

299 744 373 780 sint
409 743 659 780 :illectionum
697 742 927 779 animalium
967 745 1199 790 correctiva,
1237 748 1325 782 sunt

300 805 538 852 accipienda,
565 804 763 851 habenda,
797 805 1055 852 perhibenda.
1078 807 1325 854 Accipiuntur

301 873 430 904 autem
444 867 744 913 consentiend03
761 868 954 905 habentur
966 869 1127 906 firmiter
1140 870 1323 915 tenendo;

300 930 556 977 perhibentur
583 929 822 966 confitendo.
861 932 910 967 De
942 931 1070 978 primo
1094 936 1103 958 ¹
1140 944 1147 967 ;
1172 945 1191 966 <‹
1211 932 1326 976 Quod

303 992 445 1028 scimus
465 991 682 1039 loquimur,
715 994 753 1028 et
771 992 881 1039 quod
917 992 1089 1029 vidimus
1124 996 1326 1040 testamur,

303 1057 339 1090 et
360 1054 623 1089 testimonium
641 1057 817 1090 nostrum
836 1064 917 1090 non
937 1054 1124 1102 accipitis,
1146 1069 1163 1089 >›
1185 1055 1329 1093 scilicet

303 1115 582 1152 consentiendo
602 1115 730 1152 nobis.
747 1117 796 1151 De
819 1115 992 1152 secundo
1013 1116 1028 1138 2
1046 1128 1054 1151 :
1081 1130 1098 1150 «
1117 1117 1188 1161 Qui
1206 1117 1331 1154 credit

303 1178 342 1214 in
363 1178 500 1213 Filium
521 1178 599 1223 Dei,
614 1178 732 1214 habet
745 1178 1015 1214 restimonium
1032 1178 1096 1214 Dei
1111 1178 1150 1215 in
1169 1189 1224 1225 se,
1237 1192 1254 1213 »
1270 1179 1327 1216 vi-

303 1241 441 1277 delicet
460 1252 528 1287 per
548 1241 705 1276 firmam
724 1240 817 1277 fidei
838 1240 1063 1277 tentionem.
1084 1242 1134 1277 De
1148 1242 1258 1278 tert10
1281 1244 1293 1263 ³
1318 1255 1326 1279 ;

306 1317 321 1336 u
341 1304 410 1338 x'os
434 1303 482 1338 de
496 1313 558 1338 me
580 1301 844 1338 testimonium
861 1302 1130 1349 perhibebitis,
1149 1317 1166 1338 »
1186 1304 1331 1341 scilicet

303 1364 542 1409 confitendo,
569 1364 689 1411 «quia
705 1364 750 1410 (a)
771 1363 822 1400 ab
843 1364 951 1400 initio
972 1375 1127 1401 mecum
1147 1365 1278 1402 estis.»

731 1472 904 1513 Epilogus,

354 1555 413 1591 Ait
447 1564 540 1600 ergo
577 1553 906 1601 psalmographus
942 1554 982 1590 in
1015 1564 1184 1602 persona
1212 1554 1330 1600 illius,

308 1627 426 1664 quem
446 1627 533 1663 spes
549 1619 681 1653 movet
699 1616 750 1652 ad
770 1616 1023 1662 corrigendos
1055 1616 1215 1653 affectus
1237 1629 1246 1653 ε
1269 1618 1333 1653 Co-

307 1683 422 1726 quum·
444 1692 451 1716 :
474 1680 514 1716 in
533 1691 612 1727 quo
635 1679 836 1726 inspectio,
873 1691 960 1726 quae
977 1681 1144 1727 pertinet
1169 1680 1220 1716 ad
1240 1691 1333 1717 con-

308 1742 475 1778 scientise
509 1742 846 1787 redargutionem3
878 1742 967 1778 Vz‘as
988 1752 1080 1777 meas
1104 1754 1112 1778 :
1135 1742 1174 1778 in
1189 1742 1334 1790 quibus

309 1804 481 1849 infectio,
513 1815 599 1851 quae
619 1804 751 1840 attinet
782 1803 834 1839 ad
866 1804 1187 1850 eoncupiscentiae
1206 1805 1336 1851 pollu-

310 1866 475 1912 t10nem3
497 1867 541 1901 Et
564 1869 720 1902 converti
736 1866 844 1913 pedes
863 1877 952 1903 meos
977 1878 984 1902 :
1007 1866 1046 1902 in
1066 1868 1157 1914 {quo
1177 1866 1335 1914 despec-

311 1928 375 1973 tio,
398 1938 484 1974 quse
504 1932 650 1975 spectat
674 1928 725 1964 ad
753 1928 987 1975 poenitentiae
1012 1928 1276 1975 ablutionem;
1295 1930 1335 1964 In

311 1993 512 2026 testimonia
538 1994 599 2026 tua
623 1991 687 2026 :in
707 1991 853 2037 quibus
879 1991 1082 2037 eorrectio,
1111 2002 1197 2038 quse
1217 1992 1336 2038 respi-

311 2053 359 2090 cit
379 2053 429 2089 ad
441 2053 593 2100 justitiae
614 2053 908 2091 restitutionem.

672 2202 890 2229 VERSICULUS
915 2202 981 2230 ΧΠ.

362 2309 418 2343 60.
432 2308 582 2343 Paratus
592 2317 683 2353 sum,
699 2310 770 2344 etc.
781 2307 936 2353 Legistis
946 2317 1056 2353 spem
1066 2306 1339 2354 purificantem

315 2369 519 2414 affectum3
540 2369 677 2415 legatis
704 2370 882 2406 eamdem
907 2368 1195 2416 plurificantem
1227 2368 1340 2404 effec-

315 2437 414 2476 tum3
437 2431 534 2467 sicut
549 2431 728 2468 videmus
748 2432 799 2468 ad
819 2431 994 2476 oculum,
1015 2431 1067 2467 ad
1087 2430 1169 2478 spei
1185 2433 1338 2475 nutum,

314 2496 618 2543 progrediuntur
649 2495 688 2529 in
719 2493 925 2541 publicum
942 2492 1113 2540 plurium
1144 2495 1250 2528 actus
1285 2491 1342 2528 vi-

315 2559 430 2603 rium,
452 2557 635 2594 videlicet
649 2556 978 2603 concupiscibiliS,
992 2555 1212 2600 irascibilis,
1228 2554 1344 2591 ratio-

316 2621 471 2666 nabilis,
494 2623 529 2656 et
563 2618 764 2655 exterioris
802 2617 1025 2653 sensibilis:
1050 2616 1242 2664 quoniam
1278 2616 1342 2653 hic

317 2682 476 2730 appetit,
495 2682 557 2717 hic
576 2680 795 2728 applaudit,
807 2679 871 2715 hic
882 2678 1061 2724 consulit,
1076 2678 1139 2714 bic
1154 2678 1340 2715 obaudit:

318 2745 426 2791 quod
449 2744 488 2780 in
519 2744 580 2779 bis
611 2742 714 2779 binis
746 2752 881 2778 versus
900 2741 1017 2787 hujus
1036 2740 1237 2788 particulis
1256 2740 1343 2776 luce

319 2806 460 2842 clarius
486 2805 680 2842 elucescit.

650 2910 838 2944 Articulas
863 2909 1013 2953 primus.

369 2991 690 3039 concupiscibilis
710 2995 837 3027 actum
867 2990 1019 3038 aperuit
1036 2988 1241 3036 Propheta,
1256 2999 1346 3025 cum

323 3056 401 3092 ait:
425 3057 576 3091 Paratus
600 3065 699 3090 sum.-
720 3054 789 3089 ubi
820 3055 1047 3100 promptum
1074 3052 1244 3088 insinuat
1278 3061 1346 3098 ap-

325 3118 498 3165 petitum¹
518 3119 559 3153 Et
577 3119 670 3152 nota
684 3114 793 3162 quod
814 3114 1128 3160 concupiscibilis
1154 3113 1347 3160 appetitus

326 3180 442 3216 debet
458 3189 538 3216 esse
558 3180 777 3226 promptus,
810 3179 846 3213 et
875 3179 1034 3223 paratus
1072 3175 1124 3211 ad
1152 3175 1348 3211 abstinen-

326 3241 436 3287 dum,
458 3241 509 3277 ad
530 3238 825 3282 continendum,
845 3248 926 3274 non
948 3236 999 3273 ad
1019 3238 1147 3273 actum
1172 3236 1349 3272 illicitum

326 3303 595 3339 sustinendum
627 3314 635 3337 :
659 3311 830 3348 quorum
860 3300 1030 3347 primum
1069 3297 1347 3344 monasticum3

328 3364 544 3400 secundum
572 3363 809 3408 angelicum3
839 3361 992 3398 tertium
1021 3359 1276 3396 diabolicum.
1302 3361 1349 3396 De

328 3426 454 3472 primo
490 3425 582 3462 dicit
608 3424 796 3462 Dominus
827 3423 947 3470 Moysi
974 3423 987 3444 ⁴
1010 3434 1017 3457 :
1056 3424 1175 3459 «Esto
1193 3423 1351 3468 paratus

373 3509 584 3547 ¹J0an.,111,
611 3510 657 3539 ll.
679 3524 720 3531 —
749 3509 760 3526 ⁹
785 3508 792 3537 Ι
814 3507 923 3545 Jocm.y
949 3508 1114 3546 V,10.-—
1138 3506 1149 3523 ⁹
1168 3505 1275 3540 loun„
1296 3512 1351 3543 xv,

330 3558 380 3587 27.
403 3574 437 3578 —
459 3556 468 3573 ⁴
491 3555 609 3595 fiatad„
632 3563 748 3593 xxxiv,
771 3557 808 3593 2,
829 3556 879 3585 28.
904 3571 942 3576 —
966 3553 980 3576 ⁵
998 3552 1120 3586 Exod„
1140 3559 1217 3591 x1x,
1242 3554 1292 3583 15.
1313 3568 1352 3574 -

995 281 1263 324 EXPOSlTlo
1294 283 1345 326 ΙΝ
1375 285 1727 329 PSALTERIUM.

1396 385 1526 423 mane,
1548 379 1591 413 ut
1610 379 1798 416 ascendas
1811 379 1850 415 in
1864 381 2039 418 montem
2059 380 2159 418 Sinai
2170 394 2181 428 ;
2200 395 2217 416 ι»
2241 387 2277 420 et
2295 384 2418 423 infra:

1401 450 1418 471 «
1437 438 1522 475 Fuit
1536 439 1591 476 ibi
1605 450 1695 476 cum
1712 441 1877 478 Domino
1889 443 2040 490 Moyses
2052 443 2312 491 quadraginta
2323 446 2417 494 dies,

1398 503 1434 536 et
1454 501 1713 548 quadraginta
1727 506 1874 548 noctes,
1897 506 2084 552 etpanem
2095 516 2175 542 non
2190 507 2372 553 comedit,
2385 512 2423 546 et

1398 573 1544 608 aquam
1552 574 1632 599 non
1650 564 1771 601 bibit:
1785 578 1801 599 »
1818 576 1904 602 eece
1920 567 2112 614 appetitus
2124 570 2358 615 temperatus
2371 570 2423 606 ad

1398 625 1675 662 abstinendum
1694 629 1866 674 paratus
1895 631 1945 665 De
1965 629 2139 666 secundo
2161 630 2257 666 dixit
2276 633 2424 679 Moyses

1398 688 1548 735 populo
1568 689 1580 710 ⁵
1603 699 1612 723 τ
1637 701 1654 722 «
1674 690 1799 725 Estote
1835 691 1960 737 parati
1998 691 2038 727 in
2059 692 2165 728 diem
2184 693 2350 734 tertium,
2372 704 2421 730 ne

1400 749 1722 797 appropinquetis
1753 751 1943 788 uxoribus
1961 753 2132 789 vestris»
2157 766 2165 790 ε
2189 765 2278 791 ecce
2305 765 2424 803 appe-

1399 811 1488 846 titus
1505 811 1697 849 moderati
1713 813 1764 849 ad
1793 813 2074 851 continendum
2091 816 2230 862 parati.
2262 818 2312 853 De
2345 818 2424 853 ter-

1400 872 1453 909 tio
1474 874 1487 894 ⁶
1510 885 1518 909 :
1544 886 1562 907 «
1582 875 1816 912 Maledicunt
1833 875 1925 922 diei,
1948 876 2017 923 qui
2036 877 2161 923 parati
2193 880 2282 914 sunt
2308 878 2427 915 susci-

1400 937 1481 971 tare
1500 935 1708 973 Leviathan
1717 950 1727 984 3
1749 951 1766 970 ι)
1790 938 1902 984 quasi
1918 938 2019 974 dicat
2040 952 2049 975 :
2067 939 2352 977 Odiuntlucem
2372 943 2426 979 te-

1401 997 1615 1034 nebrarum
1635 998 1719 1044 filii,
1740 999 1810 1046 qui
1839 999 2022 1036 suscitare
2049 1001 2249 1037 stimulum
2279 1003 2427 1039 Satanae

1403 1061 1492 1095 sunt
1526 1060 1652 1106 parati
1685 1073 1694 1096 ε
1735 1071 1823 1097 ecce
1862 1062 2054 1109 appetitus
2095 1063 2340 1111 intemperati
2378 1065 2430 1102 ad

1403 1120 1674 1158 sustinendum
1706 1126 1742 1159 et
1778 1123 2046 1161 suscitandum
2084 1124 2328 1162 diabolicum
2367 1137 2430 1164 ac-

1404 1185 1488 1219 tum
1505 1183 1645 1230 parati.

1723 1278 1812 1314 Arci
1815 1280 1913 1315 culus
1933 1280 2117 1317 secundus.

1451 1371 1657 1408 Irascibilis
1694 1374 1824 1409 actum
1861 1373 2054 1421 exposuit,
2089 1385 2180 1411 cum
2223 1375 2403 1422 adJunxit
2421 1388 2429 1413 :

1408 1435 1455 1470 Et
1474 1445 1544 1470 non
1558 1444 1634 1470 sum
1653 1435 1816 1471 turbatus
1837 1447 1848 1470 .·
1869 1435 1938 1471 ubi
1968 1438 2124 1473 notatur
2143 1437 2261 1474 animi
2277 1448 2358 1475 non
2377 1438 2435 1475 in-

1407 1495 1598 1542 dignatio,
1627 1496 1697 1532 sed
1717 1497 1944 1545 applausus.
1978 1500 2021 1534 Et
2037 1501 2144 1543 nota,
2166 1499 2276 1546 quod
2300 1499 2434 1536 irasci-

1406 1558 1496 1595 bilis
1516 1559 1671 1595 animus
1689 1570 1771 1596 non
1790 1560 1908 1597 debet
1927 1571 2008 1597 esse
2037 1561 2213 1598 turbatus
2237 1561 2339 1598 circa
2368 1562 2434 1599 Dei

1405 1622 1635 1668 potentiam,
1657 1625 1724 1659 aut
1747 1623 1849 1659 eirca
1869 1623 1934 1659 Dei
1955 1623 2202 1671 sapientiam,
2232 1624 2301 1660 sed
2332 1625 2435 1662 circa

1407 1684 1473 1720 Dei
1489 1684 1688 1731 justitiam.
1713 1685 1926 1722 Potentiam
1946 1685 2050 1732 dico,
2080 1696 2151 1733 per
2180 1696 2303 1734 quam
2332 1697 2436 1723 mor-

1408 1748 1495 1783 tuos
1514 1746 1704 1793 vivificat3
1723 1747 1953 1794 sapientiam
1974 1747 2075 1793 dico,
2097 1758 2167 1795 per
2187 1759 2306 1795 quam
2322 1748 2435 1795 igno-

1408 1812 1538 1846 rantes
1557 1808 1752 1845 illuminat
1760 1821 1770 1855 3
1786 1809 1975 1855 justitiam
1995 1809 2099 1855 dico,
2119 1820 2190 1857 per
2221 1820 2342 1857 quam
2375 1809 2435 1846 in-

1405 1871 1531 1917 justos
1583 1871 1831 1908 condemnat.
1879 1873 1930 1907 De
1982 1871 2128 1918 primo,
2161 1871 2228 1908 ubi
2269 1872 2437 1908 Christus

1410 1933 1575 1980 diruptis
1592 1933 1760 1969 vinculis
1775 1933 1909 1970 mortis
1930 1933 2026 1970 dixit
2040 1934 2310 1971 dubitantibus
2325 1935 2438 1972 disci-

1409 1995 1513 2043 pulis
1529 1997 1542 2018 ⁷
1556 2007 1589 2031 :a
1604 1995 1705 2040 Quid
1721 1995 1864 2032 turbati
1878 1995 1979 2041 estis,
1994 1995 2291 2041 etcogitationes
2306 2007 2439 2034 ascen-

1411 2058 1509 2094 dunt
1522 2057 1562 2093 in
1573 2057 1694 2094 corda
1708 2059 1860 2093 vestra?
1878 2057 1990 2104 quasi
2003 2057 2106 2094 dicat
2122 2071 2139 2092 n
2160 2069 2168 2094 :
2186 2060 2270 2094 Non
2290 2059 2439 2096 debetis
2461 2096 2465 2101 ,

1410 2119 1557 2156 turbati
1587 2130 1683 2165 esse,
1705 2119 1798 2167 quia
1818 2122 1956 2166 potens
1987 2130 2076 2155 sum
2111 2120 2269 2156 vincula
2303 2120 2440 2157 mortis

1412 2181 1668 2228 disrumpere.
1686 2183 1736 2217 De
1757 2181 1931 2217 secundo
1951 2182 1964 2203 8
1985 2193 1993 2217 ε
2021 2184 2132 2228 «Ego
2152 2192 2234 2218 non
2253 2193 2341 2219 sum
2359 2186 2440 2219 tur-

1411 2243 1536 2284 batus
1559 2245 1594 2278 te
1614 2243 1812 2289 pastorem
1826 2251 2018 2288 sequens3
2037 2255 2055 2276 »
2077 2242 2189 2288 quasi
2206 2241 2334 2278 dicat:
2356 2244 2439 2279 Non

1413 2315 1500 2341 sum
1528 2304 1706 2340 turbatus
1744 2303 1793 2339 de
1830 2305 1897 2339 tua
1934 2302 2093 2339 sublimi
2125 2303 2328 2350 sapientia,
2361 2314 2440 2351 qua

1412 2367 1538 2415 pascis
1557 2367 1794 2414 simplicium
1827 2366 1960 2403 corda.
1986 2368 2036 2402 De
2061 2366 2173 2402 tertio
2189 2368 2203 2389 ⁹
2226 2379 2234 2402 :
2257 2378 2274 2401 ι(
2294 2369 2322 2402 Α
2341 2366 2440 2403 facie

1414 2429 1497 2476 ejus
1516 2429 1690 2465 turbatus
1716 2439 1817 2472 sum,
1838 2431 1875 2465 et
1894 2428 2148 2464 considerans
2177 2437 2282 2474 eum,
2301 2427 2440 2464 timore

1415 2490 1619 2534 sollicitor3
1637 2504 1654 2524 »
1674 2490 1818 2526 scilicet
1832 2490 1928 2527 dum
1947 2489 2112 2537 injustos
2127 2489 2384 2536 judicantem,
2405 2491 2442 2525 et

1414 2552 1541 2594 illatas
1560 2552 1723 2599 injurias
1738 2551 2004 2588 vindicantem
2033 2551 2290 2599 contemplor.

1746 2656 1933 2691 Articulus
1966 2656 2109 2691 tertius.

1465 2738 1720 2777 Rationabilis
1750 2741 1881 2774 aetum
1909 2737 2109 2783 distinxit,
2131 2748 2220 2773 cum
2246 2737 2344 2774 dixit
2365 2750 2373 2775 ε
2400 2740 2444 2774 Ut

1417 2802 1618 2839 custodiam
1632 2814 1644 2845 3
1660 2811 1731 2848 per
1748 2801 1824 2837 hoc
1843 2801 2049 2837 notificans
2067 2799 2340 2836 memorialem
2359 2811 2443 2838 cus-

1417 2863 1568 2900 todiam
1598 2861 1758 2898 rationis
1777 2889 1789 2907 ,
1821 2860 2107 2898 consiliativam
2141 2860 2379 2906 affectionis,
2407 2863 2444 2899 et

1419 2924 1647 2961 directivam
1675 2923 1850 2960 actionis.
1873 2925 1915 2959 Et
1939 2925 2053 2968 nota,
2081 2922 2190 2969 quod
2208 2922 2368 2960 rationis
2388 2926 2445 2960 est

1419 2986 1614 3023 custodire
1635 2985 1777 3021 divinae
1805 2984 2028 3031 potestatis,
2048 2983 2238 3025 veritatis,
2259 2986 2295 3020 et
2320 2984 2444 3021 chari-

1418 3049 1505 3086 tatis
1522 3047 1692 3094 judicia,
1717 3057 1803 3093 quae
1834 3046 2016 3082 dicuntur
2035 3047 2252 3093 praecepta,
2274 3046 2445 3083 testimo-

1419 3112 1499 3155 nia,
1518 3114 1555 3147 et
1573 3109 1773 3145 mandata.
1797 3110 1845 3144 De
1868 3107 1997 3155 primo
2021 3107 2044 3128 ¹⁰
2073 3119 2081 3143 :
2110 3122 2127 3140 «
2148 3109 2341 3154 Praecepta
2357 3118 2446 3144 mea

1421 3183 1488 3210 cor
1508 3175 1620 3208 tuum
1640 3169 1858 3216 custodiat,
1876 3184 1893 3204 »
1918 3171 2111 3216 quantum
2140 3168 2191 3206 ad
2206 3169 2354 3215 judicia
2371 3179 2445 3215 po-

1420 3234 1579 3272 testatis.
1604 3236 1654 3270 De
1674 3232 1850 3269 secundo
1882 3231 2083 3268 Psalmista
2103 3230 2127 3259 1¹
2153 3244 2162 3267 :
2188 3243 2207 3265 «
2233 3230 2447 3267 Custodivit

1422 3297 1553 3334 anima
1577 3306 1666 3332 mea
1691 3293 1912 3331 testimonia
1934 3296 2021 3337 tua,
2041 3306 2057 3326 >›
2084 3293 2274 3339 quantum
2303 3291 2354 3327 ad
2381 3291 2447 3337 Ju--

1424 3359 1527 3396 dicia
1545 3357 1729 3395 veritatis.
1763 3359 1813 3392 De
1835 3355 1945 3391 tertio
1966 3354 2023 3390 ¹²:
2048 3365 2066 3387 «
2085 3355 2168 3389 Haec
2196 3355 2251 3389 est
2282 3353 2448 3390 charitas

1426 3459 1437 3476 ⁶
1454 3456 1526 3496 Job,
1550 3464 1610 3496 111,
1631 3457 1660 3488 8.
1688 3471 1728 3478 —
1754 3455 1763 3472 ⁷
1788 3452 1877 3492 Luc„
1900 3458 1992 3491 xxw,
2021 3451 2074 3481 38.
2100 3466 2135 3472 -
2167 3449 2181 3471 ⁸
2205 3449 2337 3489 Jerem„
2361 3459 2450 3490 xvir,

1427 3506 1475 3536 16.
1496 3521 1535 3525 -
1557 3503 1571 3525 ⁹
1589 3501 1661 3540 Job,
1686 3508 1789 3538 xxm,
1812 3501 1863 3530 ¹15.
1882 3514 1922 3521 —
1944 3498 1969 3516 ¹·
1992 3499 2098 3537 prov„
2125 3503 2182 3536 111,
2206 3499 2234 3528 1.
2254 3513 2294 3520 --
2315 3497 2339 3518 ¹¹
2360 3497 2448 3530 psal,

1426 3551 1504 3590 hoc,
1526 3551 1594 3581 167.
1614 3565 1653 3573 —
1677 3549 1698 3567 ¹2
1720 3549 1727 3578 l
1749 3548 1857 3585 Joan„
1879 3553 1910 3585 v,
1932 3547 2017 3575 3.-
2033 3544 2075 3584 (a)
2094 3543 2174 3576 Coet.
2191 3544 2270 3576 edat.
2291 3544 2360 3586 qui.
