2633 3878
191 1241 289 1268 Domi-

165 1290 231 1315 nus,
249 1282 276 1308 id

148 1325 192 1350 est
217 1322 289 1349 dans

149 1371 265 1390 munus.

304 275 383 314 480

303 361 349 397 sit
376 363 529 406 tempus
556 357 867 405 persecutionem
895 357 1148 404 patientium,
1182 356 1332 392 animas

302 421 482 469 proprias
503 430 576 467 pro
597 419 746 456 Christo
766 418 1028 466 perdentium.
1046 421 1095 455 De
1114 418 1223 454 tertio
1243 427 1334 454 con-

302 485 510 529 sequenter
523 481 780 518 conscribitur
795 482 806 502 ¹
823 493 832 517 :
853 483 1052 527 «Tempus
1069 478 1332 524 custodiendi,

303 548 340 580 et
367 547 520 590 tempus
550 542 786 589 abjiciendi;
816 556 832 576 n
857 552 929 579 nec
955 541 1192 585 absurdum,
1224 540 1334 588 quod

303 608 456 652 tempus
481 604 728 642 custodiendi
755 607 881 652 potest
910 603 986 640 dici
1018 607 1171 650 tempus
1199 613 1335 649 perve-

303 667 508 712 nientium,
527 666 738 703 castitatem
759 665 993 712 virginalem
1008 664 1311 701 custodientium
1321 676 1331 709 ;

303 732 456 776 tempus
477 728 707 775 abjiciendi,
729 727 902 764 aliorum
923 727 1104 764 fidelium
1124 725 1331 773 perfectio-

304 801 395 827 nem
415 790 532 826 talem
551 799 632 826 non
653 789 902 836 capientium.

619 895 810 930 Areae'culus
836 893 1021 930 secundus.

352 976 530 1014 Secunda
562 976 820 1014 consideratio
848 975 1055 1023 profertur,
1083 985 1173 1010 cum
1200 974 1336 1010 subdi-

306 1043 391 1075 tur:
415 1041 576 1075 Domz'ne.
602 1041 696 1075 Ecce
728 1038 934 1081 Dominus,
964 1047 1043 1084 quo
1069 1035 1166 1072 nibil
1195 1036 1339 1082 gratio-

306 1102 385 1137 sius
396 1113 403 1137 :
414 1101 518 1137 unde
527 1111 777 1147 summopere
789 1098 1106 1147 praecavendum,
1116 1108 1164 1134 ne
1176 1097 1337 1145 quando

306 1163 563 1199 irreverenter
595 1162 634 1198 in
664 1161 833 1208 praefatis
855 1160 1070 1197 defectibus
1103 1159 1336 1196 oll‘endatur.

308 1226 350 1260 Et
374 1227 481 1269 nota,
503 1223 613 1271 quod
633 1222 834 1268 Dominus,
856 1222 969 1269 quasi
990 1221 1087 1258 dans
1105 1232 1262 1267 munus,
1284 1221 1339 1257 di-

308 1286 506 1333 gnoscitur
535 1285 720 1322 omnibus
752 1284 977 1330 gratiosior,
1016 1283 1110 1330 quia
1134 1282 1337 1329 formator,

307 1347 582 1392 sanctificator,
607 1346 804 1383 salvator:
836 1345 1064 1390 formando,
1091 1345 1157 1382 dat
1188 1344 1340 1381 bonum

309 1414 476 1455 naturae:
511 1407 806 1454 sanctificando,
825 1407 978 1444 bonum
1005 1406 1162 1453 gratiae3
1186 1407 1340 1443 salvan-

309 1472 376 1518 do,
395 1472 550 1509 bonum
570 1470 717 1518 gloriae.
741 1472 791 1506 De
810 1469 939 1517 primo
957 1470 992 1505 ²:
1015 1482 1033 1503 «
1055 1470 1138 1505 Hzec
1158 1468 1252 1505 dicit
1271 1470 1340 1505 Do-

308 1535 439 1571 minus
457 1533 684 1580 redemptor
704 1536 807 1576 tuuS,
827 1535 862 1568 et
877 1531 1067 1568 formator
1086 1533 1175 1567 tuus
1196 1542 1243 1567 ex
1262 1533 1342 1567 ute-

308 1607 375 1632 ro:
396 1608 414 1628 u
438 1605 526 1632 ecce
547 1594 734 1631 Dominus
752 1593 978 1640 redemptor
998 1603 1020 1629 a
1040 1592 1248 1640 temporali
1266 1603 1342 1628 ser-

309 1658 426 1694 vitute
444 1659 636 1705 quantum
656 1655 708 1692 ad
727 1655 880 1693 bonum
899 1655 1077 1700 fortunae,
1097 1656 1134 1690 et
1152 1654 1341 1690 formator

311 1722 503 1766 quantum
538 1718 590 1755 ad
627 1718 779 1754 bonum
815 1720 974 1753 naturae.
1016 1718 1067 1752 De
1105 1715 1279 1752 secundo
1306 1716 1339 1752 ³:

312 1796 329 1815 »
353 1783 432 1828 Ego
460 1780 647 1818 Dominus
674 1779 934 1816 sanctificator
962 1779 1100 1816 lsrael:
1123 1792 1140 1812 »
1163 1789 1250 1814 ecce
1272 1780 1343 1814 Do-

312 1843 442 1879 minus
459 1842 734 1886 sanctificator,
755 1844 948 1889 quantum
965 1840 1017 1877 ad
1030 1840 1183 1877 bonum
1197 1840 1342 1886 gratiae.

312 1908 363 1942 De
396 1904 505 1941 tertio
526 1904 563 1939 ¹⁶:
601 1916 619 1937 α
647 1905 728 1950 Ego
755 1914 843 1939 sum
872 1902 1080 1948 Dominus,
1114 1904 1151 1938 et
1178 1912 1259 1938 non
1289 1904 1346 1938 est

313 1966 461 2013 absque
481 1976 544 2002 me
567 1964 762 2002 salvator:
788 1978 804 1998 »
830 1974 920 2001 ecce
941 1964 1129 2001 Dominus
1149 1963 1343 2009 Salvator,

313 2031 504 2076 quantum
523 2027 575 2065 ad
593 2027 746 2065 bonum
765 2026 912 2074 gloriae.

650 2133 833 2168 Articulus
854 2132 996 2168 tertius.

360 2216 483 2253 Tertia
518 2215 781 2252 consideratio
812 2213 985 2258 affertur,
1027 2223 1118 2249 cum
1157 2212 1315 2249 additur
1334 2225 1342 2249 ;

315 2280 602 2324 Dissipaverunt.
625 2278 708 2313 Haec
732 2275 830 2321 legis
856 2274 1059 2321 dissipatio
1081 2277 1137 2310 est
1156 2274 1343 2320 praevari-

315 2339 432 2384 catio,
448 2350 535 2386 quae
552 2338 776 2375 nullatenus
796 2340 852 2373 est
869 2335 1232 2383 magnipendenda,
1253 2336 1346 2383 quia

315 2401 657 2448 perniciosissima.
681 2403 722 2436 Et
740 2402 853 2444 nota,
881 2397 991 2445 quod
1010 2397 1108 2444 legis
1129 2397 1344 2444 dissipatio,

315 2463 395 2498 sive
432 2461 719 2510 praevaricatio,
759 2463 815 2497 est
849 2459 1034 2496 omnibus
1067 2458 1325 2506 perniciosior
1333 2472 1345 2505 ;

317 2525 507 2572 quoniam
527 2524 601 2560 sibi
627 2523 792 2560 debetur
813 2521 1014 2569 dissipatio
1034 2520 1210 2566 interior,
1231 2531 1346 2568 supe-

316 2587 410 2629 rior,
432 2589 469 2623 et
496 2585 679 2622 inferior:
707 2584 880 2630 interior,
909 2583 1019 2629 dico,
1048 2583 1088 2619 in
1116 2582 1347 2619 meritorum

317 2648 433 2685 exitio
446 2661 457 2694 3
478 2647 669 2695 superior,
691 2646 731 2683 in
747 2646 897 2693 judicio
910 2658 921 2692 3
943 2645 1124 2690 inferior,
1139 2645 1180 2680 in
1199 2643 1348 2692 suppli-

319 2712 393 2748 cio.
429 2713 478 2748 De
507 2711 636 2758 primo
653 2711 690 2746 5:
717 2723 735 2744 «
767 2709 973 2757 Dissipavit
983 2736 996 2754 ,
1029 2707 1140 2756 quasi
1173 2708 1346 2753 hortum,

318 2773 529 2810 tentorium
542 2784 657 2809 suum
672 2785 681 2809 :
704 2782 793 2809 ecce
811 2771 1013 2819 dissipatio
1028 2770 1203 2814 interior,
1221 2780 1346 2817 quan-

318 2838 401 2871 tum
415 2835 466 2871 ad
478 2835 708 2872 meritorum
722 2833 894 2871 exitium.
912 2835 961 2869 De
978 2832 1152 2869 secundo
1166 2830 1179 2852 ‘³
1194 2844 1202 2867 :
1220 2846 1237 2865 «
1251 2833 1346 2877 Rex,

319 2897 387 2944 qui
404 2896 512 2933 sedet
530 2897 571 2932 in
590 2896 689 2933 solio
711 2895 861 2942 judieii,
881 2894 1044 2942 dissipat
1061 2904 1178 2930 omne
1198 2893 1348 2930 malum

319 2958 459 2994 intuitu
485 2968 556 2994 suo
580 2969 588 2993 :
615 2971 632 2991 »
661 2968 748 2993 eece
775 2955 976 3003 dissipatio
1002 2956 1196 3002 superior,
1223 2965 1349 3002 quan-

322 3024 402 3056 tum
422 3019 473 3056 ad
489 3018 695 3066 judicium.
711 3020 760 3054 De
780 3018 890 3054 tertio
911 3017 1130 3064 sequiturT:
1150 3030 1169 3052 ιι
1187 3016 1350 3063 Dissipat

321 3082 463 3129 impios
478 3091 545 3117 rex
564 3080 734 3128 sapiens,
755 3083 791 3116 et
811 3080 988 3116 incurvat
1007 3090 1122 3126 super
1145 3089 1212 3116 cos
1225 3078 1348 3115 forni-

323 3156 408 3182 cem
424 3157 461 3182 ε»
472 3154 561 3181 ecce
581 3142 782 3190 dissipatio
801 3140 976 3187 inferior,
990 3144 1181 3188 quantum
1194 3141 1245 3179 ad
1258 3151 1350 3187 sup-

322 3207 497 3255 plicium.

653 3253 839 3289 Articulus
861 3253 1025 3298 quartus.

370 3333 513 3376 Quarta
541 3329 800 3368 consideratio
826 3326 1081 3373 subinfertur,
1102 3337 1193 3363 cum
1216 3337 1352 3374 super-

368 3417 379 3438 ¹
406 3414 528 3454 Eccle.,
557 3422 617 3453 ιιι,
643 3415 673 3447 4.
701 3430 742 3436 —
764 3413 778 3434 ²
809 3413 889 3453 lsa„
914 3418 1008 3452 xmv,
1037 3411 1088 3442 24.
1114 3426 1155 3433 —
1179 3410 1193 3432 ³
1221 3409 1351 3449 Ezech„

326 3471 463 3503 xxxwl,
480 3466 532 3495 28.
554 3480 589 3486 -
611 3463 624 3484 ¹·
644 3462 721 3502 Iso„
741 3468 848 3500 mu,
872 3462 924 3491 Η.
943 3476 983 3482 -
1002 3460 1016 3481 ⁵
1038 3458 1168 3499 Thren„
1190 3465 1237 3499 11,
1260 3459 1291 3490 6.
1313 3475 1351 3481 -

996 266 1269 309 EXPOSITIO
1301 265 1352 308 IN
1381 265 1734 308 PSAL'rEffiUM.

1406 355 1588 392 additur:
1610 356 1732 400 Leqem
1753 359 1866 391 tuam.
1892 355 1934 390 Et
1953 363 2091 391 revera
2108 353 2172 390 lex
2195 354 2330 391 divina
2348 363 2430 391 non

1407 420 1462 453 est
1485 417 1731 464 aliquatenus
1762 415 2107 464 parvipendenda;
2139 415 2232 463 quia
2260 415 2433 452 fructuo-

1406 478 1557 514 sissima
1583 491 1591 514 :
1614 478 1805 526 quoniam
1821 488 1891 525 per
1911 476 2180 514 observantias
2205 476 2302 523 legis
2320 476 2435 513 nobis

1407 540 1620 587 acquiritur
1646 541 1764 585 visio,
1798 540 1936 582 tentio,
1969 539 2099 576 fruitio
2133 538 2276 575 summi
2307 537 2434 584 Regis.

1407 602 1513 638 Unde
1538 601 1777 646 notandum,
1803 601 1911 648 quod
1938 602 2001 638 lex
2031 600 2171 637 dicitur
2200 599 2437 647 spectabilis,

1409 662 1682 710 expectabilis,
1705 662 1968 707 delectabilis,
1986 664 2148 710 propter
2166 662 2348 699 meritum
2366 661 2439 698 hu-

1404 724 1626 770 juscemodi
1657 723 1841 770 visionis,
1868 724 2073 770 tentionis,
2095 726 2132 761 et
2157 723 2364 760 fruitionis.
2388 724 2439 759 De

1407 785 1537 832 primo
1557 786 1593 822 ⁸:
1619 798 1638 819 «
1663 785 1735 830 Qui
1756 789 1887 822 autem
1914 786 2154 833 perspexerit
2179 785 2221 821 in
2245 785 2331 831 lege
2349 794 2440 832 per-

1408 848 1515 884 fectae
1536 848 1582 895 (a)
1610 847 1820 892 libertatis,
1838 860 1857 881 »
1881 850 1952 884 etc.
1971 859 1979 883 :
2010 857 2098 884 ecce
2117 846 2181 883 lex
2202 845 2440 894 spectabilis,

1409 913 1600 957 tanquam
1615 910 1815 946 meritoria
1833 909 2008 946 visionis.
2029 911 2079 946 De
2100 908 2275 946 secundo
2288 908 2323 944 ⁹:
2341 921 2358 941 «
2377 909 2442 945 Le-

1410 982 1500 1018 gem
1514 971 1596 1018 eJ'us
1614 971 1750 1008 insulae
1770 971 2055 1019 expectabunt:
2079 984 2096 1005 »
2116 981 2204 1007 ecce
2219 970 2284 1007 lex
2304 980 2442 1017 expec-

1411 1033 1561 1078 tabilis,
1586 1035 1777 1080 tanquam
1810 1033 2011 1069 meritoria
2038 1032 2231 1069 tentionis.
2256 1034 2307 1068 De
2330 1031 2442 1068 tertio

1411 1094 1591 1131 scribitur
1611 1095 1662 1131 ab
1682 1095 1868 1142 Apostolo
1888 1095 1914 1117 ¹0
1937 1107 1944 1131 :
1970 1108 1988 1129 <t
2008 1094 2262 1131 Condelector
2281 1092 2359 1139 legi
2378 1092 2443 1129 Dei

1411 1156 1628 1193 secundum
1651 1156 1877 1193 interiorem
1895 1156 2121 1193 hominem:
2143 1170 2161 1189 »
2185 1165 2274 1192 ecce
2294 1154 2359 1192 lex
2380 1153 2445 1190 de-

1412 1218 1623 1263 lectabilis,
1643 1221 1831 1266 tanquam
1851 1219 2050 1256 meritoria
2068 1218 2275 1256 fruitionis.

1843 1324 2015 1366 Epilogus.

1461 1405 1806 1453 comprehendens
1849 1415 1942 1451 ergo
1994 1403 2326 1452 psalmographus
2373 1413 2446 1451 per

1415 1467 1694 1505 continentiam
1719 1467 1836 1513 hujus
1860 1477 1996 1503 versus
2027 1465 2329 1513 quadruplicem
2355 1475 2447 1502 con-

1415 1529 1710 1573 siderationem,
1726 1528 1778 1565 ad
1793 1528 1922 1565 omnis
1938 1527 2100 1565 moralis
2119 1527 2291 1564 defectus
2307 1527 2447 1564 dehor-

1415 1591 1624 1636 tationem,
1658 1591 1740 1628 ait:
1785 1592 1933 1637 Tempus
1963 1590 2141 1636 faciendi,
2171 1592 2363 1637 quantum
2394 1588 2446 1625 ad

1414 1652 1763 1701 pretiosissimum,
1795 1652 1905 1700 quod
1936 1652 2161 1688 indecenter
2194 1650 2443 1699 expenditur3

1416 1718 1582 1760 Domine,
1604 1717 1795 1762 quantum
1819 1715 1870 1751 ad
1899 1713 2246 1760 gratiosissimum,
2272 1712 2340 1760 qui
2355 1712 2447 1749 irre-

1417 1779 1593 1813 verenter
1613 1776 1846 1823 offenditur,
1874 1778 2163 1822 Dissz'paverant,
2183 1777 2375 1822 quantum
2394 1773 2446 1810 ad

1416 1839 1806 1887 perniciosissimum,
1822 1839 1933 1886 quod
1950 1838 2201 1885 impudenter
2219 1837 2448 1884 magnipen-

1418 1901 1522 1937 ditur
1532 1914 1541 1946 ;
1582 1903 1708 1946 Leqem
1737 1904 1853 1946 tuam,
1883 1903 2076 1947 quantum
2105 1899 2157 1936 ad
2190 1897 2449 1936 fructuosissi-

1419 1974 1544 2008 mum,
1565 1963 1677 2011 quod
1695 1961 1967 2010 imprudenter
1982 1960 2295 2009 parvipenditur.

1785 2108 2000 2137 VERSICULUS
2024 2109 2087 2135 XV.

1468 2215 1551 2249 127.
1590 2213 1673 2248 Ideo
1705 2212 1822 2248 dilexi
1847 2212 2022 2247 mandata
2053 2215 2137 2256 tua,
2174 2213 2246 2248 etc.
2281 2210 2452 2255 Qualiter

1420 2274 1582 2321 aequitas
1612 2273 1748 2310 adulta
1780 2273 1999 2319 profectum
2029 2270 2249 2319 aemuletur,
2286 2271 2452 2320 qualiter

1421 2336 1617 2373 defectum
1638 2335 1878 2379 dehortetur,
1898 2345 1969 2381 per
1999 2335 2100 2371 duos
2122 2344 2257 2370 versus
2284 2333 2452 2381 praevios

1419 2398 1693 2446 praehabetur3
1719 2396 1789 2434 sed
1815 2396 1984 2443 qualiter
2011 2396 2164 2433 bonum
2188 2394 2373 2432 deficiens
2392 2405 2451 2432 as-

1421 2463 1617 2508 pernetur,
1633 2469 1703 2507 per
1716 2460 1948 2505 praesentem
1967 2468 2126 2494 versum
2139 2456 2308 2494 videtur.
2323 2456 2454 2504 AEqui-

1422 2526 1478 2559 tas
1498 2521 1602 2558 enim
1620 2520 1766 2557 faciens
1786 2519 1989 2556 hominem
2008 2519 2117 2555 bona
2139 2518 2307 2555 moralia
2326 2518 2453 2555 consi-

1423 2584 1639 2627 derantem,
1656 2582 1960 2628 desiderantem,
1977 2584 2221 2630 operantem,
2240 2581 2331 2619 facit
2348 2592 2454 2619 eum-

1423 2647 1514 2683 dem
1541 2646 1649 2682 bona
1672 2645 1907 2692 temporalia
1933 2645 2205 2692 superantem3
2235 2643 2334 2680 sicut
2349 2644 2454 2691 patet

1423 2710 1571 2755 aperte,
1591 2706 1900 2753 psalmographo
1917 2706 1972 2742 sic
1991 2705 2178 2753 loquente
2197 2717 2206 2742 :
2232 2706 2316 2742 Ideo
2339 2705 2454 2742 dile-‘ri

1422 2770 1595 2806 mandata
1613 2772 1674 2804 tua
1694 2778 1800 2814 super
1820 2779 1963 2813 (utrum,
1979 2770 2066 2813 etc.,
2084 2766 2198 2815 quasi
2218 2767 2344 2804 dicat:
2360 2776 2455 2804 con-

1424 2832 1624 2876 sideranS,
1650 2829 1902 2875 desiderans,
1934 2839 2101 2877 operans
2128 2828 2237 2865 bona
2260 2827 2454 2873 moralia,

1422 2893 1546 2930 factus
1565 2903 1654 2928 sum
1673 2902 1862 2939 superans
1881 2892 1989 2928 bona
2016 2889 2260 2939 temporalia.
2282 2891 2456 2935 Quatuor

1424 2965 1519 3002 ergo
1534 2956 1718 2991 notantur
1733 2953 1774 2990 in
1787 2953 2006 3001 proposito,
2021 2952 2164 2990 scilicet
2177 2950 2455 2997 consideratio,

1425 3016 1683 3062 desideratio,
1719 3015 1893 3063 operatio
1926 3015 2126 3052 bonorum
2153 3013 2366 3052 moralium
2375 3024 2388 3059 3
2418 3014 2457 3050 et

1424 3079 1620 3126 superatio
1641 3076 1928 3125 temporalium.
1960 3078 2055 3113 Ecce
2080 3075 2191 3113 vides
2212 3078 2290 3112 tres
2315 3074 2456 3112 animae

1424 3141 1526 3178 vires
1548 3140 1588 3176 in
1614 3138 1797 3176 eamdem
1821 3138 2052 3175 sententiam
2079 3138 2376 3183 concurrentes3
2397 3135 2455 3173 vi-

1427 3202 1568 3239 delicet
1592 3200 1856 3245 intellectum,
1876 3199 2078 3246 affectum,
2100 3198 2302 3246 effectum,
2321 3198 2361 3235 in
2383 3197 2456 3234 bo-

1426 3275 1569 3301 norum
1589 3263 1871 3300 defectivorum
1890 3262 2131 3309 despectum.

1431 3354 1442 3372 ⁶
1470 3354 1582 3393 Prov„
1609 3360 1674 3393 xx,
1705 3353 1735 3384 8.
1759 3369 1798 3375 —
1825 3353 1834 3370 ⁷
1856 3351 1953 3392 lbid„
1981 3352 2032 3383 26.
2053 3367 2093 3373 -
2120 3350 2134 3371 ο
2161 3348 2246 3389 lac„
2282 3354 2310 3388 ι,
2341 3348 2394 3378 25.
2414 3363 2454 3371 -

1426 3401 1439 3422 ⁹
1458 3401 1537 3442 lsa„
1558 3408 1645 3440 xnu,
1666 3401 1697 3432 4.
1717 3416 1758 3423 —
1781 3399 1805 3421 ¹⁰
1824 3399 1929 3438 Rom„
1950 3405 2012 3438 vu,
2030 3399 2082 3429 22.

1473 3457 1515 3497 (a)
1538 3456 1617 3488 Coet.
1638 3455 1718 3488 edit.
1737 3455 1846 3496 legem
1866 3453 2064 3495 perfectam.
