2633 3878
1181 166 1349 208 CAPUT
1377 165 1484 206 V111.

262 260 426 313 Judicat
454 259 598 301 omnia
625 261 678 310 (a)
696 291 706 309 ,
740 261 780 298 et
810 258 899 310 ipse
928 270 953 296 a
980 257 1152 297 nemine
1180 255 1292 308 iudi-

267 333 408 371 catur:
431 345 450 368 »
483 342 587 382 ergo
609 329 642 369 si
670 329 869 369 Salomon
889 327 1066 367 habebat
1098 325 1293 378 spiritum

265 401 481 454 sapientiae
496 432 505 449 ‚
528 412 634 452 ergo
653 401 744 450 ejus
765 401 855 439 erat
885 398 935 439 de
955 397 1153 437 omnibus
1178 396 1295 447 judi-

265 483 374 512 care.
415 471 623 512 Praeterea
657 470 715 510 ait
743 469 969 522 Apostolus
1002 473 1010 493 ¹
1050 482 1058 507 ε
1097 481 1116 504 c<
1144 466 1295 508 Omnia

264 543 455 595 probate,
479 541 591 594 quod
611 542 773 582 bonum
799 543 860 581 est
887 541 1022 579 tenete
1052 553 1060 579 z
1085 553 1104 575 »
1128 538 1292 577 bonum

262 616 325 653 est
347 613 478 665 igitur
502 614 664 653 tentare
690 611 848 652 omnia.
882 609 1123 663 Respondeo
1151 608 1295 648 dicen—

261 685 387 735 dum,
411 684 526 737 quod
558 686 718 724 tentare
749 682 906 735 aliquid
927 713 937 730 ,
959 686 1021 722 est
1041 680 1291 733 dupliciter:

261 767 348 795 uno
372 755 497 796 modo
515 786 528 805 ,
562 765 818 805 cognoscere
848 765 923 805 per
954 751 1261 804 experientiam
1277 783 1290 802 ,

260 825 367 866 510111
387 825 605 877 cognoscit
638 826 678 864 et
703 825 837 864 tentat
865 823 961 875 quis
981 822 1129 863 vinum
1146 854 1155 872 ,
1179 822 1293 874 quod

261 897 407 946 gustat
432 908 442 935 ε
475 896 557 936 3110
589 895 733 945 modo,
758 906 834 946 per
853 892 1226 943 examinationem,
1254 894 1294 932 et

259 966 613 1019 reprobationem.
643 965 786 1006 Primo
806 964 932 1004 modo
956 975 1041 1004 non
1077 966 1174 1003 sunt
1200 966 1292 1003 ten-

2320 164 2398 202 645

1367 253 1535 295 vocavit
1564 263 1638 304 per
1667 251 1888 303 apostolos.
1920 250 2012 303 lpse
2037 250 2166 290 etiam
2196 248 2398 290 Salomon

1367 327 1597 376 utrumque
1621 322 1833 372 laudavit,
1864 323 1905 361 et
1932 321 1982 361 de
2007 320 2104 361 forti
2131 319 2308 360 muliere
2328 319 2397 359 in-

1367 396 1459 448 quit
1480 396 1493 417 ⁵
1511 410 1518 435 :
1546 410 1565 432 «
1585 393 1804 433 Ridebitin
1825 393 1891 433 die
1910 392 2186 432 novissimo.»
2208 391 2316 440 Quid
2333 392 2397 431 est

1367 478 1485 517 ergO,
1506 465 1619 518 quod
1640 464 1737 504 dicit
1760 478 1768 503 :
1793 462 2011 504 Mulierem
2030 473 2084 503 ex
2097 461 2291 503 omnibus
2310 471 2396 503 non

1367 539 1515 579 inveni
1533 537 1555 577 ?
1588 535 1830 588 Respondeo
1872 533 2123 583 dicendum,
2163 533 2276 585 quod
2307 533 2396 585 ipse

1366 608 1552 660 loquitur
1577 607 1627 648 de
1654 605 1930 658 generalitate
1956 602 2331 656 concupiscentiae;
2354 605 2396 643 et

1366 677 1509 717 dehac
1526 679 1588 717 est
1600 677 1714 729 loqui
1730 675 1974 728 dupliciter:
1996 686 2082 714 uno
2099 673 2239 723 modo,
2259 684 2395 731 quan-

1366 752 1458 791 tum
1479 750 1531 789 ad
1559 750 1908 801 propagationem
1941 746 2177 795 carnalem,
2201 757 2286 797 qua
2304 745 2396 797 ipsa

1365 819 1700 869 transfunditur;
1723 819 1804 858 alio
1827 819 1967 868 modo,
1996 819 2204 870 quantum
2224 815 2277 856 ad
2295 827 2393 868 pro-

1366 891 1625 931 secutionem
1660 890 1706 943 (c)
1746 901 1820 941 per
1861 888 2023 928 actuale
2062 888 2281 938 peccatum
2311 900 2320 926 :
2359 885 2395 925 si

1365 963 1504 1014 primo
1537 961 1685 1010 modo,
1709 963 1770 1000 est
1797 971 1936 999 sermo
1966 968 2092 998 verus
2117 959 2158 996 et
2180 955 2392 1008 proprius,

1364 1033 1466 1085 quia
1488 1033 1601 1073 solus
1630 1032 1818 1072 Christus
1842 1031 1933 1071 sine
1961 1031 2127 1082 peccato
2153 1029 2393 1078 conceptus,
2415 1042 2549 1108 cnlrintus

2416 1089 2449 1108 so
2463 1091 2498 1109 us
2511 1083 2552 1109 si-

1364 1106 1404 1144 et
1422 1102 1631 1155 originale
1646 1114 1732 1142 non
1747 1101 1977 1150 contraxit3
1999 1101 2033 1139 si
2054 1098 2236 1139 secundo
2252 1096 2392 1146 modo,
2415 1130 2451 1149 „e
2484 1132 2551 1158 pec-

1365 1186 1504 1215 serino
1533 1177 1595 1213 est
1623 1172 1922 1226 hyperbolicus
1939 1204 1948 1221 ,
1972 1173 2014 1211 01
2038 1170 2118 1210 hoc
2136 1170 2272 1221 patet,
2296 1167 2396 1220 quia
2415 1166 2557 1240 0322&ss-

1363 1258 1449 1286 non
1465 1248 1632 1286 tantum
1647 1248 1709 1286 est
1727 1257 1841 1284 unus
1856 1244 1923 1285 vir
1940 1243 2078 1283 bonus
2092 1243 2133 1281 et
2148 1239 2390 1289 salvandus,
2414 1246 2555 1314 3132?ss

1363 1317 1451 1356 imo
1468 1316 1590 1356 multi
1607 1330 1615 1355 :
1640 1319 1679 1356 et
1699 1315 1851 1355 dicitur
1870 1313 1975 1354 illud
1992 1314 2201 1365 quantum
2221 1310 2271 1351 ad
2292 1322 2396 1350 rari-
2426 1330 2539 1354 contra.

260 1038 494 1088 tanda,11isi
512 1037 635 1078 utilia
654 1039 821 1076 tautum
840 1051 848 1076 :
869 1037 902 1075 si
923 1039 1067 1076 autem
1087 1036 1293 1088 ampliora

259 1109 355 1161 quis
375 1108 478 1149 velit
497 1111 671 1157 tentare,
696 1107 917 1148 curiositas
946 1109 1022 1147 est.
1050 1106 1290 1148 Secundum

258 1181 417 1230 autem,
433 1179 546 1232 quod
564 1182 726 1219 tentare
739 1179 852 1219 idem
867 1182 929 1218 est
946 1179 1059 1231 quod
1077 1178 1292 1218 examina-

256 1249 381 1300 re,sic
393 1249 541 1302 accipit
550 1248 707 1290 Paulus
718 1249 905 1299 Probata,
917 1249 1023 1289 01510
1034 1249 1179 1289 omnia
1191 1252 1291 1289 sunt

257 1320 553 1371 examinanda,
576 1332 662 1361 non
682 1322 848 1360 tantum
868 1320 979 1360 bona
998 1322 1038 1359 et
1056 1320 1195 1369 utilia,
1218 1320 1291 1360 sed

256 1391 382 1432 etiam
409 1392 574 1432 inutilia
603 1404 613 1432 :
648 1391 706 1431 sic
726 1392 902 1442 dicitur,
926 1391 1036 1444 quod
1058 1391 1289 1443 spiritualis

254 1462 384 1503 homo
422 1463 570 1503 omnia
598 1463 786 1514 judicat;
822 1463 879 1503 sic
919 1463 1048 1503 etiam
1086 1462 1240 1503 dicitur
1276 1477 1284 1502 ε

259 1548 278 1571 (1
301 1532 450 1573 Omnia
469 1535 655 1586 probate,
676 1550 694 1572 »
716 1535 758 1574 id
779 1537 856 1584 est,
872 1534 1015 1574 omnia
1030 1534 1284 1584 examinate,

252 1605 400 1644 utrum
420 1604 531 1644 bona
550 1605 619 1645 vel
635 1605 746 1645 mala
763 1605 807 1644 in
827 1605 984 1645 nostris
1004 1605 1215 1657 operibus,
1236 1605 1286 1645 de

251 1674 407 1726 quibus
436 1675 629 1715 dubitare
657 1687 900 1728 possumus.
923 1675 1002 1716 Sed
1023 1676 1065 1715 in
1085 1676 1286 1729 operibus

250 1745 337 1795 Dei,
375 1746 425 1787 de
455 1747 611 1798 quibus
643 1758 884 1799 supponere
915 1747 1143 1797 debemus,
1173 1749 1284 1800 quod

249 1817 356 1857 bene
391 1817 474 1857 sint
502 1817 635 1867 facta,
668 1818 888 1857 curiositas
917 1821 979 1858 est
1009 1819 1188 1870 probare
1216 1819 1285 1860 vel

249 1888 510 1929 examinare.
545 1888 754 1938 Quoniam
782 1900 888 1940 ergo
912 1889 1112 1930 Salomon
1133 1892 1284 1930 exten-

247 1960 306 2001 dit
326 1972 454 2001 suum
474 1972 655 2000 examen
669 1960 782 2000 ultra
795 1972 857 2010 ea,
878 1972 975 2012 quae
989 1960 1137 2001 salutis
1158 1964 1256 2002 sunt
1271 1977 1280 2012 3

247 2031 340 2072 ideo
379 2031 599 2071 curiositas
635 2030 713 2070 fuit
729 2063 738 2081 ,
783 2033 823 2070 et
861 2031 1179 2072 concedendum
1221 2035 1283 2073 est

246 2102 367 2143 illud.
410 2102 693 2142 Auctoritates
730 2101 815 2142 illae
849 2102 945 2142 duee
977 2103 1282 2154 intelliguntur

246 2173 297 2213 de
314 2173 365 2213 iis
385 2185 483 2226 quae
503 2173 555 2213 ad
574 2172 754 2213 salutem
772 2175 974 2225 spectant,
997 2175 1037 2213 et
1057 2173 1110 2214 ad
1128 2185 1172 2214 se
1191 2186 1282 2226 per·

245 2244 406 2295 tinent3
430 2245 501 2285 sed
525 2244 726 2285 Salomon
745 2244 860 2285 ultra
878 2245 1092 2297 processit.

299 2314 405 2355 Item
423 2315 639 2355 dubitatur
661 2315 712 2355 de
731 2315 824 2365 hoc,
847 2316 962 2367 quod
981 2315 1082 2356 dicit
1105 2315 1160 2367 (v.
1183 2316 1246 2368 29)
1268 2331 1276 2356 :

252 2385 402 2427 Virum
433 2385 484 2427 de
519 2385 633 2427 mille
670 2396 804 2426 unum
839 2387 991 2438 reperi.
1035 2385 1279 2427 Secundum

243 2456 346 2507 1100,
386 2456 560 2497 videtur
598 2457 850 2497 confirmare
892 2456 1093 2497 haeresim
1133 2452 1248 2498 illam
1264 2490 1276 2508 ,

244 2527 358 2580 quod
376 2526 495 2567 nulla
513 2526 670 2567 mulier
689 2526 878 2567 salvatur
895 2540 905 2578 3
924 2530 965 2567 et
984 2527 1065 2567 hoc
1081 2528 1279 2569 nituntur

243 2598 424 2651 probare
456 2596 644 2637 haeretici
670 2611 678 2636 :
711 2597 813 2649 quia
832 2598 868 2637 si
898 2598 1037 2638 solum
1067 2599 1278 2640 salvatum

244 2671 307 2711 est
321 2669 434 2721 quod
454 2668 681 2721 assumpsit
700 2667 905 2720 Christus,
922 2672 962 2710 et
982 2670 1070 2722 ipse
1090 2683 1280 2725 assump—

243 2742 296 2783 sit
333 2742 471 2783 solum
507 2753 659 2782 sexum
690 2741 887 2792 virilem,
925 2755 1032 2795 ergo
1064 2744 1132 2784 ille
1163 2745 1278 2786 solus

243 2814 433 2855 salvatur
448 2827 456 2853 :
474 2815 515 2853 et
530 2813 611 2853 hoc
624 2813 823 2853 nituntur
836 2814 1016 2865 probare
1029 2826 1105 2867 per
1118 2815 1219 2856 illud
1234 2817 1247 2838 ²
1265 2832 1272 2857 :

249 2884 363 2933 «Qui
383 2883 604 2924 crediderit
624 2885 665 2924 et
692 2884 929 2935 baptizatus
957 2885 1084 2925 fuerit
1113 2899 1122 2926 :
1145 2901 1164 2924 ›>
1190 2899 1275 2928 non

243 2953 365 2996 dicit:
387 2953 489 3002 Quae
502 2953 710 3006 baptizata
728 2954 880 3004 fuerit3
903 2957 943 2994 et
961 2955 1145 3007 idipsum
1164 2958 1276 3010 apud

243 3028 450 3067 Joannem
469 3025 483 3046 ³
502 3024 697 3065 habetur.
715 3024 982 3065 Contrarium
996 3025 1127 3078 hujus
1141 3032 1277 3069 osten-

244 3096 358 3137 ditur
377 3107 452 3148 per
471 3095 577 3135 illud
596 3097 634 3135 ⁸:
664 3109 683 3133 «
704 3094 944 3136 Meretrices
963 3097 1202 3148 praecedent
1223 3099 1273 3153 (b)

243 3179 321 3209 vos
340 3167 384 3207 in
409 3178 598 3218 regnum
626 3166 714 3207 Dei.
744 3180 764 3204 »
798 3166 903 3207 Item
923 3168 1160 3209 ostenditur
1178 3169 1274 3222 hoc,

243 3238 344 3292 quia
389 3237 594 3278 Dominus
632 3238 868 3289 utrumque
907 3249 1060 3279 sexum
1102 3240 1272 3294 recipit,

243 3310 475 3360 utrumque
502 3306 667 3349 sanavit
705 3307 1005 3360 corporaliter,
1043 3311 1276 3365 utrumque

288 3413 296 3434 ¹
315 3413 323 3443 l
344 3411 465 3453 Thess„
483 3420 519 3453 v,
539 3414 591 3445 21.
611 3430 652 3437 —
670 3413 684 3434 ²
699 3413 818 3452 Marc„
838 3420 910 3454 xv1,
933 3415 982 3445 16.
999 3431 1040 3437 —-
1060 3414 1074 3436 ⁸
1093 3416 1201 3457 Jocm„
1223 3425 1276 3460 111,

245 3461 276 3492 5.
297 3476 334 3483 -
355 3459 370 3484 δ
387 3459 525 3502 Mattlz„
544 3468 618 3502 xxi,
638 3462 689 3493 31.
711 3477 752 3484 —
774 3460 789 3483 ¹⁵
805 3460 917 3503 Prov„
933 3469 1038 3505 xxm,
1053 3463 1106 3495 25.

1362 1389 1492 1428 tatem
1531 1398 1680 1428 eorum
1698 1418 1708 1436 ,
1744 1385 1818 1438 qui
1856 1387 2045 1436 tempore
2092 1382 2163 1422 illo
2201 1381 2392 1422 invenie-

1362 1460 1518 1500 bantur
1537 1459 1588 1499 ab
1611 1461 1708 1498 actu
1728 1454 2080 1508 concupiscentiae
2099 1453 2328 1493 immunes.

1416 1531 1535 1580 Quod
1561 1529 1767 1581 objiciunt
1794 1526 2006 1576 haeretici,
2034 1524 2147 1578 quod
2166 1522 2394 1575 assumpsit

1361 1615 1512 1643 sexum
1534 1602 1700 1642 virilem
1721 1615 1730 1650 ;
1752 1599 2006 1651 respondeo,
2036 1595 2148 1649 quod
2179 1595 2257 1635 etsi
2284 1594 2391 1635 viri-

1359 1675 1443 1714 lem
1464 1673 1706 1725 assumpsit,
1724 1674 1869 1712 tamen
1887 1669 2054 1710 attende
2066 1667 2179 1719 quod
2200 1678 2392 1718 assump-

1360 1745 1413 1786 sit
1433 1746 1483 1785 de
1496 1745 1674 1785 muliere
1690 1758 1699 1793 3
1718 1742 1832 1796 quod
1851 1753 1938 1781 non
1952 1740 2131 1787 fecisset,
2154 1738 2189 1778 si
2211 1738 2262 1778 ad
2282 1737 2392 1777 salu-

1358 1819 1444 1856 tem
1467 1827 1553 1856 non
1578 1816 1819 1868 pertineret.
1850 1812 2060 1853 Praeterea
2078 1810 2208 1851 unius
2227 1811 2390 1850 naturae

1358 1890 1419 1927 est
1448 1888 1514 1928 vir
1544 1890 1584 1927 et
1619 1885 1796 1934 mulier,
1834 1887 1875 1925 et
1906 1895 2043 1924 unum
2073 1893 2241 1934 corpuS.
2270 1880 2390 1930 Quod

1358 1958 1563 2011 obJ‘iciunt
1587 1958 1637 1998 de
1673 1955 1894 2005 ennuclio,
1926 1954 2027 2007 quia
2057 1954 2104 1993 in
2132 1951 2386 2002 masculino,

1357 2029 1583 2069 dicendum
1604 2027 1718 2080 quod
1738 2026 1962 2067 confusum
1982 2026 2044 2064 est
2066 2022 2171 2063 illud
2191 2021 2390 2062 masculi—

1357 2113 1484 2150 num,
1508 2102 1548 2140 et
1568 2101 1648 2139 stat
1666 2097 1725 2138 ibi
1747 2109 1824 2149 pro
1843 2099 1997 2137 natura
2010 2127 2020 2145 ,
2041 2106 2129 2135 non
2151 2105 2227 2147 pro
2247 2105 2354 2133 sexu
2375 2108 2384 2133 :

1356 2175 1397 2213 et
1431 2173 1676 2225 frequenter
1711 2168 1994 2210 masculinum
2035 2177 2173 2219 genus
2209 2165 2389 2217 concipit

1355 2243 1628 2284 foemininum
1647 2240 1881 2282 secundum
1900 2250 2065 2279 morem
2088 2236 2331 2290 Scripturae.

1652 2400 1887 2445 CAPUT
1931 2399 2084 2444 VIII.

1409 2534 1445 2569 1.
1476 2529 1578 2578 Quis
1599 2527 1701 2570 talis
1721 2528 1769 2567 ut
1787 2525 1960 2577 sapiens
1973 2524 1993 2563 ἵ)
2014 2523 2152 2576 Supra
2171 2521 2387 2574 descripsit

1353 2601 1586 2643 vanitatem
1614 2597 1986 2651 concupiscentiae3
2008 2595 2080 2635 hic
2104 2595 2250 2635 contra
2267 2593 2384 2633 illam

1352 2672 1585 2715 vanitatem
1603 2669 1744 2710 innuit
1761 2668 1859 2709 dare
1879 2666 2097 2720 sapientias
2116 2664 2353 2706 remedium
2373 2679 2381 2704 z

1352 2743 1496 2784 nullus
1528 2741 1643 2782 enim
1669 2740 1847 2792 eripitur
1873 2751 1898 2778 a
1922 2736 2278 2789 concupiscentia,
2302 2735 2384 2775 nisi

1352 2815 1424 2867 qui
1462 2813 1650 2854 ambulat
1693 2822 1790 2852 cum
1827 2809 2046 2863 sapientia.
2090 2809 2188 2850 Ideo
2232 2807 2332 2848 dicit
2371 2822 2380 2847 :

1351 2886 1586 2938 Sapientia
1605 2884 1793 2926 hominis
1816 2883 1923 2924 lucet
1942 2882 1991 2923 in
2012 2880 2133 2922 vultu
2154 2879 2258 2930 ejus.
2276 2877 2385 2919 Hor-

1351 2960 1464 2998 tatur
1482 2957 1632 3008 igitur,
1654 2956 1733 2996 hac
1764 2954 1808 2994 in
1836 2955 1980 3007 parte,
2006 2951 2222 3005 sapientiae
2243 2950 2383 2991 adhae-

1351 3040 1445 3068 rere
1464 3040 1518 3068 ex
1537 3025 1804 3080 quadruplici
1824 3022 2190 3065 commendatione
2212 3033 2222 3061 :
2244 3020 2382 3073 primo

1352 3111 1406 3140 ex
1431 3097 1760 3140 consideratione
1787 3106 1876 3135 suae
1900 3094 2156 3143 nobilitatis;
2178 3092 2379 3143 secundo,

1351 3169 1565 3223 potestatis
1580 3183 1589 3217 ;
1608 3167 1746 3216 tertio,
1769 3164 1979 3215 utilitat1s;
1996 3168 2162 3217 quarto,
2179 3162 2382 3216 temporis

1351 3239 1692 3295 opportunitatis.
1710 3237 1911 3279 Hortatur
1928 3237 2062 3289 igitur
2080 3235 2297 3289 sapientiae
2313 3234 2383 3275 ad-

1395 3323 1438 3364 (a)
1463 3323 1543 3355 Caet.
1564 3321 1644 3353 edit.
1669 3330 1732 3351 non
1759 3319 1879 3351 habent
1906 3319 2034 3351 omnia.
2054 3336 2096 3342 —
2120 3317 2163 3359 (b)
2195 3318 2275 3350 Coet.
2300 3316 2380 3348 edit.

1351 3370 1559 3412 praecedunt.
1573 3386 1615 3392 —
1631 3369 1667 3410 (c)
1683 3368 1763 3399 Item
1779 3366 2064 3408 persecutionem.
2080 3382 2119 3388 -
2137 3365 2185 3406 (d)
2198 3364 2252 3396 Al.
2268 3374 2299 3396 c.
2317 3371 2381 3404 vu,

1351 3426 1383 3450 v.
1414 3419 1464 3448 30.
1498 3416 1632 3448 initium
1655 3415 1756 3457 huJus
1779 3413 1897 3456 capitis
1925 3422 1968 3446 an
1996 3412 2163 3456 aliquibus
2189 3410 2302 3445 Bibliis
2332 3413 2383 3444 est

1351 3463 1428 3497 finis
1446 3462 1592 3505 septimi.

2458 1367 2509 1395 xit.
