2633 3878
789 241 855 283 DE
883 239 1068 283 SACRAE
1097 237 1405 282 SCRIPTURAE
1436 239 1802 283 PRAESTANTlA.
2338 252 2362 290 3

228 333 377 376 tationi
403 333 454 387 (a)
475 332 716 383 communi,
748 333 797 372 ut
829 330 1114 384 pulcherrime
1145 329 1265 371 docet

228 405 391 447 Tullius
405 407 432 446 ¹.
451 405 501 447 Et
522 405 603 446 hoe
622 402 796 457 quidem
824 402 870 442 in
890 401 1041 443 notitia
1060 400 1157 442 fidei
1177 412 1264 441 ma-

171 480 178 490 ‘
228 477 428 518 nifestum
449 479 524 527 est,
550 475 623 516 ubi
643 487 742 516 cum
763 473 884 523 ratio,
909 472 1131 514 verissima
1152 472 1261 524 licet,

228 547 551 601 profundissime
579 545 629 599 (b)
667 545 812 595 lateat,
852 543 1090 585 seeundum
1125 542 1263 584 Ricar-

228 619 331 660 dum
353 620 396 669 23
432 619 522 672 ipsa
549 620 693 658 tamen
729 617 794 657 vis
821 615 1082 658 auctoritatis
1113 615 1165 656 ad
1197 628 1263 656 as-

228 690 496 731 sentiendum
525 688 701 729 inclinat
722 702 730 729 :
757 687 858 741 quia
877 687 904 739 ³,
932 702 950 725 α
971 687 1085 740 quod
1105 687 1264 727 scimus

225 765 266 803 et
298 761 604 814 intelligimus,
636 761 817 812 rationi3
849 760 963 814 quod
994 772 1096 802 vero
1128 759 1263 801 credi-

227 845 345 884 muS,
370 833 575 875 debemus
596 832 858 883 auctoritati,
883 847 903 872 >³
934 832 1033 874 dicit
1054 832 1261 884 Augusti-

226 918 308 947 nus
329 918 338 946 :
362 905 421 946 sic
441 905 567 947 etiam
587 905 632 946 in
651 905 940 959 operabilibus
959 905 1179 947 consuevit
1198 916 1262 945 ae-

228 978 380 1029 cidere,
403 981 450 1019 ut
470 978 634 1032 pondus
654 977 919 1019 auctoritatis
936 977 1111 1018 inclinet
1128 977 1180 1018 ad
1200 988 1264 1017 ae-

224 1052 337 1099 tum,
360 1050 574 1103 praecipue
603 1050 637 1090 si
665 1062 801 1103 grave
832 1049 885 1090 sit
912 1049 1027 1103 quod
1048 1048 1260 1103 praecipit,

224 1121 292 1163 vel
323 1122 432 1163 ratio
461 1122 657 1176 praecepti
690 1122 802 1175 legis
829 1121 1017 1173 occulta,
1058 1123 1133 1162 aut
1164 1133 1263 1162 cum

224 1193 423 1234 voluntas
450 1194 707 1236 informandi
733 1206 810 1248 per
838 1193 978 1246 legem
993 1225 1003 1242 ,
1025 1195 1087 1234 est
1111 1206 1136 1234 a
1155 1192 1263 1245 legis

224 1267 554 1308 manuductione
572 1269 748 1308 remota.
772 1266 824 1308 Et
844 1269 955 1307 certe
974 1265 1083 1318 legis
1103 1264 1261 1306 divinae

223 1341 433 1392 praecepta
458 1341 579 1380 erant
603 1338 780 1379 maximi
806 1337 1024 1391 ponderis,
1056 1339 1097 1378 et
1126 1349 1262 1390 usque

224 1409 328 1451 adeo
348 1410 534 1460 latentia,
552 1410 665 1463 quod
680 1410 732 1463 ‚in
753 1409 963 1462 plerisque
982 1408 1085 1449 locis
1098 1407 1262 1450 Veteris

224 1479 480 1522 Testamenti
527 1481 782 1522 videbantur
832 1481 1022 1534 expertia
1063 1480 1258 1521 rationis.

223 1550 357 1593 Tanta
377 1552 551 1606 insuper
571 1555 660 1593 erat
681 1552 874 1593 cordium
891 1551 1165 1605 judaicorum
1185 1551 1261 1593 du-

221 1623 317 1665 ritia
330 1656 340 1676 ,
360 1626 477 1665 tanta
503 1624 705 1678 pertidia,
727 1623 842 1677 quod
862 1635 1031 1664 necesse
1051 1623 1131 1664 fuit
1151 1635 1260 1676 pon-

223 1695 303 1737 dus
324 1696 588 1737 auctoritatis
608 1696 821 1747 adhiberi,
844 1695 957 1749 quod
978 1695 1104 1736 corda
1124 1695 1260 1736 obdu-

220 1771 314 1810 rata
332 1772 373 1811 et
392 1769 616 1810 obfirmata
643 1769 944 1822 confringeret.
971 1768 1022 1810 Et
1041 1768 1173 1822 hujus
1192 1769 1257 1810 in-

221 1840 430 1883 violabilis
473 1842 734 1884 auctoritatis
780 1842 946 1895 pondus
988 1841 1258 1893 insinuatur,

221 1926 319 1955 cum
339 1913 484 1955 divina
507 1913 578 1955 lex
604 1914 758 1955 dicitur
787 1914 839 1955 ab
868 1926 966 1955 arce
991 1913 1183 1963 deitatis,
1215 1913 1257 1954 id

221 1988 306 2037 est,
328 1998 353 2026 a
370 1986 467 2027 sede
486 1985 560 2027 Dei
580 1989 621 2027 et
641 1986 756 2039 Agni
777 1986 1003 2040 procedere
1025 2000 1034 2027 t
1063 1985 1259 2029 Ostendit

220 2057 328 2100 mihi
361 2057 545 2110 fluvium
571 2058 866 2111 procedentem
896 2057 947 2100 cle
980 2057 1076 2101 sede
1106 2057 1185 2100 Dei
1219 2060 1257 2101 et

220 2130 348 2182 Aym‘.
366 2129 531 2172 Nomen
545 2130 658 2171 enim
679 2130 766 2183 Dei,
785 2130 1019 2172 secundum
1034 2129 1257 2171 formalem

220 2201 406 2242 nominis
440 2201 781 2255 impositionem,
816 2202 962 2255 signat
996 2201 1257 2244 auctoritatis

218 2273 546 2328 praesidentiam.
571 2274 730 2316 Dicitur
757 2275 872 2316 enim
900 2274 1010 2316 Deus
1030 2286 1170 2328 graece
1190 2287 1250 2317 se-

219 2345 406 2387 cundum
426 2345 781 2398 Damascenum‘,
804 2345 874 2386 ἀπο
894 2349 957 2386 τοῦ
979 2346 1098 2398 θέειν,
1123 2346 1252 2397 ἄιθειν,

156 2420 162 2424 “
217 2418 371 2470 osa-mc,
404 2419 516 2473 quod
550 2422 672 2460 sonat
703 2430 894 2471 currere,
922 2421 1073 2471 urere,
1107 2422 1147 2461 et
1181 2421 1255 2462 in-

218 2491 342 2533 tueri.
365 2490 416 2531 Et
447 2491 528 2533 hoe
560 2492 733 2545 quidem
766 2505 819 2533 ex
851 2492 1049 2533 hebraica
1078 2492 1256 2534 veritate

220 2562 486 2604 manifestius
507 2565 593 2604 est:
617 2575 718 2604 nam
747 2563 918 2616 quando
947 2563 1253 2605 debebat'insi-

221 2633 343 2674 nuari
377 2633 716 2686 inexcogitabilis
746 2634 1123 2688 superexcellentia
1150 2647 1254 2677 auc-

219 2705 400 2747 toritatis
426 2705 584 2748 divinae
612 2707 818 2758 essentiae,
842 2719 942 2760 quae
968 2706 1074 2747 nihil
1094 2709 1157 2748 est
1181 2719 1254 2749 eo-

218 2789 315 2819 rum
342 2789 439 2832 quae
458 2779 578 2830 sunt,
601 2780 649 2819 ut
671 2777 897 2832 Dionysius
916 2778 1016 2820 dicit
1037 2779 1065 2830 ⁵,
1088 2779 1160 2821 sed
1178 2792 1254 2822 su-

217 2852 480 2906 perexistens
504 2855 544 2894 et
564 2853 794 2906 superdea3
818 2853 898 2895 hoc
918 2866 1089 2906 nomen,
1113 2854 1253 2907 Deus,

220 2935 493 2979 nequaquam
530 2926 832 2968 communibus
859 2925 1010 2967 litteris
1042 2926 1251 2968 scribeba-

217 2997 305 3047 tur,
335 2995 407 3037 sed
437 2997 695 3039 exarabatur
733 2997 815 3038 illis
846 2998 1129 3040 caracteribus
1157 3011 1254 3052 quae

215 3079 374 3110 nomen
405 3081 619 3122 magnum
652 3069 725 3111 Dei
760 3071 1142 3122 tetragrammaton
1169 3071 1254 3112 effi-

215 3140 351 3190 ciunt,
379 3143 427 3181 ut
448 3141 598 3182 docent
620 3140 825 3194 Origenes
843 3141 856 3164 ⁶
885 3144 926 3183 et
955 3141 1064 3184 Beda
1082 3143 1110 3183 ⁷.
1135 3142 1253 3192 Quod

217 3220 373 3250 nomen
393 3212 521 3251 tantae
543 3210 816 3262 auctoritatis,
840 3213 1054 3265 tantaeque
1072 3223 1251 3254 venera-

263 3292 272 3315 ¹
295 3292 379 3333 Cic.,
407 3293 446 3325 (Ie
472 3294 576 3335 Rlaet„
601 3293 659 3326 lib.
686 3294 726 3326 ΙΙ.
747 3312 788 3318 -
813 3295 827 3316 ²
853 3294 1024 3336 lticbard„
1053 3295 1092 3326 cle
1121 3296 1251 3337 T1·1‘m'!.,

215 3342 300 3382 part.
324 3342 351 3380 1,
371 3341 430 3374 lib.
461 3342 489 3382 1,
512 3351 542 3374 c.
572 3349 580 3374 1
608 3344 641 3374 et
669 3349 716 3374 lv.
736 3359 778 3367 ·-
803 3342 816 3364 ³
835 3343 937 3383 Aug„
964 3342 1004 3373 de
1031 3352 1098 3374 ver.
1133 3343 1252 3385 lfeliq„

215 3396 245 3419 c.
268 3396 361 3420 xxiv.
384 3407 419 3412 -
452 3390 462 3408 ⁴
490 3390 661 3431 Damaso„
689 3389 727 3421 ‹Ie
756 3390 851 3422 Orth.
885 3389 981 3429 Fide,
1001 3390 1062 3423 lib.
1089 3391 1113 3431 1,
1134 3400 1163 3424 c.
1185 3399 1250 3423 λιι.

148 3444 150 3446 ·
214 3435 292 3467 vid.
319 3446 431 3478 supra,
453 3439 536 3469 tom.
561 3438 586 3476 1,
607 3446 641 3477 p.
663 3438 714 3469 50.
734 3454 775 3462 --
802 3438 813 3456 ⁵
834 3437 933 3470 Dion.
955 3439 1096 3479 Arcop„
1115 3438 1153 3469 (Ie
1177 3439 1250 3470 Die.

213 3482 362 3526 Nomin„
392 3494 423 3517 c.
453 3492 478 3517 1.
501 3502 538 3508 —
568 3485 580 3503 ⁶
603 3483 709 3526 Orig„
740 3485 774 3517 in
807 3485 867 3518 lib.
898 3485 1051 3525 Numer„
1084 3495 1113 3518 c.
1147 3493 1251 3526 xxiii,

212 3529 307 3563 hom.
327 3540 400 3573 xiv,
419 3532 456 3565 in
479 3532 590 3575 princ.
605 3550 646 3557 -
664 3533 678 3555 ⁷
699 3532 796 3574 Bed.,
815 3535 849 3565 ἱη
869 3533 992 3575 Eaeocl„
1011 3543 1042 3566 c.
1063 3541 1190 3566 xxvui.
1209 3550 1250 3557 —

215 3578 227 3596 ⁸
239 3578 354 3620 Arist„
372 3579 655 3621 Phys.‚1ib.v¹11,
670 3582 754 3613 text.
771 3583 784 3613 1
803 3581 838 3613 et
852 3581 992 3622 scq.-⁹
1008 3580 1074 3622 ld.‚
1088 3580 1248 3622 Melapla„

1336 329 1464 371 tionis
1491 333 1582 372 erat
1610 331 1723 383 apud
1751 330 1971 384 Hebraeos,
1996 332 2108 387 quod
2127 333 2268 387 ipsum
2288 348 2365 380 no-

1336 413 1435 442 men
1465 402 1681 456 ineffabile
1703 402 1918 444 dicebatur
1941 416 1951 446 :
1982 417 2069 446 non
2095 406 2208 460 quod
2232 409 2365 450 sensi-

1335 472 1492 514 bilibus
1512 474 1653 516 verbis
1673 474 1856 527 exprimi
1877 487 1963 516 non
1984 480 2144 529 posset;
2176 479 2247 520 sed
2267 480 2369 532 quia

1337 556 1464 586 seusu
1505 547 1545 586 et
1585 545 1802 587 intellectu
1837 549 2042 588 creaturae
2079 550 2367 602 significatum

1336 617 1429 669 cJus
1448 617 1623 658 diffiniri
1648 630 1735 659 non
1756 620 1932 671 poterat.
1965 618 2090 660 Istius
2117 623 2368 665 sanctissimi

1335 688 1522 730 nominis
1540 689 1831 741 significatum
1848 690 2275 743 incomprehensibile
2290 695 2370 736 tria

1336 761 1673 814 comprehendit,
1695 761 1739 802 in
1759 762 1916 815 quibus
1937 765 2279 816 superexcessiva
2297 767 2369 809 Dei

1335 830 1524 883 dignitas
1555 845 1726 874 omnem
1755 833 2049 874 auctoritatem
2078 836 2263 887 excedit,
2289 838 2368 878 sci-

1335 902 1433 944 licet
1452 919 1460 945 :
1493 904 1754 957 primitatem
1773 905 2086 958 inanteibilem3
2114 907 2368 950 universita-

1335 978 1423 1017 tem
1443 977 1765 1030 illimitabilem,
1788 979 1877 1020 sive
1899 981 2168 1032 potestatem;
2191 982 2369 1035 aequita-

1335 1049 1421 1088 tem
1458 1048 1822 1103 inobliquabilem.
1859 1050 1903 1092 Si
1949 1051 2063 1092 enim
2107 1053 2373 1106 omnipotens

1336 1117 1468 1171 Deus,
1491 1132 1517 1161 a
1536 1122 1659 1174 cujus
1684 1122 1798 1164 fonte
1828 1125 1973 1164 manat
1999 1123 2157 1165 fluvius
2183 1124 2374 1178 Scriptu-

1337 1203 1501 1244 rarum,
1530 1205 1618 1234 non
1641 1193 1817 1236 haberet
1836 1195 2097 1248 primitatem
2117 1195 2161 1236 in
2181 1197 2372 1250 essendO,

1336 1266 1377 1304 et
1399 1264 1752 1318 principalitatem
1786 1267 1831 1307 in
1861 1267 2140 1318 dominando;
2170 1267 2375 1322 inciperet

1334 1335 1482 1388 utique
1503 1338 1590 1377 tam
1613 1349 1717 1388 esse,
1736 1349 1864 1391 quam
1879 1337 2051 1380 habere.
2075 1338 2208 1381 Omne
2228 1342 2373 1382 autem

1334 1407 1446 1460 quod
1469 1407 1638 1461 incipit,
1659 1409 1806 1462 incipit
1831 1422 1905 1463 per
1925 1413 2110 1462 motum,
2143 1411 2211 1452 vel
2230 1414 2370 1454 muta-

1334 1478 1509 1530 tionem,
1525 1481 1574 1520 ut
1593 1480 1797 1533 probatur
1817 1481 1862 1521 in
1880 1480 2084 1535 Physicis.
2106 1483 2216 1524 Deus
2229 1486 2373 1526 autem

1334 1553 1396 1591 est
1414 1563 1592 1593 movens
1612 1552 1828 1594 immobile
1846 1553 2037 1606 omnino,
2053 1557 2101 1595 ut
2119 1554 2212 1596 vult
2234 1555 2373 1598 Philo-

1333 1621 1492 1675 sophus
1513 1626 1554 1663 8:
1589 1635 1695 1676 ergo
1726 1636 1813 1666 non
1847 1625 2007 1679 incipit,
2039 1638 2115 1667 nec
2149 1639 2255 1678 esse,
2295 1641 2372 1670 nec

1334 1693 1504 1735 habere.
1526 1694 1660 1736 Habet
1673 1696 1808 1749 igitur
1827 1697 2087 1750 primitatem
2102 1699 2276 1741 omnino
2294 1700 2372 1740 im-

1332 1766 1686 1820 principiabilem.
1718 1766 1960 1811 Probatur:
1999 1769 2132 1812 Omne
2170 1771 2293 1823 illud,
2327 1772 2373 1813 in

1332 1839 1398 1891 cuj
1407 1851 1454 1879 us
1472 1839 1709 1881 substantia
1727 1840 1983 1883 admiscetur
2000 1842 2203 1895 potentia,
2226 1855 2372 1885 secun-

1332 1910 1434 1951 dum
1456 1911 1498 1952 id
1518 1911 1633 1965 quod
1662 1912 1791 1954 habet
1816 1913 1867 1955 de
1895 1914 2081 1967 potentia
2095 1947 2105 1966 ,
2127 1917 2265 1968 potest
2283 1928 2371 1959 non

1332 1994 1422 2024 esse
1435 1997 1444 2034 ;
1468 1984 1568 2037 quia
1589 1985 1703 2038 quod
1721 1987 1978 2039 potestesse,
2001 1989 2138 2040 potest
2152 1999 2239 2029 non
2262 2000 2367 2040 esse,

1331 2056 1380 2095 ut
1409 2053 1693 2110 Philosophus
1715 2060 1729 2083 ⁹
1752 2058 1916 2111 probat,
1947 2060 1988 2099 et
2006 2058 2290 2101 Damascenus
2312 2060 2366 2101 ¹⁰:

1331 2125 1440 2167 Deus
1477 2130 1620 2169 autem
1656 2141 1744 2171 non
1773 2132 1910 2183 potest
1939 2142 2025 2172 non
2052 2143 2141 2173 esse
2166 2146 2174 2173 :
2209 2131 2254 2172 in
2284 2131 2369 2174 Deo

1330 2197 1464 2251 igitur
1483 2211 1571 2241 non
1593 2202 1657 2242 est
1684 2201 1873 2255 potentia
1899 2202 1953 2244 ad
1978 2214 2067 2244 esse
2088 2217 2097 2244 :
2127 2215 2214 2245 non
2234 2203 2369 2256 igitur

1330 2268 1477 2324 incipit
1497 2284 1612 2325 esse,
1633 2285 1711 2315 nee
1731 2286 1807 2327 per
1827 2277 2008 2326 motum,
2031 2287 2109 2317 nee
2128 2287 2205 2328 per
2222 2277 2365 2317 muta-

1330 2341 1490 2384 tionem
1504 2376 1515 2396 ,
1537 2345 1638 2398 quia
1659 2344 1685 2370 ¹¹
1706 2348 1847 2388 motus
1868 2349 1930 2388 est
1952 2349 2068 2389 actus
2089 2347 2196 2388 entis
2219 2347 2263 2388 in
2284 2359 2364 2401 po-

1330 2415 1485 2467 tentia,
1525 2417 1762 2460 secundum
1805 2419 1919 2473 quod
1955 2418 2218 2473 hujusmodi.
2259 2419 2365 2460 Hinc

1331 2489 1413 2538 est,
1445 2488 1559 2541 quod
1593 2490 1800 2543 propheta
1833 2490 1988 2541 David,
2026 2490 2188 2545 Spiritu
2221 2493 2366 2534 sancto

1329 2559 1516 2611 afflatus,
1539 2560 1688 2602 videns
1707 2561 1752 2602 in
1773 2562 1855 2603 Deo
1876 2563 2169 2604 auctoritatem
2189 2563 2366 2605 inviola-

1329 2628 1458 2671 bilem
1473 2634 1648 2684 propter
1665 2632 1927 2685 primitatem
1946 2633 2359 2688 imprincipiabilem,

1329 2701 1492 2743 dicebat
1519 2703 1545 2724 ¹²
1565 2717 1573 2744 :
1598 2718 1617 2741 α
1636 2703 1761 2755 Deus,
1783 2705 1857 2759 qui
1877 2705 2121 2747 dominatur
2140 2706 2184 2747 in
2203 2706 2364 2749 virtute

1330 2786 1406 2816 sua
1426 2774 1470 2815 in
1490 2776 1716 2817 aeternum.
1738 2790 1758 2815 »
1783 2776 1828 2819 Si
1847 2777 1962 2818 enim
1983 2778 2184 2831 essentia,
2209 2781 2250 2820 et
2269 2778 2362 2820 vir-

1329 2848 1399 2887 tus
1417 2846 1470 2887 ab
1486 2847 1668 2889 essentia
1684 2848 1834 2901 fluens,
1860 2853 2160 2904 comparantur
2177 2851 2229 2892 ad
2250 2851 2363 2893 idem

1328 2918 1586 2973 principium
1597 2919 1704 2962 etad
1721 2921 1915 2963 eamdem
1932 2934 2119 2974 causam,
2134 2922 2235 2976 quia
2249 2923 2362 2977 quod

1328 2993 1392 3032 cst
1422 3003 1550 3033 eausa
1582 2992 1800 3045 essentiae,
1833 2996 1896 3035 est
1931 3006 2059 3036 causa
2092 2994 2286 3046 virtutiS‚
2321 2998 2362 3037 et

1329 3063 1443 3116 quod
1463 3066 1525 3105 est
1545 3076 1673 3106 causa
1696 3065 1888 3118 virtutiS,
1913 3068 1975 3108 est
1995 3067 2121 3108 etiam
2147 3067 2357 3119 essentiae,

1328 3138 1376 3176 ut
1398 3135 1498 3177 dicit
1518 3135 1816 3189 DaniascenuS,
1831 3140 1872 3179 et
1885 3137 2165 3193 Philosophus
2183 3139 2233 3190 ¹³;
2257 3151 2360 3180 con-

1327 3219 1507 3261 sequens
1526 3211 1612 3260 est,
1644 3212 1691 3250 ut
1720 3209 1795 3263 qui
1814 3209 2059 3252 dominatur
2085 3211 2242 3252 virtute
2261 3223 2358 3263 sua,

1327 3323 1384 3355 lib.
1415 3324 1496 3362 xli,
1525 3325 1609 3357 text.
1638 3325 1690 3357 30.
1719 3342 1755 3348 —
1787 3326 1809 3345 ¹·
1839 3327 2007 3366 Damasc.‚
2038 3325 2077 3358 de
2103 3326 2239 3359 orthod.
2269 3327 2360 3368 Fid„

1327 3371 1385 3402 lib.
1415 3373 1440 3411 Ι,
1467 3381 1496 3403 e.
1526 3379 1603 3412 vm,
1631 3372 1693 3403 sub
1724 3373 1781 3404 fin.
1809 3391 1847 3396 -
1879 3375 1901 3392 ¹¹
1933 3373 2048 3414 Arist„
2081 3373 2274 3415 1¹hys.‚lih.
2305 3376 2359 3416 lli,

1327 3421 1408 3450 text.
1447 3422 1483 3450 16
1517 3421 1549 3450 et
1584 3428 1657 3460 seq.
1688 3438 1728 3444 —
1760 3421 1786 3441 ¹2
1816 3420 1903 3452 Psal.
1944 3428 2028 3462 va,
2058 3422 2088 3453 7.
2119 3438 2158 3445 —
2191 3422 2213 3442 ¹³
2245 3423 2359 3462 Arist„

1328 3465 1490 3507 Metapla„
1510 3466 1568 3498 lib.
1593 3467 1665 3507 ΧΗ,
1687 3469 1768 3499 text.
1789 3468 1840 3500 28.

1369 3530 1414 3571 (α)
1440 3530 1498 3563 Αἰ.
1526 3531 1767 3573 disputatione.
1787 3549 1830 3556 —
1855 3531 1902 3574 (b)
1931 3532 2013 3566 Caet.
2039 3533 2119 3566 edil.
2146 3533 2231 3567 ratio
2259 3533 2361 3566 veris·

1326 3578 1424 3619 sima,
1443 3578 1524 3611 licet
1539 3580 1816 3621 profundissima.
