2633 3878
171 1103 262 1130 David

126 1154 177 1182 per
185 1146 265 1180 plan-

155 1190 233 1214 ctum

135 1236 251 1255 omnem

149 1272 244 1307 legem

122 1313 260 1349 implevit.

125 2455 198 2480 Tres
211 2454 266 2479 sta-

127 2497 173 2521 tus
200 2494 263 2528 jus-

126 2540 230 2564 torum.

289 286 364 325 1164

490 394 756 442 PSALMUS
788 392 967 438 DAVID
1001 391 1096 435 VII.

339 510 389 560 (al
407 512 446 549 2.
471 507 642 548 Domine
666 506 775 545 Deus
789 512 918 550 wreus,
938 500 987 541 in
1003 502 1042 541 te
1056 496 1239 549 speravi.
1258 496 1310 535 ln

285 582 428 631 finem.
454 576 646 619 Psalmus
670 573 810 616 Darii!
832 584 845 612 .·
866 581 984 623 quem
1011 568 1202 610 cautavic
1227 566 1308 607 Do-

283 654 399 694 mitio
408 660 484 702 pro
500 648 635 690 rei-bis
650 645 871 693 mansuete..
887 639 1158 692 [licquinque
1171 637 1308 677 consi-

281 724 403 764 dera:
426 722 579 761 bonam
601 715 905 769 operationem,
920 710 1033 751 unde
1056 723 1064 749 :
1087 707 1309 750 Psatmus:

281 793 420 846 operis
439 788 743 835 fortitudinem,
774 783 887 824 unde
914 796 923 822 :
951 780 1117 830 David3
1156 777 1308 818 mentis

282 863 550 907 hilaritatem,
576 857 688 898 unde
720 870 728 895 :
762 853 985 901 Cantavz't3
1007 850 1061 891 ad
1080 848 1309 890 Dominum

283 934 481 980 relatam,
521 928 632 969 unde
682 939 691 966 ε
733 925 933 972 Domin03
976 921 1132 961 horum
1166 929 1309 970 perse-

283 1002 538 1051 verantiam,
561 997 675 1039 unde
700 1011 709 1036 z
735 997 786 1036 lu
807 995 948 1046 finem.
972 990 1174 1042 Legitur,
1197 985 1310 1039 quod

284 1073 414 1113 David
441 1075 524 1112 tres
554 1069 718 1123 planxit
747 1081 754 1108 :
789 1066 949 1115 filium,
981 1062 1181 1111 amicum,
1205 1059 1308 1099 hos-

282 1148 367 1185 tem
390 1158 399 1184 2
422 1142 629 1191 Absalon,
657 1138 902 1186 Jonatham,
922 1134 1108 1176 Saulem,
1133 1131 1211 1172 Per
1231 1130 1310 1170 hoc

283 1217 406 1257 datur
442 1213 640 1264 intelligi,
680 1209 791 1263 quod
827 1218 997 1249 omnem
1043 1204 1185 1255 legem
1231 1201 1310 1241 im-

282 1288 411 1341 plevit
428 1297 550 1328 :nam
568 1280 810 1336 plangendo
824 1278 978 1327 filium,
991 1279 1153 1316 naturae
1164 1288 1173 1323 ;
1197 1272 1311 1324 plan-

283 1359 422 1412 gendo
460 1356 644 1398 amicum
665 1385 675 1403 ‚
715 1353 864 1392 litterae
888 1383 898 1399 ,
944 1347 1099 1388 scilicet
1142 1343 1275 1396 Moysi
1295 1357 1305 1392 ;

280 1428 521 1483 plangendo
552 1425 752 1471 amicum,
784 1422 925 1473 legem
959 1417 1124 1470 gratiae,
1156 1414 1310 1456 scilicet

281 1499 577 1552 Evangelium.
595 1495 745 1538 Omnia
764 1491 1020 1546 quandoque
1036 1486 1310 1540 comprehen-

280 1573 339 1612 dit
370 1582 528 1623 genera
557 1566 845 1619 singulorum,
879 1564 928 1603 ut
952 1560 1023 1601 hic
1043 1560 1054 1581 ¹
1084 1573 1092 1599 z
1120 1556 1312 1597 «Omnia

281 1654 354 1695 per
367 1642 507 1694 ipsum
520 1640 627 1679 sacta
641 1638 760 1685 sunt;
777 1649 795 1672 n
809 1631 1066 1686 quandoque
1081 1628 1308 1670 sufficiunt.

333 1716 372 1752 4.
395 1713 449 1753 δι’
472 1711 551 1762 feci
570 1707 704 1757 istud,
727 1709 804 1746 ete.
824 1703 901 1744 Per
919 1701 1030 1743 istud
1051 1700 1310 1741 demonstra-

280 1789 350 1825 tur
370 1781 581 1835 superbia,
614 1789 711 1832 quae
732 1775 885 1817 dicitur
905 1771 1146 1814 universale
1167 1782 1312 1823 pecca-

281 1858 394 1904 tum,
409 1852 510 1906 quia
528 1849 727 1902 superbia
747 1846 970 1887 comitatur
984 1854 1112 1884 omne
1135 1839 1311 1881 mortale

281 1928 513 1978 peccatum.
535 1921 641 1962 Nam
655 1919 794 1961 omnis
812 1917 884 1970 qui
900 1917 1042 1969 peccat
1060 1912 1308 1962 mortaliter,

282 1999 378 2039 facit
406 1999 550 2038 contra
575 1995 836 2048 praeceptum
864 1989 1031 2031 Domini
1061 1987 1133 2028 Dei
1159 1986 1240 2034 sui,
1272 1987 1314 2025 et

283 2068 458 2109 Domino
489 2078 565 2107 suo
591 2077 677 2105 non
706 2062 869 2113 obedit,
902 2063 942 2101 et
974 2059 1065 2100 ideo
1094 2056 1309 2110 superbit:

281 2139 378 2179 inde
398 2138 550 2179 dicitur
568 2133 809 2176 universale
826 2133 1060 2186 peccatum.

336 2213 401 2260 10,
426 2212 491 2249 11.
512 2207 645 2248 Nota:
670 2218 745 2258 per
772 2205 863 2244 haec
887 2202 968 2243 tria
993 2215 1002 2241 :
1033 2200 1199 2251 Diriqes
1215 2197 1312 2250 Jus-

285 2285 374 2323 tum
384 2292 401 2332 ,·
427 2281 600 2320 dus—tum
622 2276 887 2328 adiutorium
905 2283 1042 2314 meum
1063 2282 1090 2313 α
1109 2269 1286 2312 Domino
1297 2280 1315 2320 ,·

289 2351 374 2403 Qui
402 2350 540 2392 salvos
563 2348 665 2399 fucit
694 2351 822 2388 rectos
848 2344 982 2394 corde,
1014 2341 1315 2393 intelliguntur

285 2426 368 2462 tres
402 2424 536 2461 status
560 2421 795 2472 Jusloruin,
832 2415 1000 2464 scilicet,
1023 2416 1154 2453 status
1174 2411 1312 2464 poeni-

286 2493 440 2543 tentiae,
464 2494 596 2532 status
611 2489 805 2542 Justitiae,
826 2486 980 2527 scilicet
1001 2496 1074 2537 per
1094 2484 1204 2524 bona
1221 2494 1316 2535 ope-

285 2577 348 2616 ra,
369 2567 500 2604 status
521 2562 683 2614 gloriae,
700 2560 856 2600 scilicet
873 2568 1046 2598 merces.
1063 2555 1183 2605 Quod
1203 2554 1314 2595 idem

287 2640 457 2678 notatur
479 2636 521 2675 in
544 2632 723 2675 Ecclesia
756 2642 829 2684 per
853 2628 1026 2681 vigilias
1043 2626 1311 2675 Sanctorum,

286 2711 326 2747 et
347 2706 645 2753 solemnitates,
668 2706 708 2743 et
727 2704 909 2742 octavas.
934 2699 1048 2739 Idem
1079 2699 1249 2737 notatur
1270 2695 1315 2734 in

286 2777 424 2817 Veteri
444 2775 708 2816 Testamento
724 2773 737 2794 ²
759 2783 832 2824 per
852 2770 1082 2811 oblationes
1103 2767 1315 2820 spicarum

286 2851 548 2895 exustarum,
571 2847 618 2885 ut
638 2844 681 2883 in
700 2841 878 2890 Pascha3
902 2843 942 2880 et
963 2851 1036 2892 per
1056 2838 1315 2878 oblationem

288 2929 500 2958 novorum
527 2926 689 2969 panum
719 2914 765 2953 in
783 2912 849 2952 die
871 2911 1148 2959 pentecostes,
1172 2911 1212 2948 et
1241 2918 1317 2959 per

288 2987 612 3040 scenopegiam,
644 2983 757 3037 quod
788 2985 849 3022 est
878 2981 922 3021 in
948 2978 1209 3032 Septembri,
1242 2977 1316 3018 ubi

287 3071 434 3100 omnes
462 3059 624 3097 fructus
648 3054 808 3095 collecti
838 3051 1139 3093 offerebantur.
1173 3048 1221 3088 In
1248 3048 1314 3088 fu-

288 3133 383 3170 turo
403 3128 519 3169 enim
539 3128 552 3150 ³
578 3142 596 3163 α
615 3126 786 3167 venient
811 3136 908 3164 cum
928 3122 1198 3171 exultatione,
1222 3131 1316 3172 por-

288 3202 422 3240 tantes
451 3197 689 3250 manipulos
711 3207 825 3236 suos..
848 3210 866 3231 n
906 3192 1026 3242 Quod
1050 3192 1315 3242 significatur

291 3282 362 3321 per
382 3269 586 3318 triduum,
611 3279 696 3320 quo
717 3265 881 3318 Moyses
901 3263 1018 3316 petiit
1036 3274 1060 3301 a
1078 3261 1313 3312 Pharaone,

293 3349 338 3383 ut
357 3344 582 3384 dimitteret
599 3340 806 3395 populum
827 3338 957 3379 trium
976 3336 1143 3376 dierum
1158 3335 1315 3374 immu-

335 3430 340 3444 ¹
362 3428 469 3465 dorm„
495 3434 519 3466 1,
539 3430 570 3458 3,
592 3444 632 3449 —
656 3428 667 3444 ’-’
687 3425 805 3464 Levia,
831 3430 932 3454 xxiii.
953 3438 994 3444 —
1013 3420 1026 3441 3
1047 3419 1135 3450 Ρ-ςαί.
1159 3426 1259 3458 cxxv,
1284 3423 1313 3450 ϋ.

290 3491 330 3497 -
355 3474 368 3494 ⁴
393 3474 514 3512 Exod„
545 3482 576 3514 V,
604 3481 700 3513 xxw,
727 3479 846 3503 xxxin
872 3488 912 3493 -
940 3470 950 3486 ⁵
981 3469 1004 3499 ll
1042 3467 1134 3505 Cora,
1161 3474 1188 3505 1,
1219 3468 1250 3496 ὅ.
1279 3482 1313 3487 —

291 3523 303 3541 ⁸
324 3522 432 3559 doun„
448 3529 510 3559 ΧΗ,
531 3522 581 3552 31.
601 3538 642 3543 ——
660 3521 670 3539 ⁷
694 3519 781 3551 Psal.
800 3527 881 3558 xxx,
902 3519 953 3548 21.
972 3532 1011 3538 --
1029 3514 1043 3536 8
1066 3514 1073 3544 1
1097 3513 1239 3552 Cor.,vi,
1264 3513 1313 3544 18.

289 3585 328 3590 —
348 3571 358 3580 ¹*
381 3570 388 3597 1
413 3568 501 3604 Con,
523 3575 553 3606 ν,
574 3568 604 3597 7.

857 275 916 289 ψ·
979 264 1251 309 EXPOSITIO
1285 262 1337 305 IN
1370 261 1719 304 PSALTERIUM.

1385 363 1484 391 nem
1507 350 1553 391 in
1584 349 1831 399 solitudine3
1853 349 1954 388 item
1974 359 2049 400 per
2068 349 2153 388 tres
2174 349 2410 402 quadrage-

1386 433 1461 460 nas
1489 420 1524 470 ⁶,
1563 420 1718 473 quibus
1749 419 1913 472 Moyses
1937 418 2172 470 jeiunavit;
2202 419 2303 460 item
2340 432 2415 473 per

1387 494 1563 531 mortem
1589 490 1740 531 Christi
1759 489 2016 529 triduanam.

1441 563 1504 601 13.
1531 561 1731 603 Glaclz'wn
1760 571 1884 601 suum
1912 559 2114 601 vibravit.
2137 558 2246 607 Quot
2280 559 2415 600 modis

1387 631 1556 683 gladius
1577 631 1756 680 dicatur,
1779 629 1878 671 alibi
1899 630 2072 669 dicetur.

1440 704 1504 742 18.
1531 701 1763 751 Confitebor
1784 700 1976 742 Domino.
2008 699 2080 740 Est
2100 699 2303 740 confessio
2322 699 2416 740 lau-

1385 772 1465 821 dis,
1491 772 1541 822 (b)
1562 770 1765 811 confessio
1785 770 1955 822 peccati.
1982 770 2191 811 Confessio
2213 769 2348 811 laudis
2365 769 2416 810 de
2458 790 2576 819 Confes-

1384 841 1524 881 tribus
1545 855 1552 881 :
1584 841 1634 881 de
1655 841 1766 880 hono
1793 842 1966 889 aeterno,
1990 838 2040 878 dc
2065 841 2283 892 perpetuo,
2306 844 2346 880 et
2365 839 2416 880 de
2435 831 2481 898 {³ss
2500 831 2575 898 (iffi

1384 911 1624 964 temporali.
1655 909 1762 950 Nam
1795 910 1895 962 quia
1927 909 2153 959 Dominus,
2181 909 2417 950 laudandus
2462 892 2549 959 fessi?

1385 982 1500 1035 quod
1519 986 1580 1022 est
1600 984 1802 1030 aeternus,
1825 982 1865 1020 et
1885 980 1998 1032 quod
2019 980 2088 1020 dat
2115 979 2248 1021 vitam
2269 991 2418 1033 perpe·
2435 955 2556 988 pemau‘

1384 1058 1520 1103 tuam,
1538 1055 1578 1092 et
1597 1051 1712 1105 quod
1729 1051 1798 1091 dat
1816 1050 2079 1102 temporalia.
2098 1049 2306 1091 Confessio
2321 1062 2416 1103 pec-

1385 1125 1465 1165 cati
1496 1124 1541 1163 in
1569 1124 1705 1163 tribus
1729 1137 1737 1163 :
1760 1122 1805 1161 in
1837 1121 2026 1173 gemitu,
2058 1122 2100 1161 in
2127 1120 2342 1173 singultu,
2374 1121 2416 1162 in

1385 1196 1501 1236 fletu.
1525 1194 1713 1234 Gemitus
1731 1192 1775 1232 in
1795 1194 1985 1244 pectore;
2012 1192 2226 1244 singultus
2247 1192 2291 1232 in
2314 1194 2415 1244 gut-

1385 1270 1498 1316 ture;
1522 1266 1646 1305 fletus
1665 1264 1711 1304 in
1730 1275 1803 1304 ore
1819 1266 2004 1304 notatur.

1587 1422 1854 1468 PSALMUS
1888 1421 2064 1467 DAVID
2097 1421 2214 1467 VIII.

1440 1555 1478 1591 1.
1502 1551 1554 1592 In
1574 1550 1704 1602 finem
1721 1560 1798 1602 pro
1820 1549 2103 1592 torcularibus
2126 1548 2189 1600 (c).
2213 1547 2260 1588 In
2284 1549 2419 1589 torcu-
2436 1571 2578 1598 „romum

1386 1621 1462 1661 lari
1481 1621 1563 1661 tria
1581 1623 1680 1661 sunt
1699 1633 1708 1661 :
1731 1633 1833 1661 nam
1855 1632 1952 1661 uvae
1973 1621 2250 1672 prei‘nuntur3
2274 1619 2375 1660 vina
2394 1632 2419 1660 a
2439 1611 2578 1639 5⁰⁰¹⁶⁵³⁸³

1386 1692 1562 1733 vinaciis
1582 1694 1851 1744 separantur3
1884 1691 1984 1733 vina
2006 1690 2050 1730 in
2079 1689 2298 1731 cellarium
2319 1701 2416 1743 por-

1387 1765 1425 1802 ta
1432 1766 1543 1804 ntur.
1560 1763 1660 1804 Haec
1673 1766 1816 1804 autem
1835 1763 1915 1803 tria
1927 1762 2123 1803 Ecclesiae
2142 1761 2418 1815 conveniunt,

1386 1836 1427 1874 et
1456 1833 1549 1874 ideo
1584 1834 1736 1874 dicitur
1769 1834 1986 1875 torcular:
2020 1845 2120 1873 nam
2146 1833 2192 1874 in
2222 1833 2420 1886 praesenti

1387 1907 1663 1957 premuntur,
1696 1905 1808 1945 unde
1836 1905 1917 1945 hoc
1949 1907 1962 1928 5
1997 1918 2005 1944 :
2036 1903 2213 1956 «Supra
2244 1904 2419 1945 modum

1389 1976 1557 2027 gravati
1575 1987 1746 2026 sumus,
1767 1976 1825 2016 ita
1845 1979 1894 2015 ut
1912 1975 2085 2015 taederet
2110 1986 2186 2015 nos
2212 1974 2374 2016 vivere.
2395 1989 2413 2014 ›)

1388 2046 1493 2087 Boni
1512 2059 1536 2086 a
1555 2046 1678 2087 malis
1693 2048 1958 2099 separantur,
1977 2045 2089 2086 unde
2106 2045 2186 2086 hoc
2205 2046 2219 2067 ⁶
2243 2060 2252 2087 :
2269 2061 2288 2085 a
2301 2046 2421 2088 Nunc

1388 2120 1450 2158 est
1479 2117 1693 2170 Juclicium
1726 2117 1899 2167 mundi,
1930 2130 1950 2154 »
1987 2115 2086 2168 quia
2120 2115 2268 2156 saltem
2293 2116 2419 2158 modo

1389 2188 1522 2228 sancti
1543 2190 1796 2240 separantur
1811 2201 1836 2228 a
1853 2187 2032 2237 mund03
2051 2187 2095 2227 in
2108 2187 2243 2240 patria
2261 2199 2420 2241 ponen-

1388 2261 1472 2308 tur,
1493 2258 1606 2299 unde
1626 2258 1706 2299 hoc
1722 2262 1734 2284 7
1759 2270 1769 2299 z
1798 2257 2071 2298 «Abscondes
2093 2269 2163 2298 eos
2179 2258 2224 2298 in
2243 2258 2420 2300 abscon-

1389 2329 1474 2370 dito
1495 2328 1613 2369 faciei
1633 2331 1736 2369 tuae.
1755 2344 1774 2366 »

1435 2402 1474 2439 ⁶2.
1499 2400 1688 2450 Domine,
1703 2400 1914 2441 Dominus
1927 2402 2081 2442 noster.
2098 2399 2316 2453 Separatio
2335 2400 2419 2441 alia
2455 2426 2571 2462 „mex

1390 2470 1616 2521 generalis,
1642 2470 1724 2511 alia
1745 2470 1948 2523 specialis.
1973 2469 2190 2512 Generalis
2213 2471 2338 2512 modo
2358 2473 2420 2511 est
2437 2476 2567 2537 39³2·

1388 2541 1552 2591 anim03
1576 2544 1617 2581 et
1632 2542 1840 2594 separatio
1858 2541 1998 2582 localis
2020 2542 2068 2582 fit
2090 2545 2181 2583 tum
2201 2543 2254 2584 ad
2275 2546 2418 2585 caute-
2437 2525 2577 2586 (painte-

1387 2611 1488 2662 lam,
1510 2615 1602 2652 tum
1622 2611 1676 2652 ad
1695 2612 1946 2652 medicinam
1964 2626 1973 2653 :
1996 2612 2049 2666 (d)
2073 2615 2119 2654 ut
2139 2614 2308 2667 quando
2322 2615 2419 2669 quis
2455 2591 2567 2619 ¹⁰⁰⁸¹³³¹

1389 2682 1515 2722 intrat
1552 2683 1785 2723 claustrum
1805 2714 1818 2733 ,
1857 2686 1905 2724 ut
1949 2684 2087 2736 fugiat
2125 2687 2417 2738 opportunita-

1388 2757 1473 2794 tem
1501 2754 1563 2807 (e);
1585 2756 1699 2795 unde
1717 2755 1941 2807 Apostolus
1958 2755 1972 2776 ⁸
1993 2770 2002 2796 ε
2025 2756 2210 2809 «Fugite
2228 2771 2248 2796 >³
2275 2758 2330 2811 (1⁰)
2339 2772 2349 2809 ;
2365 2758 2419 2800 ad

1389 2825 1662 2876 medicinam,
1684 2828 1732 2865 ut
1758 2824 1810 2865 de
1832 2827 2231 2878 excommunicatis,
2253 2828 2330 2882 qui
2349 2840 2417 2870 se-

1390 2897 1595 2947 parantur
1623 2895 1676 2935 ab
1709 2894 1881 2935 ecclesia
1909 2898 1951 2936 et
1980 2909 2004 2937 a
2023 2898 2321 2940 communione
2340 2898 2420 2940 Ec-

1389 2967 1541 3017 clesiae,
1556 2969 1604 3007 ut
1621 2967 1787 3007 tandem
1802 2967 1908 3009 salvi
1923 2968 2027 3009 flant
2043 2983 2052 3009 :
2069 2969 2182 3010 unde
2194 2968 2420 3023 Apostolus

1384 3039 1513 3091 jussit
1531 3038 1740 3091 expellere
1756 3038 2034 3080 fornicarium
2053 3051 2078 3079 a
2105 3038 2331 3081 Corinthiis
2350 3041 2419 3082 di-

1389 3121 1487 3149 cens
1513 3112 1526 3134 ⁹
1555 3121 1565 3149 :
1599 3123 1618 3147 (t
1646 3108 1894 3162 Expurgate
1928 3112 2052 3151 vetus
2085 3110 2365 3164 fermentum,
2392 3119 2412 3151 ἡ

1390 3180 1509 3233 quasi
1530 3194 1538 3221 :
1560 3180 1598 3220 A
1624 3180 1747 3220 vobis
1767 3180 1917 3232 ejicite.
1940 3180 2154 3222 Generalis
2184 3182 2266 3222 erit
2285 3183 2331 3223 in
2349 3182 2415 3223 fu·
2455 3213 2578 3247 sepm-

1389 3255 1501 3301 turo,
1523 3251 1666 3291 animo
1684 3252 1726 3291 et
1745 3250 1850 3292 loco.
2169 3256 2188 3269 ⁴¹
2437 3252 2577 3320 11⁶3‚80¹²e·

2437 3301 2470 3321 Γᾶ
2482 3301 2518 3321 18.

1435 3360 1477 3399 (a)
1491 3360 1571 3400 Leg.
1588 3362 1597 3391 vl
1609 3383 1616 3389 .
1630 3360 1668 3391 In
1679 3359 1792 3401 finem.
1802 3358 1995 3390 Psalmus...
2010 3360 2089 3398 etc.;
2104 3358 2186 3390 item
2195 3360 2225 3397 2,
2237 3359 2415 3393 Domine...

1389 3424 1430 3429 —-
1450 3407 1495 3447 (b)
1517 3407 1631 3448 Suppl,
1655 3409 1706 3438 est
1724 3409 1768 3437 et.
1785 3423 1826 3428 —
1849 3407 1883 3445 (c)
1908 3407 1987 3437 coet.
2009 3406 2087 3436 edit.
2105 3405 2186 3436 lianc
2203 3405 2351 3446 qlossum
2368 3417 2416 3439 re—

1389 3454 1502 3493 fer-unt
1535 3454 1579 3485 ad
1601 3454 1721 3495 psalm.
1749 3460 1804 3484 LV.
1826 3469 1865 3476 —
1889 3452 1940 3493 (tl)
1963 3451 2082 3492 Suppl.
2112 3452 2154 3484 ad
2179 3453 2356 3488 cautelam.
2378 3473 2414 3478 —

1389 3499 1776 3580 galgugglgupeccandi.
1799 3517 1835 3522 —
1863 3499 1908 3539 (f)
1941 3499 2022 3531 Coet.
2048 3499 2126 3531 edit.
2156 3500 2234 3533 add.
2268 3503 2415 3545 oportet,
