2633 3878
216 286 266 324 12
844 273 1152 319 PRINCIPIUM
1180 269 1364 313 SAGRAE
1392 267 1715 312 ΞΕΗΙΡΤΠΗΖΕ.ι

212 373 301 426 ipse
334 372 611 413 contraheret.
650 369 767 411 Sicut
790 371 933 410 tamen
963 366 1107 409 radius
1136 362 1235 405 solis

213 443 568 485 incontaminatus
591 441 750 483 cloacas
774 442 964 494 penetrat
985 454 994 480 ι
1017 438 1075 478 510
1101 436 1236 490 stylus

213 514 390 568 Spiritus
412 513 542 554 sancti
559 514 570 535 ¹
590 514 767 566 atlz‘nyz't
791 512 943 564 ubique
968 512 1138 563 propter
1167 511 1236 549 sui

212 585 489 635 munditiam,
503 588 540 627 et
560 585 670 627 m'lu'l
692 585 970 637 inquinatmn
992 580 1174 623 incurrit
1187 580 1236 621 z'n

212 658 346 698 illum,
370 670 389 693 >³
415 656 463 697 Et
484 656 626 697 subdit
651 671 658 696 :
690 671 708 694 (1
729 656 944 708 Scriptura
974 665 1088 694 sacra
1117 650 1236 704 quasi

211 728 285 769 tibi
305 728 418 781 potio
447 730 677 781 temperata
702 729 777 767 est.
802 726 845 766 Si
878 727 971 778 ejus
997 722 1235 764 amaritudo

210 799 397 854 palatum
419 802 541 839 tuum
562 799 796 848 contristat,
820 797 921 850 quid
948 806 1117 836 accusas
1147 805 1235 834 me-

211 872 374 912 dicum‘?
397 884 415 908 ›>
443 868 494 912 Et
522 869 647 922 paulo
676 871 800 922 post:
830 884 849 906 «
877 867 987 909 Deus
1006 866 1121 907 enim
1142 877 1232 906 ma-

213 954 327 996 gnus
346 943 546 991 modicus,
572 953 779 994 magnum
800 940 983 992 suscepit
1002 939 1233 990 aegrotum,

211 1015 462 1055 universum
477 1013 877 1065 genushumanum.
895 1010 1002 1051 Huic
1012 1008 1233 1062 languido,

211 1086 310 1138 quia
332 1084 490 1126 diversi
511 1087 609 1125 sunt
623 1095 777 1134 moreS,
794 1082 926 1124 variae
942 1080 1233 1134 aegritudines,

210 1158 349 1198 varias
375 1157 501 1197 etiam
520 1156 565 1197 in
592 1156 723 1198 verbo
749 1167 825 1196 suo
858 1153 1107 1207 temperavit
1135 1163 1234 1192 con-

208 1229 421 1269 fectiones.
456 1227 573 1277 Quod
606 1239 693 1268 non
728 1227 897 1280 prodest
931 1225 1034 1275 tibi,
1069 1224 1238 1277 prodest

208 1300 342 1341 alteri.
380 1298 525 1353 Neque
558 1298 670 1339 enim
709 1300 834 1339 tuum
866 1295 1160 1338 tantummodo
1193 1295 1237 1335 in

209 1370 424 1424 Scriptura
453 1381 570 1410 sacra
595 1369 742 1421 agitur
773 1369 1012 1421 negotium.
1035 1367 1237 1409 Omnium

208 1445 267 1483 cst
283 1441 340 1482 ibi
362 1441 473 1482 salus
487 1441 685 1494 reposita.
704 1440 747 1481 Si
764 1440 897 1493 igitur
911 1439 1038 1481 sentis
1051 1441 1092 1480 te
1111 1438 1238 1479 talem

207 1526 293 1555 non
313 1526 402 1554 esse
423 1513 593 1567 qualem
613 1513 832 1567 Scriptura
846 1511 1058 1561 describit,
1078 1511 1237 1563 gratias

207 1598 287 1638 age
301 1585 400 1635 Deo,
415 1585 488 1638 qui
504 1597 529 1625 a
541 1584 696 1626 talibus
710 1588 750 1626 te
761 1585 960 1626 servavit.
977 1583 1081 1625 Aliis
1096 1585 1238 1624 tamen

207 1657 346 1699 adhuc
365 1657 683 1709 languentibuS,
706 1668 759 1697 ne
775 1656 880 1698 velis
895 1655 1085 1696 subtrahi
1109 1653 1239 1695 medi-

207 1729 360 1770 cinam.
386 1728 535 1770 Omnia
555 1740 674 1780 ergo,
704 1739 801 1782 quae
822 1728 867 1768 in
887 1726 1108 1769 volumine
1127 1725 1238 1777 legis

207 1799 392 1851 invenis,
426 1799 620 1851 comede,
652 1798 887 1840 secundum
917 1798 1032 1852 quod
1060 1797 1105 1837 in
1131 1798 1238 1839 Eze-

208 1872 334 1915 cltz'ele
348 1874 361 1895 ‘²
381 1872 584 1925 scriptum
602 1874 678 1913 est.
702 1870 770 1913 Nil
785 1871 913 1912 ducas
933 1869 1235 1923 spernendum,

207 1944 268 1984 nil
289 1944 471 1985 aestimes
490 1942 801 1996 abjiciendum:
819 1954 872 1983 ex
884 1942 966 1983 hoc
980 1941 1107 1992 enim,
1125 1939 1238 1993 quod

207 2028 324 2057 sacra
345 2014 563 2068 Scriptura
582 2014 824 2055 detestando
850 2015 994 2054 narrat
1019 2012 1235 2063 enormia,

207 2099 293 2128 non
331 2087 471 2127 solum
507 2098 594 2127 non
629 2085 884 2138 vituperari,
923 2096 1079 2125 verum
1111 2083 1238 2124 etiam

209 2158 352 2200 extolli
377 2161 583 2210 meretur,
616 2157 850 2199 secundum
877 2156 1169 2208 Augustinum
1198 2156 1235 2206 ³,

208 2230 283 2283 qui
303 2230 354 2271 de
373 2230 557 2283 speculo,
580 2232 621 2271 et
638 2229 732 2271 luce
751 2229 864 2270 idem
883 2228 1001 2282 ponit
1021 2227 1073 2268 ad
1093 2237 1239 2268 exem-

208 2302 342 2356 plum,
365 2302 422 2342 sic
448 2302 588 2343 dicens
614 2315 623 2341 :
652 2315 671 2339 11
692 2300 915 2342 Peccatum
940 2299 1031 2349 Lot,
1052 2298 1121 2338 cui
1141 2309 1238 2350 per-

208 2374 390 2414 hibitum
429 2375 508 2424 est,
551 2375 781 2425 antequam
818 2373 1029 2425 peccaret,
1059 2369 1239 2423 justitiae

208 2445 514 2495 testimonium,
535 2455 622 2484 non
642 2443 768 2484 modo
789 2454 876 2482 nou
893 2441 1102 2481 decolorat
1124 2439 1239 2481 divi—

208 2517 383 2556 nitatem
403 2515 488 2567 Dm,
512 2515 581 2556 vel
602 2514 831 2567 Scripturae
858 2512 970 2553 illius
990 2512 1236 2562 veritatem;

209 2598 363 2628 verum
408 2587 536 2628 etiam
579 2585 840 2627 laudandum
886 2583 1240 2636 diligendumque

210 2659 497 2710 commendat,
534 2659 648 2712 quod
679 2661 882 2711 tanquam
917 2655 1075 2709 speculi
1107 2654 1241 2697 fidelis

210 2730 323 2770 nitor
353 2729 620 2770 admotarum
641 2729 719 2769 sibi
745 2739 1039 2780 personarum,
1061 2739 1148 2768 non
1169 2739 1240 2768 so-

211 2800 304 2842 lum
325 2812 422 2854 quae
442 2800 620 2853 pulchra
641 2802 767 2852 atque
796 2798 986 2850 integra,
1013 2798 1085 2838 sed
1112 2798 1241 2838 etiam

211 2883 310 2925 quae
329 2872 533 2913 deformia
561 2872 644 2911 sint
671 2876 795 2924 atque
822 2870 988 2920 vitiosa,
1016 2870 1187 2912 indicat.
1214 2884 1234 2908 ›>

211 2945 263 2986 Et
282 2955 384 2985 mox
417 2958 426 2985 :
450 2947 484 2994 j«
515 2943 732 2997 Numquid
769 2944 1020 2997 cujusquam
1050 2943 1242 2984 membra

212 3016 384 3058 distorta
416 3015 648 3068 depravant
678 3015 843 3065 lucem,
866 3027 963 3069 quae
991 3017 1140 3056 cuncta
1169 3015 1240 3057 de-

215 3086 534 3129 monstrat?Sic
553 3099 630 3127 nec
648 3088 884 3140 cuiuspiam
907 3087 1127 3128 malefacta
1145 3098 1241 3128 ma-

212 3159 298 3200 lam
317 3157 578 3211 Scripturam
606 3159 791 3208 faciunt,
815 3171 898 3211 qua
928 3159 1155 3212 prodente,
1178 3158 1242 3200 le-

215 3229 412 3282 gentibus
427 3228 708 3270 innotescunt.
724 3228 1029 3270 Verumtamen
1039 3241 1126 3270 non
1137 3241 1243 3272 sem-

215 3312 310 3353 per,
332 3311 431 3341 cum
454 3299 646 3353 turpium
671 3300 769 3340 facit
796 3301 1078 3352 mentionem,
1100 3302 1242 3343 verbis

216 3370 351 3412 utitur
380 3371 598 3411 manifeste
625 3370 848 3424 turpibus;
871 3372 940 3412 sed
969 3373 1095 3424 Juxta
1125 3372 1242 3425 peri-

215 3441 407 3496 phrasim
419 3442 536 3495 loqui
549 3443 784 3495 consuevit,
800 3455 897 3497 quae
909 3443 1052 3496 figura
1067 3442 1243 3484 circuitu

260 3549 271 3571 ¹
290 3549 384 3590 Sap„
403 3555 464 3588 vu,
485 3549 536 3581 24.
554 3565 593 3572 —
610 3548 624 3571 ²
642 3549 775 3591 Ezech„
795 3557 847 3593 111,
871 3552 940 3585 1-3.
955 3567 996 3575 —
1011 3551 1025 3574 ⁸
1039 3551 1139 3592 Aug„
1156 3551 1242 3582 cont.

219 3596 347 3637 Faust„
372 3595 430 3630 lib.
457 3596 506 3638 11,
533 3605 563 3629 c.
591 3603 653 3639 LX,
685 3605 758 3632 LXI.
785 3616 826 3624 -
851 3599 865 3622 ⁶
890 3598 983 3642 isid„
1012 3598 1052 3632 de
1082 3597 1245 3641 Etymol„

1312 363 1353 401 et
1377 359 1747 401 circumlocutione
1764 360 1996 402 verborum
2011 360 2243 404 foeditatem
2256 364 2340 407 evi-

1311 433 1384 483 tat,
1408 431 1645 472 secundum
1668 431 1874 473 Isidorum
1894 431 1923 472 ¹0.
1948 445 1967 470 ›>
1994 431 2111 474 Unde
2137 436 2177 474 et
2200 433 2336 477 Raba-

1312 516 1393 544 nus
1419 503 1476 543 sic
1504 502 1591 543 ait:
1632 517 1650 541 «
1669 502 1852 556 Loquela
1880 503 2052 545 hebraea
2081 506 2229 546 vocata
2260 507 2341 547 fuit

1311 575 1478 628 loquela
1505 575 1757 625 sanctitatis;
1793 575 1897 616 illud
1927 578 2070 617 autem
2100 589 2187 618 non
2220 580 2341 631 putes

1312 646 1424 700 quod
1442 646 1568 686 suerit
1588 648 1758 698 propter
1779 646 2024 688 electionem
2044 649 2249 700 nostram,
2270 649 2343 690 sed

1311 722 1422 758 recte
1442 719 1639 758 vocatum
1659 717 1738 757 fuit
1757 717 1837 758 hoc
1860 718 2150 770 linguagium.
2172 719 2219 760 In
2247 720 2340 773 ipso

1311 801 1495 841 namque
1507 800 1591 828 non
1606 788 1798 829 invenies
1809 800 1964 830 nomen
1972 802 2109 830 unum
2123 791 2343 844 proprium

1310 861 1612 912 fornicationis,
1629 873 1707 901 nec
1721 861 1911 902 invenies
1924 873 2082 903 nomen
2095 862 2343 916 impositum

1311 933 1436 974 alicui
1465 932 1659 992 membro
1674 964 1685 984 ,
1716 933 1831 985 quod
1851 934 1976 985 turpe
2001 935 2063 973 est
2082 934 2308 976 nominare
2331 949 2340 976 z

1312 1006 1384 1046 sed
1403 1004 1595 1058 loquitur
1616 1004 1666 1045 de
1685 1003 1743 1044 eis
1758 1015 1833 1056 per
1850 1004 1983 1044 verba
2001 1006 2285 1059 transumpta,
2304 1008 2346 1047 et

1312 1075 1643 1116 accommodata.
1679 1088 1698 1112 ι)
1739 1074 1889 1115 Merito
1922 1087 2026 1127 ergo
2062 1077 2241 1117 vocatur
2275 1076 2345 1119 lex

1312 1146 1557 1199 disciplinoe
1570 1146 1612 1186 in
1624 1146 1987 1198 Ecclesiasticos⁵;
2003 1157 2051 1186 ac
2067 1147 2346 1190 sanctissima

1313 1223 1353 1259 et
1370 1219 1630 1271 qra‘vz‘ssz'ma
1651 1218 1697 1258 in
1716 1218 1970 1260 Machaboez's
1988 1221 2017 1257 ⁶.

1365 1289 1531 1330 Tertius
1566 1301 1685 1330 error
1723 1289 1834 1330 circa
1877 1289 2054 1330 modum
2093 1289 2344 1342 procedendi

1313 1361 1545 1401 destruitur
1564 1373 1588 1401 a
1608 1360 1877 1412 Cassiodoro,
1899 1371 2025 1413 super
2051 1360 2239 1404 Psalmos
2253 1392 2263 1411 ‚
2298 1361 2344 1404 in

1312 1431 1521 1485 principio
1537 1433 1551 1455 ⁷
1571 1445 1581 1472 ε
1603 1431 1854 1484 «Scriptura
1868 1431 2014 1472 multis
2033 1431 2169 1472 modis
2185 1443 2345 1485 genera

1313 1515 1402 1544 suae
1431 1503 1653 1544 locutionis
1681 1506 1871 1554 exercet,
1903 1503 2219 1545 definitionibus
2247 1515 2342 1546 suc-

1313 1575 1469 1626 cincta,
1491 1574 1780 1615 schematibus
1800 1574 1973 1626 decora,
1993 1575 2225 1617 verborum
2244 1587 2343 1629 pro-

1312 1646 1489 1699 prietate
1510 1645 1694 1697 signata,
1719 1645 2070 1699 syllogismorum
2091 1646 2345 1700 complexio-

1312 1717 1440 1758 nibus
1460 1717 1668 1770 expedita,
1691 1716 1920 1770 disciplinis
1941 1717 2176 1759 irrutilans.
2197 1732 2217 1756 »
2246 1717 2346 1760 Haec

1313 1788 1483 1842 proprie
1500 1788 1691 1829 relucent
1706 1788 1751 1828 in
1765 1788 1983 1841 Scriptura
2001 1791 2042 1830 et
2054 1789 2106 1830 ab
2123 1788 2215 1830 aliis
2228 1801 2346 1832 sanc-

1313 1860 1365 1901 tis
1384 1862 1662 1913 usurpantur,
1693 1862 1741 1901 ut
1760 1860 1920 1901 cunctis
1939 1863 2138 1914 appareat
2156 1861 2274 1914 prius
2292 1862 2345 1904 ad

1313 1932 1637 1987 exprimendam
1677 1933 1899 1975 veritatem
1948 1934 2076 1988 Justis
2131 1935 2345 1977 mentibus

1313 2008 1485 2060 datum,
1514 2007 1627 2061 quod
1656 2010 1801 2061 postea
1830 2007 2011 2060 gentiles
2041 2007 2246 2049 humanae
2277 2019 2345 2049 sa-

1312 2080 1483 2134 pientiae
1496 2079 1729 2133 aptandum
1741 2081 2016 2132 putaverunt.
2031 2078 2149 2120 Unde
2162 2077 2346 2121 Isidorus

1313 2153 1412 2194 dicit
1433 2157 1463 2204 ⁸,
1483 2151 1597 2206 quod
1617 2151 1844 2206 Apostolus
1864 2163 1978 2206 saepe
1996 2152 2208 2206 proponit,
2229 2164 2345 2194 assu-

1313 2224 1406 2277 mit,
1426 2225 1665 2275 confirmat‚
1683 2226 1809 2278 atque
1828 2224 2052 2266 concludit.
2076 2223 2173 2275 Sed,
2188 2225 2345 2278 praeter

1311 2296 1435 2338 illum
1466 2296 1645 2337 modum
1670 2296 1879 2337 tractandi
1908 2295 2187 2347 scientialem,
2217 2296 2346 2338 habet.

1313 2367 1533 2422 Scriptura
1552 2368 1728 2409 modum
1748 2367 1828 2408 sibi
1843 2367 2083 2421 proprium,
2099 2379 2229 2421 quem
2244 2367 2344 2409 bea-

1312 2441 1382 2480 tus
1412 2438 1645 2492 Gregorius
1677 2439 1895 2490 eleganter
1932 2438 2150 2488 describit,
2188 2437 2247 2479 sic
2278 2437 2345 2479 in-

1313 2511 1465 2565 quiens
1477 2514 1516 2552 91
1540 2525 1558 2550 (1
1572 2510 1776 2561 Quamvis
1794 2521 1966 2551 omnem
1986 2510 2204 2552 scientiam
2217 2512 2344 2564 atque

1314 2582 1550 2623 doctrinam
1572 2581 1792 2635 Scriptura
1811 2593 1928 2623 sacra
1948 2581 2107 2636 absque
2122 2583 2208 2624 ulla
2227 2595 2342 2624 com-

1313 2654 1531 2708 paratione
1548 2653 1830 2705 transcendat,
1852 2655 1901 2694 ut
1919 2655 2081 2695 taceam
2104 2654 2217 2707 quod
2242 2666 2345 2696 vera

1313 2725 1526 2780 praechcat,
1548 2725 1662 2777 quod
1683 2724 1733 2765 ad
1760 2724 1972 2765 coelestem
1997 2725 2179 2777 patriam
2203 2727 2341 2777 vocat,

1315 2797 1427 2851 quod
1451 2809 1477 2837 a
1506 2796 1686 2837 terrenis
1718 2795 1932 2837 desideriis
1961 2796 2013 2836 ad
2041 2808 2226 2849 superna
2251 2808 2343 2838 am-

1313 2868 1532 2924 plectenda
1551 2880 1622 2909 cor
1641 2867 1824 2920 legentis
1842 2867 2069 2919 immutat,
2091 2868 2206 2922 quod
2225 2868 2344 2910 dictis

1315 2939 1632 2983 obscurioribus
1671 2941 1838 2981 exercet
1883 2940 2033 2990 fortes,
2069 2942 2109 2981 et
2154 2939 2344 2993 parvulis

1314 3012 1469 3054 humili
1505 3023 1699 3053 sermone
1736 3011 1977 3061 blanditur;
2014 3011 2127 3064 quod
2163 3023 2240 3052 nec
2285 3011 2345 3053 sic

1315 3084 1470 3136 clausa,
1499 3086 1548 3125 ut
1566 3083 1735 3137 pavesci
1754 3083 1916 3133 debeat,
1937 3094 2014 3123 nec
2034 3082 2093 3123 sic
2118 3084 2275 3134 aperta,
2297 3084 2345 3123 ut

1314 3157 1510 3207 vilescat;
1547 3155 1661 3209 quod
1691 3166 1772 3195 usu
1810 3153 2026 3194 fastidium
2057 3153 2192 3205 tollit,
2231 3154 2346 3207 quod

1315 3227 1494 3280 legentis
1513 3227 1709 3268 animum
1727 3224 1962 3266 humilibus
1990 3224 2132 3267 verbis
2152 3224 2218 3277 adj
2226 3227 2343 3276 uvat,

1315 3299 1568 3340 sublimibus
1581 3297 1775 3339 sensibus
1787 3297 1923 3348 levat3
1938 3296 2053 3350 quod
2063 3297 2204 3349 aquuo
2220 3296 2347 3338 modo

1316 3383 1415 3412 cum
1433 3370 1673 3423 legentibus
1692 3368 1855 3419 crescit,
1877 3368 1991 3422 quod
2012 3380 2037 3409 a
2063 3367 2244 3409 rudibus
2262 3367 2345 3409 lec-

1317 3503 1374 3535 lib.
1395 3503 1422 3541 l,
1437 3511 1467 3535 0.
1481 3509 1540 3542 xx,
1555 3501 1594 3533 de
1605 3502 1731 3543 Tropis.
1744 3517 1784 3524 —
1798 3500 1809 3519 ⁵
1822 3498 1939 3540 Eccli„
1962 3506 2042 3539 XLV,
2059 3500 2090 3532 6.
2108 3516 2144 3523 -
2158 3499 2169 3517 ⁶
2184 3499 2209 3530 11
2224 3497 2348 3538 Mach„

1317 3558 1364 3590 vr,
1384 3551 1435 3581 28.
1450 3566 1490 3572 —
1507 3550 1516 3568 ⁷
1534 3549 1699 3590 Cassi0d.‚
1722 3548 1758 3579 in
1779 3545 1869 3579 Psal.
1894 3552 1950 3586 XV,
1970 3545 2045 3578 init.
2058 3562 2100 3570 —
2117 3547 2128 3563 ‘⁵
2144 3544 2237 3584 lsid.,
2257 3544 2346 3585 Ety-

1317 3596 1413 3640 mol.,
1428 3596 1488 3630 lib.
1517 3598 1563 3639 11,
1591 3606 1623 3630 0.
1649 3604 1699 3631 1x.
1715 3612 1757 3623 --
1772 3595 1786 3619 ⁹
1800 3596 1917 3637 Greg„
1938 3592 2072 3636 Moral„
2098 3592 2157 3628 lib.
2178 3592 2250 3634 XX,
2270 3600 2301 3625 0.
2322 3599 2347 3625 1.
