2633 3878
265 187 318 226 96
970 176 1416 222 ILLUMINATIONES
1445 175 1709 219 ECCLESIAE

265 273 341 314 ubi
371 273 446 314 vix
475 270 757 324 cognoscebat
785 269 937 323 aliquis
970 270 1128 321 Deum,
1161 269 1293 309 immo

264 344 437 397 lapides,
461 345 501 384 et
517 354 644 395 opera
664 354 872 382 manuum
903 353 1093 392 suarum,
1118 352 1193 392 pro
1210 339 1294 380 Deo

265 414 481 456 colebant:
521 416 562 454 et
600 413 693 454 ideo
731 425 899 454 necesse
938 412 1028 463 fuit,
1067 412 1180 465 quod
1214 411 1294 451 110-

265 499 335 527 1110
355 486 675 527 convinceretur
692 485 741 526 de
756 484 1010 537 ignorantia.
1036 484 1184 525 Postea
1197 484 1295 524 data

263 556 345 597 tuit
360 557 428 597 lex
448 557 712 607 illuminans,
734 558 776 596 et
796 560 936 595 lamen
952 557 963 578 ¹
991 570 1009 592 a
1029 558 1126 595 sunt
1146 554 1293 595 multi-

262 628 426 681 plicatae
446 629 710 669 infirmitates
730 639 879 668 eorum
904 641 912 667 :
939 641 957 664 »
980 629 1021 666 et
1038 625 1200 666 occasio
1215 625 1296 666 fuit

261 699 331 740 lex
353 701 525 752 majoris
544 698 909 751 transgressionis,
929 697 1031 751 quia
1053 702 1066 722 2
1085 709 1095 738 :
1128 712 1146 735 «
1168 698 1295 739 Occa-

263 772 379 812 sione
399 774 581 824 accepta,
605 773 823 824 peccatum
847 781 918 822 per
933 769 1182 810 mandatum
1200 781 1297 822 ope-

263 846 403 883 ratum
426 845 488 883 est
516 841 921 894 concupiscentiam
953 855 971 878 1)
1008 843 1048 881 et
1080 840 1172 881 ideo
1193 853 1291 880 con-

263 915 376 954 vinci
396 915 605 955 debebant
625 914 674 954 de
695 913 942 953 infirmitate
962 912 1050 953 sive
1083 912 1294 964 impoten-

263 986 333 1026 tia.
355 985 502 1026 Postea
516 985 595 1025 suit
610 989 778 1037 tempus
795 983 1117 1037 prophetarum,
1141 983 1215 1036 qui
1238 984 1296 1024 eis

264 1057 483 1098 manifeste
503 1056 777 1097 ostendebant
796 1068 881 1095 non
904 1068 1023 1108 posse
1043 1054 1199 1095 salvari
1222 1067 1296 1108 per

264 1128 419 1180 legem.
441 1128 557 1170 Unde
578 1132 591 1153 ³
615 1143 624 1168 ε
662 1144 681 1167 «
704 1127 996 1169 Solemnitates
1015 1128 1178 1167 vestras
1205 1127 1293 1168 odi-

265 1201 326 1242 vit
341 1200 483 1241 anima
504 1213 611 1241 mea.
635 1200 885 1241 Holocausta
916 1199 1111 1248 arietum,
1137 1201 1177 1239 et
1205 1199 1296 1240 adi-

265 1283 361 1324 pem
391 1272 636 1324 pinguium,
669 1275 709 1312 et
739 1274 978 1321 taurorum,
1009 1273 1050 1311 01
1077 1271 1295 1312 hircorum

265 1342 397 1382 nolui.
419 1357 438 1380 ›)
465 1342 515 1383 Et
534 1343 612 1395 ipsi
634 1355 703 1383 eos
719 1342 1043 1392 interficiebant;
1069 1344 1110 1383 et
1128 1355 1214 1383 non
1234 1355 1297 1382 so-

264 1413 354 1453 lum
375 1413 502 1466 ipsos,
519 1414 587 1454 sed
606 1414 706 1467 ipsis
719 1414 998 1464 adhaerentes,
1017 1415 1057 1454 et
1068 1414 1297 1467 prophetas

265 1485 389 1525 falsos
405 1485 676 1538 recipiebant3
701 1488 742 1526 et
771 1485 815 1525 in
831 1485 912 1526 1100
933 1485 1127 1538 apparuit
1147 1498 1296 1526 eorum

266 1557 441 1598 malitia.
465 1557 514 1598 Et
534 1558 592 1598 sic
610 1557 623 1579 ⁴
645 1572 663 1595 «
687 1557 892 1598 conclusit
909 1557 1128 1610 Scriptura
1149 1557 1294 1598 omnia

266 1628 345 1668 sub
365 1631 546 1682 peccato,
570 1643 589 1665 n
615 1628 715 1681 quia
737 1629 873 1681 primo
894 1640 967 1681 per
990 1628 1292 1680 ignorantiam,

266 1700 449 1740 secundo
478 1712 552 1752 per
584 1699 892 1750 infirmitatem,
922 1699 1045 1740 tertio
1070 1712 1145 1752 per
1174 1700 1297 1741 mali-

266 1772 384 1821 tiam,
406 1774 454 1812 ut
474 1771 662 1812 Christus
693 1771 870 1813 veniens
901 1771 1098 1812 omnium
1118 1773 1296 1813 misere-

267 1846 384 1883 retur
406 1857 414 1883 :
435 1846 476 1884 et
494 1843 574 1884 hoc
596 1843 724 1883 etiam
753 1842 988 1883 admiratur
1018 1843 1243 1895 Apostolus
1266 1847 1295 1894 ⁵,

267 1916 308 1954 et
345 1914 499 1966 allegat
525 1914 819 1955 auctoritatem
861 1914 1023 1956 Psalmi
1061 1929 1077 1956 ,·
1102 1914 1298 1955 «Omnes

267 1985 598 2037 declinaverunt,
620 2002 639 2023 n
664 1989 741 2026 etc.
766 1985 959 2027 Secundo
980 1986 1198 2039 Scriptura
1217 1988 1298 2026 tra-

267 2057 380 2097 ditur
395 2057 447 2098 ad
466 2057 817 2098 introducendam
837 2058 979 2109 fidem,
1007 2070 1103 2111 quae
1123 2061 1184 2098 est
1202 2070 1297 2098 cre-

267 2128 422 2169 dulitas
443 2141 587 2170 rerum
606 2129 960 2170 arduissimarum
979 2132 1019 2170 et
1037 2129 1299 2170 difficillima-

268 2212 366 2240 rum
389 2215 396 2239 :
423 2200 515 2241 ideo
537 2201 737 2254 oportuit,
757 2201 872 2253 quod
890 2200 1100 2254 promissa
1120 2201 1299 2240 miracu-

268 2270 322 2321 la,
350 2273 390 2311 et
419 2272 543 2324 signa
562 2272 840 2312 multiformia
867 2271 1159 2325 praemitteret.
1185 2270 1299 2311 Sicut

268 2344 445 2383 materia
464 2343 602 2396 primo
622 2343 860 2396 adaptatur,
891 2343 1074 2384 secundo
1102 2343 1299 2383 introdu-

267 2415 375 2455 citur
389 2416 535 2465 forma3
559 2416 616 2456 sic
635 2416 773 2467 primo
792 2415 935 2468 aliqua
964 2415 1101 2456 facilia
1119 2416 1300 2469 patriar-

267 2487 357 2527 chis
374 2488 482 2539 fecit,
507 2490 554 2528 ut
576 2488 798 2541 promissa,
821 2490 869 2528 ut
900 2488 1013 2541 quod
1044 2487 1229 2528 Abrahae
1246 2489 1297 2528 fi-

267 2558 349 2600 lius
376 2562 631 2610 nasceretur,
663 2563 703 2600 et
735 2559 847 2612 quod
879 2559 1006 2600 etiam
1040 2562 1187 2611 gentes
1219 2559 1300 2600 sibi

267 2630 498 2682 obedirent,
522 2631 634 2684 quod
654 2631 840 2672 crederet
860 2631 975 2684 quod
996 2630 1110 2671 filius
1137 2631 1301 2671 interfi-

268 2704 447 2754 ceretur,
466 2703 579 2755 quod
599 2705 736 2755 posset
748 2714 989 2754 resurgere,
1010 2705 1050 2742 et
1064 2702 1177 2754 quod
1191 2701 1301 2741 Deus

269 2775 407 2825 posset
435 2785 536 2813 eum
565 2773 830 2813 resuscitare.
863 2772 982 2813 Unde
1009 2772 1067 2812 ibi
1099 2784 1174 2824 per
1206 2783 1300 2824 pro-

269 2844 398 2884 missa
427 2844 577 2884 ductus
604 2846 666 2884 est
686 2844 815 2885 homo
847 2843 898 2883 ad
930 2843 1078 2892 fidem;
1104 2845 1197 2895 post
1226 2854 1301 2895 per

270 2915 471 2968 mysteria
490 2918 530 2955 et
547 2915 752 2956 miracula
766 2915 809 2954 in
826 2915 1005 2963 deserto,
1027 2916 1068 2954 et
1084 2926 1159 2966 per
1178 2913 1301 2966 signa

269 2986 472 3036 maxima,
495 2989 542 3026 ut
569 2989 682 3039 patet
708 2987 751 3026 in
782 2986 963 3027 transitu
995 2985 1137 3036 maris,
1160 2988 1200 3025 et
1219 2985 1301 3025 ssa-

271 3056 497 3108 gellatione
517 3056 704 3110 AEgypti;
729 3061 821 3110 post
840 3069 915 3109 per
934 3056 1105 3103 oracula
1122 3056 1302 3108 prophe-

269 3131 425 3179 tarum,
459 3127 531 3180 qui
553 3128 837 3180 praedicabant
862 3128 921 3168 eis
952 3131 1148 3178 ventura,
1172 3130 1220 3167 ut
1251 3127 1301 3168 de

271 3198 423 3238 Christi
446 3199 755 3240 resurrectione
775 3202 815 3239 et
841 3198 1046 3251 passione,
1071 3201 1112 3239 et
1138 3198 1219 3251 ipsi
1239 3199 1298 3238 eis

271 3270 495 3310 credebant
518 3285 526 3311 :
549 3271 651 3323 quia
679 3282 733 3310 ex
761 3281 845 3322 quo
873 3269 1070 3310 videbant
1098 3269 1211 3321 quod
1243 3269 1301 3309 eis

272 3341 545 3391 eveniebant,
582 3352 681 3393 quae
712 3340 771 3381 eis
799 3339 1108 3393 prophetabant
1126 3370 1136 3389 ,
1175 3341 1216 3380 et
1251 3339 1301 3380 de

273 3409 435 3452 Christo
452 3415 632 3453 venturo
651 3413 710 3452 eis
729 3412 969 3462 credebant,
992 3411 1120 3452 homo
1138 3410 1198 3450 sic
1217 3410 1301 3450 dis-

319 3496 326 3512 ¹
347 3495 435 3526 Psal.
459 3503 514 3536 xxv,
535 3499 563 3528 4.
583 3515 615 3519 —
639 3497 649 3515 ²
669 3498 772 3537 Rom„
792 3505 856 3538 vn,
877 3498 907 3528 8.
930 3514 965 3520 -
987 3496 998 3514 ³
1019 3495 1096 3531 Isa„
1120 3503 1145 3535 1,
1169 3495 1222 3534 14,
1248 3496 1297 3526 11.

1370 267 1532 320 positus
1552 268 1614 306 est
1645 265 1696 306 ad
1717 263 1846 305 fidem
1879 263 2179 316 recipiendam.
2215 263 2332 306 Unde
2365 264 2401 304 si

1369 338 1507 391 primo
1527 335 1925 378 dixissethristus:
1943 333 2104 385 Venite,
2127 338 2167 376 01
2182 336 2338 376 credite
2356 335 2401 375 in

1370 422 1454 458 me,
1473 421 1555 461 ego
1569 420 1664 449 sum
1680 406 1888 457 Christus3
1908 406 2051 447 forsan
2064 406 2375 458 respondissent
2390 421 2398 447 ε

1369 479 1462 521 Non
1497 491 1722 533 possumus
1750 477 1948 518 credere:
1975 477 2069 517 ideo
2101 476 2160 517 sic
2189 477 2400 518 manudu-

1370 549 1490 590 cendi
1511 552 1644 590 erant.
1667 548 1808 589 Tertio
1829 547 2044 600 Scriptura
2063 547 2159 588 data
2179 548 2241 587 est
2261 547 2314 587 ad
2332 559 2402 587 re·

1371 621 1594 662 serandam
1613 619 1877 672 sapientiam,
1900 631 1999 672 quae
2019 618 2147 659 habet
2168 618 2273 659 duas
2291 617 2405 658 radi-

1370 705 1437 733 ces
1451 725 1460 743 ,
1497 691 1651 732 scilicet
1686 691 1885 730 timorem
1902 721 1912 739 ,
1951 692 1994 730 et
2021 701 2225 730 amorem.
2262 687 2405 729 Prima

1370 764 1491 804 radix
1511 763 1656 814 timor,
1678 763 1781 816 quia
1795 767 1808 788 ⁶
1823 762 1943 815 prius
1958 764 2021 803 est
2040 762 2169 802 homo
2189 760 2401 810 animalis,

1370 837 1513 888 postea
1538 834 1767 887 spiritualis
1790 849 1798 874 :
1837 836 1877 873 et
1907 833 2077 886 quando
2106 844 2180 885 per
2207 832 2404 873 timorem

1370 909 1434 947 est
1450 906 1637 956 affectus,
1659 909 1760 946 tunc
1786 905 1833 946 fit
1861 904 2116 958 spiritualis:
2151 905 2192 944 et
2220 903 2313 944 ideo
2334 914 2399 943 se-

1371 978 1561 1019 cundum
1581 978 1657 1018 has
1674 977 1778 1018 duas
1803 976 1963 1017 radices
1984 978 2083 1016 sunt
2102 975 2115 996 ⁷
2137 990 2157 1014 (1
2178 975 2263 1016 duo
2281 977 2403 1016 testa-

1370 1052 1532 1091 menta:
1547 1061 1683 1090 unum
1696 1051 1818 1091 vetus
1833 1048 1878 1088 in
1891 1048 2138 1090 servitutem
2149 1059 2400 1100 generansp)

1371 1121 1552 1162 alterum
1573 1133 1750 1171 novum,
1773 1120 1818 1160 in
1841 1131 2032 1160 amorem
2055 1130 2279 1171 generans,
2304 1118 2405 1159 Tes-

2474 1132 2566 1160 vetus

2450 1175 2524 1202 testa
2529 1189 2540 1193 -

1371 1195 1610 1234 tamentum
1641 1194 1765 1233 vetus
1802 1191 1846 1231 in
1883 1191 2131 1232 servitutem
2173 1202 2401 1243 generans,
2424 1217 2556 1244 mentum

1372 1264 1578 1317 promittit
1598 1263 1861 1316 temporalia,
1885 1262 2082 1303 timorem
2102 1262 2312 1302 incutiens
2331 1274 2405 1315 per
2424 1258 2494 1293 quid
2512 1264 2565 1291 9‘0

2423 1300 2527 1329 mittat,
2538 1300 2568 1325 et

1372 1348 1557 1388 poenam.
1595 1333 1772 1375 Necesse
1804 1336 1947 1374 autem
1979 1333 2080 1382 fuit,
2115 1336 2162 1373 ut
2194 1333 2239 1373 in
2270 1334 2403 1375 veteri
2424 1340 2496 1375 quid
2510 1348 2564 1366 1²0-

1370 1409 1619 1447 testamento
1636 1408 1744 1446 esset
1763 1405 2039 1458 promissum,
2062 1404 2161 1457 quia
2181 1404 2215 1444 si
2238 1416 2404 1458 semper

1370 1478 1500 1519 homo
1517 1477 1768 1531 plecteretur
1788 1488 1925 1529 poena,
1950 1479 1990 1517 et
2008 1475 2115 1516 nihil
2134 1476 2213 1516 sibi
2234 1477 2406 1529 promit-

1371 1554 1545 1601 teretur,
1569 1551 1736 1602 fugeret
1755 1562 1765 1590 ε
1786 1550 1878 1590 ideo
1893 1550 2092 1602 adJ'uncta
2105 1551 2165 1590 est
2180 1549 2405 1602 promissio

1374 1621 1714 1675 repromissionis
1744 1623 1881 1661 terrae.
1912 1619 2228 1661 Testamentum
2259 1623 2404 1662 autem

1371 1705 1533 1734 novum
1564 1692 1773 1746 promittit
1802 1691 2053 1745 spiritualia,
2087 1691 2243 1732 scilicet
2272 1692 2405 1734 vitam

1371 1767 1590 1805 aeternam.
1611 1763 1728 1805 Unde
1749 1763 1878 1804 timor
1895 1775 1983 1803 non
2004 1763 2140 1816 potuit
2159 1763 2305 1815 incuti,
2329 1775 2406 1804 nec

1371 1835 1541 1888 aliquod
1561 1835 1792 1888 temporale
1823 1834 2036 1887 promitti,
2067 1834 2149 1874 nisi
2168 1834 2288 1886 genti
2313 1835 2403 1887 jam

1371 1908 1661 1960 multiplicatae
1684 1922 1693 1947 z
1717 1907 1811 1948 ideo
1831 1909 1927 1947 ante
1945 1906 2088 1958 legem
2109 1906 2296 1960 oportuit
2315 1917 2405 1948 esse

1370 1982 1540 2032 tempus
1568 1983 1748 2020 naturae.
1773 1977 1860 2019 Lex
1891 1978 2082 2018 similiter
2107 1977 2152 2017 in
2183 1978 2404 2019 infirmita-

1370 2054 1457 2091 tem
1490 2051 1734 2103 generabit,
1772 2050 2022 2103 promittens
2057 2049 2321 2101 temporalia.
2353 2049 2405 2090 Et

1372 2122 1472 2175 quia
1491 2134 1579 2162 non
1599 2125 1661 2162 051
1680 2121 1812 2162 facilis
1833 2120 2035 2161 transitus
2056 2132 2081 2160 a
2099 2119 2404 2172 temporalibus

1372 2193 1424 2233 ad
1436 2196 1610 2243 aeterna,
1624 2193 1676 2233 ab
1691 2192 1864 2233 animali
1879 2192 1930 2232 ad
1944 2191 2182 2244 spirituale3
2205 2191 2298 2232 ideo
2315 2203 2405 2232 me-

1372 2264 1490 2305 dium
1510 2265 1590 2305 fuit
1626 2268 1791 2317 tempus
1823 2263 2144 2317 prophetarum,
2176 2262 2229 2303 ad
2254 2265 2404 2316 aptan-

1372 2337 1475 2377 dum
1494 2336 1687 2376 homines
1706 2336 1758 2376 ad
1778 2334 1994 2389 spirituale
2012 2336 2326 2374 testamentum.
2342 2332 2406 2374 Ad

1372 2408 1453 2448 1100
1476 2419 1596 2460 ergo,
1620 2407 1733 2460 quod
1748 2407 1878 2447 homo
1895 2406 2070 2446 haberet
2083 2417 2230 2445 veram
2244 2404 2407 2457 sapien-

1372 2480 1477 2520 tiam
1494 2511 1504 2530 ,
1538 2490 1706 2520 necesse
1745 2480 1834 2518 erat
1870 2479 1917 2517 ut
1951 2478 2252 2517 testamentum
2286 2478 2408 2517 vetus

1372 2552 1628 2605 praecederet
1649 2563 1825 2601 novum,
1856 2552 1897 2590 et
1926 2548 2264 2602 patriarcharum
2292 2550 2406 2588 tem-

1372 2636 1455 2677 pus
1473 2623 1729 2677 praecederet
1747 2622 1902 2673 legem.
1922 2619 1974 2660 Et
1992 2620 2052 2660 sic
2067 2620 2113 2660 in
2127 2618 2316 2672 quolibet
2334 2619 2407 2660 ho-

1373 2695 1491 2734 mine
1504 2697 1565 2734 est
1579 2694 1656 2734 iste
1674 2692 1775 2733 ordo
1791 2691 1954 2744 :primo
1972 2693 2034 2731 est
2047 2689 2270 2740 sensibilis,
2291 2692 2406 2731 totus

1374 2765 1539 2805 deditus
1558 2763 1768 2813 sensibus,
1783 2765 1831 2802 ut
1844 2760 2063 2814 puerulus;
2090 2760 2239 2801 deinde
2256 2760 2406 2801 1110111-

1373 2835 1511 2884 malis,
1533 2847 1631 2875 cum
1652 2833 1799 2886 incipit
1813 2832 1946 2886 loqui,
1969 2834 2009 2871 et
2028 2831 2324 2884 phantasmata
2344 2832 2403 2872 in·

1374 2907 1536 2959 cipiunt
1550 2918 1649 2947 eum
1663 2916 1884 2958 occupare3
1901 2904 2049 2945 deinde
2063 2903 2291 2953 rationalis,
2307 2915 2405 2944 cum

1374 2978 1520 3030 incipit
1539 2978 1681 3029 legere
1703 2981 1743 3018 et
1759 2976 2037 3025 considerare3
2057 2975 2206 3016 deinde
2225 2974 2406 3015 intellec-

1374 3049 1514 3100 tualiS,
1540 3061 1637 3089 cum
1656 3050 1704 3089 fit
1722 3048 1904 3101 sapiens.
1923 3047 2078 3096 Quarto
2097 3047 2150 3088 ad
2167 3049 2406 3087 restauran-

1374 3123 1472 3163 dam
1501 3122 1703 3172 salutem,
1735 3132 1831 3173 quae
1862 3131 1947 3160 non
1973 3119 2054 3159 nisi
2087 3131 2162 3172 per
2193 3117 2404 3159 Christum

1374 3196 1648 3234 restauratur.
1681 3191 1774 3233 Non
1802 3191 1917 3231 enim
1939 3192 2217 3240 restauratur,
2246 3188 2329 3228 nisi
2352 3188 2406 3229 sit

1376 3264 1624 3314 desiderata,
1644 3266 1798 3312 amata,
1821 3261 2044 3302 custodita.
2063 3260 2159 3300 Ideo
2180 3258 2306 3299 dilata
2323 3261 2400 3310 est,

1374 3337 1424 3376 ut
1442 3335 1721 3377 custodiretur
1750 3336 1791 3374 et
1815 3332 2124 3373 desideraretur
2159 3345 2168 3371 :
2203 3330 2304 3383 quia
2335 3342 2399 3371 se-

1376 3461 1415 3468 -
1431 3444 1446 3466 4
1463 3444 1565 3485 Rom„
1588 3451 1635 3483 x1,
1656 3444 1708 3475 32.
1728 3459 1769 3466 —
1787 3442 1800 3463 ὅ
1820 3441 1924 3481 Rom„
1947 3441 2080 3480 111,12;
2102 3437 2194 3471 Psal.
2215 3446 2291 3479 11111,
2313 3440 2343 3471 3.
2363 3455 2402 3462 -

1375 3493 1412 3523 ⁸1
1435 3492 1525 3533 Com,
1546 3499 1603 3532 xv,
1620 3492 1670 3524 46.
1686 3507 1727 3515 -
1746 3489 1758 3511 ⁷
1781 3488 1873 3529 Gal„
1893 3496 1938 3529 iv,
1959 3489 2012 3519 24.

2422 1390 2503 1409 vum.
