2633 3878
317 303 393 341 494

305 388 429 424 solem
446 414 456 431 ,
501 382 852 431 circumspicientes
899 392 1034 419 omnes
1077 383 1160 419 vias
1202 382 1330 418 homi-

305 459 422 494 num,
451 461 469 481 ι)
491 449 592 484 etc.:
621 455 706 482 ecce
734 444 920 480 Dominus
948 444 1080 481 onmia
1108 444 1333 492 circumspi-

306 511 421 546 ciens.
436 511 485 545 De
501 507 610 544 tertio
630 507 809 543 scribitur
824 507 854 543 ¹:
871 521 888 540 «
904 506 1056 550 Omnia,
1073 516 1331 553 quaecumque

305 571 447 615 voluit,
469 570 655 606 Dominus
680 569 786 615 sccit3
808 583 825 601 >i
859 579 945 605 ecce
967 567 1152 604 Dominus
1180 567 1332 614 omnia,

306 645 394 681 qua}
414 632 514 678 vult,
537 631 695 669 faciens.

644 736 826 771 Articulus
849 736 987 770 tercius.

356 822 514 856 Rectum
533 817 721 855 rationale
739 817 988 865 proponitur,
1005 827 1095 853 cum
1111 815 1306 863 profertur
1322 827 1330 849 z

307 883 353 918 Ec
378 886 523 917 rectum.
552 880 721 925 Qualiter
753 881 929 915 rectum?
962 878 1186 916 Secundum
1215 877 1332 913 inter-

308 954 402 979 num
434 942 596 979 rationis
630 941 854 984 arbitrium,
887 941 950 977 vel
987 942 1200 987 aspectum.
1240 940 1335 974 Nam

308 1005 572 1052 proculdubio
593 1004 775 1052 quaelibot
797 1006 875 1039 tam
895 1002 1070 1046 interior,
1091 1011 1210 1048 quam
1231 1002 1338 1036 exte-

308 1067 388 1104 rior
417 1067 516 1103 actio
552 1066 752 1103 rectiticari
783 1064 1022 1111 dignoscitur
1052 1062 1248 1099 mediante
1279 1062 1338 1097 in-

310 1132 418 1166 terno
450 1129 610 1166 rationis
639 1127 813 1165 arbitrio.
846 1127 952 1162 t'ndc
985 1125 1201 1162 notandum
1237 1124 1339 1160 circa

308 1191 577 1228 rectitudinem
612 1190 793 1234 rationis,
824 1188 954 1236 quod,
993 1188 1090 1224 sicut
1125 1186 1265 1233 legitur
1300 1186 1339 1222 iu

308 1253 531 1300 scripturis,
561 1255 617 1288 est
642 1251 833 1287 rectitudo
862 1251 1043 1295 visionis,
1072 1253 1125 1286 cst
1147 1249 1338 1286 rectitudo

308 1313 612 1362 praedicationis,
635 1316 691 1349 est
709 1312 900 1349 rectitudo
923 1311 1183 1360 operationis5
1205 1321 1340 1358 proce-

309 1375 406 1412 dens
437 1387 459 1413 a
487 1375 717 1412 rectitudine
750 1373 940 1410 rationis:
976 1373 1105 1421 prima
1138 1373 1337 1418 mentali53

309 1437 481 1474 secunda
508 1437 679 1483 vocalis3
709 1436 820 1473 tertia
846 1437 1052 1473 manualis.
1077 1438 1127 1472 De
1152 1436 1281 1483 primo
1298 1437 1337 1471 2:

313 1517 329 1535 «ι
350 1501 455 1539 Oculi
490 1501 543 1538 tui
572 1501 731 1538 videant
756 1502 860 1537 recta
885 1512 925 1536 z»
949 1510 1036 1536 ecce
1062 1498 1254 1536 rectitudo
1282 1498 1341 1533 vi-

309 1564 440 1600 sionis.
461 1565 510 1600 De
537 1563 710 1599 secundo
734 1564 770 1598 ³:
794 1576 812 1597 «
830 1562 1060 1610 Aperientur
1087 1561 1193 1597 labia
1226 1570 1338 1605 mea,

311 1629 351 1661 nt
381 1628 485 1662 recta
513 1625 754 1673 praedicent:
777 1638 794 1658 »
820 1635 907 1661 ecce
935 1623 1127 1661 rectitudo
1152 1622 1341 1670 pnedica-

310 1688 437 1725 tionis.
472 1690 520 1724 De
551 1687 660 1724 tertio
680 1687 720 1723 ⁵:
746 1686 856 1731 «Qui
883 1686 1057 1722 mundus
1083 1687 1161 1731 est,
1191 1687 1339 1720 rectum

311 1761 409 1798 opus
441 1750 547 1796 ejus:
577 1763 594 1782 n
618 1759 705 1785 cece
731 1748 921 1785 rectitudo
948 1746 1198 1795 operationis.
1234 1746 1341 1784 Unde

311 1812 495 1848 nimirum
512 1815 612 1848 recte
632 1811 864 1859 prohibetur
883 1810 1041 1855 vitium,
1077 1820 1166 1845 cum
1193 1811 1342 1845 rectum

310 1873 537 1922 perhibetur
558 1873 605 1919 (a)
625 1873 708 1919 ejus
728 1872 966 1920 supplicium
986 1883 1057 1919 per
1086 1873 1200 1907 rectae
1220 1870 1340 1907 ratio-

311 1935 370 1971 nis
389 1934 607 1972 arbitrium.

636 2034 825 2069 Artz’culus
849 2036 1015 2078 quartus.

357 2123 552 2160 ,Iudicium
584 2121 801 2168 gehennale
831 2120 1126 2169 pronuntiatur,
1161 2130 1251 2156 cum
1284 2130 1342 2155 se-

312 2185 443 2232 quitur
467 2197 474 2220 :
501 2184 687 2220 Juclicz'um
712 2187 835 2228 tuum,
857 2182 933 2218 hoc
954 2181 1058 2218 enim
1075 2181 1268 2228 judicium
1289 2182 1346 2217 cst

313 2246 528 2293 gehennale
550 2245 800 2294 supplicium.
822 2246 850 2281 Ο
871 2255 990 2292 quam
1012 2243 1109 2279 dura
1129 2242 1343 2291 prohibitio

314 2311 370 2346 est
391 2309 475 2344 haec
501 2307 784 2345 consideratio!
811 2307 1053 2353 Quicumque
1080 2305 1144 2342 tali
1172 2305 1345 2353 probibi-

314 2371 413 2407 torio
431 2381 512 2407 non
530 2369 784 2418 prohibetur,
806 2379 888 2404 non
907 2367 1062 2411 surdus,
1081 2367 1150 2403 scil
1168 2369 1345 2403 mortuus

315 2443 397 2469 esse
425 2433 592 2469 videtur.
621 2434 661 2468 Et
686 2434 801 2473 nota,
824 2430 952 2478 quod,
981 2430 1080 2466 sicut
1112 2429 1277 2466 traditur
1305 2428 1345 2464 in

314 2495 527 2542 Scriptura,
544 2493 738 2540 judicium
768 2492 842 2529 tale
864 2492 1005 2529 dicitur
1025 2491 1219 2538 judicium
1240 2502 1346 2527 mor-

314 2557 411 2602 tale,
438 2555 632 2602 judieium
659 2554 898 2601 gehennale,
926 2553 1121 2600 judiciuin
1149 2552 1344 2589 aeternale.

315 2618 473 2664 Qumris,
494 2628 636 2665 quare:
661 2617 752 2665 quia
773 2615 1072 2653 interminabile.
1098 2617 1146 2652 De
1166 2615 1294 2663 primo
1310 2616 1343 2651 5:

318 2693 336 2714 <x
363 2682 446 2717 Non
473 2682 528 2716 est
555 2679 639 2716 viro
664 2679 754 2715 huic
779 2678 972 2725 judicium
998 2677 1157 2724 mortis,
1187 2677 1279 2725 quia
1306 2677 1346 2713 in

316 2742 475 2779 nomine
498 2741 649 2778 Domini
671 2741 736 2778 Dei
756 2740 878 2777 nostri
894 2740 1048 2776 locutus
1069 2742 1124 2776 est
1144 2739 1195 2776 ad
1214 2749 1304 2775 nos:
1325 2753 1343 2774 »

318 2814 407 2840 ecce
429 2803 622 2849 judicium
647 2803 825 2840 mortale.
849 2805 899 2839 De
928 2802 1102 2839 secundo
1122 2802 1135 2824 ⁶
1164 2814 1172 2838 ε
1201 2814 1218 2835 «
1236 2800 1348 2838 Geni-

318 2866 426 2902 mina
454 2865 702 2910 viperarum,
731 2864 935 2912 quomodo
968 2863 1124 2910 fugietis
1152 2874 1174 2900 a
1196 2863 1346 2910 judicio

320 2927 534 2973 gehennae‘?
547 2940 563 2960 n
577 2937 664 2962 ecce
676 2926 868 2972 J'udicium
882 2925 1112 2972 gehennale.
1126 2929 1176 2962 lle
1187 2925 1299 2962 tertio
1313 2927 1345 2961 ⁷:

323 3003 341 3024 α
359 2988 650 3026 intermittentes
671 2987 930 3024 inchoationis
949 2987 1084 3024 Christi
1104 2998 1346 3033 sermonem,

321 3051 371 3088 ad
395 3050 675 3099 perfectionem
704 3048 874 3086 feramur
884 3062 895 3096 3
922 3064 938 3084 n
964 3053 1000 3087 et
1025 3050 1149 3087 infra:
1175 3065 1193 3084 «
1212 3052 1348 3088 Resur-

319 3113 502 3150 rectionis
527 3115 773 3150 mortuorum
785 3139 796 3158 ,
829 3113 864 3147 et
880 3111 1016 3157 J'udicii
1034 3113 1163 3149 {eterni
1187 3125 1194 3148 ;
1217 3126 1235 3147 »
1261 3123 1347 3149 ecce

317 3175 510 3222 judicium
531 3174 723 3212 aeternale.

750 3283 920 3326 Epilogus.

370 3365 429 3402 Ait
447 3375 541 3412 ergo
566 3364 776 3413 Propheta,
798 3363 1098 3413 quadruplicem
1117 3362 1348 3412 prohibitio-

323 3437 413 3464 nem
432 3427 631 3475 explicans
648 3437 719 3475 per
739 3427 821 3464 haec
838 3427 985 3464 verba:
1006 3428 1129 3463 Justus
1144 3436 1198 3472 es,
1219 3436 1346 3474 quan-

367 3513 374 3530 ¹
401 3510 490 3543 Psal.
520 3518 657 3550 cxxxrv,
687 3512 718 3542 6.
743 3527 783 3534 —
811 3510 822 3529 ²
848 3510 956 3548 Prov.,
985 3517 1031 3549 iv,
1058 3511 1110 3541 25.
1133 3526 1172 3532 —
1201 3507 1214 3529 ³
1236 3509 1344 3549 Pron„

326 3565 406 3598 vm,
443 3560 473 3590 6.
503 3575 537 3580 -
575 3558 589 3580 ⁴
617 3558 725 3597 Pron„
758 3564 853 3597 xxu,
889 3558 918 3588 8.
950 3574 989 3580 —
1025 3558 1038 3579 ⁵
1072 3557 1206 3596 Jerem„
1239 3564 1347 3597 xxv1,

1009 291 1280 334 EXPOSITIO
1311 292 1362 335 IN
1393 291 1740 334 PSALTERlUM.

1410 385 1492 418 tum
1513 382 1564 419 ad
1582 383 1730 429 justum
1749 382 1895 428 legale,
1916 380 2130 428 prohibens
2151 382 2316 419 exterius
2334 384 2375 420 in
2394 384 2437 421 li—

1410 444 1490 480 bris
1510 444 1731 490 legalibus5
1754 445 1913 490 Homine,
1934 445 2126 490 quantum
2147 442 2197 479 ad
2217 443 2437 482 dominium

1409 505 1554 552 regale,
1574 506 1790 553 prohibens
1806 505 2006 553 superius3
2024 506 2070 540 Ec
2085 507 2232 550 rectum,
2248 506 2439 552 quantum

1411 568 1462 604 ad
1494 571 1640 604 rectum
1667 569 1857 604 rationale
1867 596 1878 614 ,
1899 568 2114 615 prohibens
2134 567 2292 604 interius
2301 581 2311 614 ;
2337 569 2441 605 sadi-

1411 633 1503 666 ce'um
1529 635 1652 675 laum,
1679 633 1869 676 quantum
1895 631 1947 668 ad
1978 629 2172 677 judiciuin
2203 632 2439 680 gehennale,

1411 691 1627 738 prohibens
1649 691 1820 728 interius.

1799 838 2020 866 VERSICULUS
2046 840 2083 865 X.

1464 941 1542 975 138.
1563 940 1750 976 Mantiastz·
1763 941 1971 987 justitiam,
1988 943 2060 977 etc.
2081 941 2118 977 Si
2136 941 2222 989 quis
2236 942 2445 979 abhorreat

1413 1001 1643 1047 gravitatem
1665 1002 1821 1047 justitia:
1844 1002 2089 1049 prohibitiva)
2118 1003 2157 1039 in
2185 1013 2301 1040 versu
2327 1003 2444 1040 tradi-

1414 1065 1492 1100 tam
1510 1064 1768 1110 praecedentc,
1787 1063 1921 1101 audiat
1935 1065 2165 1102 suavitatem
2181 1065 2337 1111 justitiae
2352 1075 2447 1113 prae-

1414 1126 1572 1173 ceptivae
1609 1126 1852 1173 propositam
1891 1126 1930 1162 in
1966 1127 2159 1174 praesenti.
2205 1126 2308 1164 Sicut
2342 1127 2447 1164 enim

1414 1199 1581 1235 sponsus
1610 1187 1832 1225 carissimus
1863 1189 2024 1226 mandat
2058 1199 2211 1236 sponsae
2241 1189 2448 1226 carissimae

1414 1250 1602 1286 mandata
1633 1250 1832 1286 carissima
1862 1261 1908 1287 ex
1945 1251 2128 1288 charitate
2159 1251 2352 1297 maxima,
2392 1251 2446 1288 sic

1415 1313 1512 1348 Deus
1532 1311 1695 1348 mandat
1724 1312 1864 1349 animae
1892 1312 2078 1350 mandata
2096 1312 2213 1349 nimis
2234 1312 2446 1360 amabilia,

1414 1384 1494 1421 pree
1514 1374 1699 1411 charitate
1727 1374 1863 1411 nimia.
1891 1375 2005 1419 Quod
2031 1377 2073 1411 ut
2092 1374 2234 1411 clarius
2253 1374 2446 1420 videatur,

1414 1436 1661 1472 attendamus
1678 1436 1775 1484 qnid
1805 1437 1996 1484 Propheta
2021 1447 2138 1483 super
2163 1436 2239 1473 hoc
2267 1436 2443 1474 fateatur.

1416 1498 1531 1534 Plane
1543 1498 1771 1546 prophetica
1783 1499 1836 1534 sie
1850 1501 1978 1535 cantat
1990 1498 2137 1535 littera:
2153 1499 2350 1545 Mandastz·‚
2360 1501 2446 1541 etc..

1416 1560 1528 1606 quasi
1550 1560 1675 1597 dicat:
1699 1561 1888 1597 Mandasti
1909 1560 2125 1608 operabile,
2142 1560 2252 1608 quod
2271 1563 2327 1598 est
2346 1571 2450 1598 ama-

1415 1622 1495 1658 bile
1515 1633 1632 1670 super
1647 1623 1780 1659 omnia
1801 1623 2041 1670 operabilia3
2061 1625 2096 1659 et
2115 1622 2318 1669 credibile,
2339 1623 2450 1672 quod

1417 1686 1471 1720 cst
1491 1684 1660 1721 amabile
1686 1695 1803 1732 super
1828 1685 1963 1721 omnia
1985 1684 2208 1731 credibilia3
2232 1687 2269 1722 ct
2295 1684 2450 1722 deside-

1415 1746 1552 1791 rabile,
1574 1746 1683 1793 quod
1709 1749 1763 1782 est
1796 1746 1967 1783 amabile
1992 1757 2109 1794 super
2140 1746 2274 1783 omnia
2299 1745 2451 1783 deside-

1416 1807 1557 1844 rabilia
1577 1819 1623 1843 ex
1644 1808 1827 1845 cliaritite
1848 1808 1982 1845 nimia.
2005 1810 2099 1845 Ecce
2120 1808 2352 1845 mandatum
2368 1808 2451 1845 ani-

1419 1879 1490 1906 mae.
1519 1869 1764 1905 carissimum
1794 1870 2017 1916 operabile,
2049 1870 2294 1907 carissimum
2320 1869 2449 1907 credi-

1417 1931 1517 1977 bile,
1547 1931 1791 1967 carissimum
1819 1931 2081 1968 desiderabile
2102 1942 2150 1968 ex
2179 1931 2300 1968 nimia
2326 1931 2450 1968 chari-

1417 1994 1523 2029 tate:
1559 2003 1729 2040 quorum
1766 1993 1939 2040 primum
1975 1993 2141 2041 pertinet
2179 1993 2230 2030 ad
2267 1992 2448 2030 virtutem

1417 2055 1557 2091 animae
1578 2054 1818 2101 effectiva1n3
1840 2054 2059 2092 secundum
2080 2055 2131 2092 ad
2145 2054 2444 2102 intellectivam3

1417 2118 1572 2155 tertium
1600 2118 1651 2155 ad
1679 2118 1921 2165 affectivam3
1953 2120 2136 2166 quartum
2167 2118 2219 2156 ad
2250 2117 2446 2156 charitatis

1417 2180 1731 2227 praerogativam.

1750 2280 1938 2315 Articulus
1960 2281 2114 2326 primus.

1465 2369 1636 2405 Primum
1674 2370 1845 2414 notatur,
1884 2379 1974 2404 eum
2012 2367 2194 2405 scribitur
2216 2379 2223 2404 :
2263 2368 2451 2405 Mandasti

1418 2431 1609 2476 justitiam.
1635 2433 1730 2467 Ecce
1752 2429 1976 2477 operabile,
1998 2429 2108 2476 quod
2127 2432 2183 2467 est
2203 2429 2373 2467 amabile
2389 2441 2451 2467 su-

1417 2503 1487 2540 per
1503 2492 1636 2530 omnia
1657 2492 1889 2540 operabilia.
1905 2491 2005 2536 Quid
2026 2491 2132 2528 enim
2149 2491 2326 2540 operanti
2347 2501 2453 2529 ama-

1419 2555 1561 2600 bilius,
1597 2557 1662 2591 aut
1693 2553 1838 2591 amanti
1871 2553 2132 2601 operabilius,
2159 2564 2282 2601 quam
2302 2553 2452 2601 justitia

1421 2628 1507 2665 quae
1527 2616 1699 2653 continet
1725 2617 1906 2652 universa
1933 2615 2040 2652 hona
2059 2615 2254 2653 moralia?
2278 2618 2320 2653 Et
2338 2617 2452 2663 nota,

1421 2680 1530 2728 quod
1547 2680 1695 2726 justitia
1714 2682 1770 2716 est
1790 2679 1989 2726 amabilis,
2013 2681 2049 2715 et
2074 2678 2295 2716 amabiliter
2315 2689 2452 2727 opera-

1420 2742 1534 2788 hilis,
1557 2743 1717 2789 propter
1735 2741 1834 2778 tria.-
1862 2741 1954 2788 quia
1984 2739 2075 2777 facit
2103 2741 2276 2777 animam
2295 2743 2373 2778 Deo
2393 2751 2453 2777 ca-

1421 2794 1526 2849 ram,
1549 2804 1723 2841 animam
1753 2806 1829 2841 Deo
1859 2803 2070 2849 cariorem,
2094 2803 2268 2841 animam
2294 2805 2371 2840 Deo
2393 2814 2452 2841 ca-

1420 2866 1635 2912 rissimam3
1659 2869 1847 2913 tanquam
1869 2866 2058 2913 amicam,
2089 2867 2278 2913 tanquam
2311 2865 2449 2912 filiam,

1420 2931 1609 2976 tanquam
1637 2938 1836 2976 sponsam.
1870 2930 1920 2965 De
1948 2927 2100 2976 primo,
2131 2927 2202 2965 ubi
2235 2927 2377 2964 dicitur
2401 2927 2450 2964 de

1421 3002 1538 3039 opere
1566 2990 1762 3028 Abraham
1782 2991 1795 3012 ⁸
1812 3002 1820 3026 :
1845 3003 1863 3024 «
1882 2991 2117 3038 Reputatum
2143 2991 2199 3027 est
2221 2989 2280 3027 illi
2299 2989 2351 3028 ad
2365 2990 2450 3038 jus-

1421 3053 1540 3090 titiam
1551 3081 1562 3100 ,
1583 3056 1619 3089 et
1638 3052 1786 3089 amicus
1806 3051 1871 3088 Dei
1891 3051 2111 3099 appellatus
2124 3053 2204 3089 est.-
2222 3064 2241 3087 »
2261 3061 2350 3090 ecce
2371 3052 2454 3099 J'us-

1421 3115 1516 3161 titia,
1532 3114 1679 3152 faciens
1695 3113 1868 3151 animam
1883 3113 1948 3150 Dei
1965 3113 2145 3151 amicam.
2161 3115 2212 3151 De
2229 3113 2403 3151 secundo
2416 3114 2450 3151 ⁹:

1424 3190 1441 3212 «
1460 3177 1611 3223 Omnis,
1634 3176 1702 3224 qui
1722 3175 1813 3213 facit
1828 3175 2017 3222 Justitiam
2028 3202 2040 3222 ,
2063 3187 2111 3213 ex
2130 3175 2246 3224 ipso,
2265 3189 2283 3212 »
2306 3175 2453 3212 scilicet

1421 3242 1514 3286 Deo,
1533 3252 1551 3274 «
1569 3241 1684 3277 natus
1704 3241 1783 3276 est:
1809 3252 1826 3274 »
1842 3248 1930 3275 ecce
1947 3237 2095 3285 justitia
2113 3237 2259 3274 faciens
2278 3236 2450 3275 animam

1420 3303 1486 3340 Dei
1512 3301 1648 3339 filiam.
1671 3302 1722 3338 De
1740 3300 1853 3338 tertio
1873 3300 1926 3336 ¹⁰:
1955 3313 1972 3333 «
1992 3298 2194 3347 Sponsabo
2220 3300 2256 3335 te
2283 3297 2380 3335 mihi
2408 3297 2450 3335 in

1422 3405 1471 3435 16.
1503 3421 1544 3427 —
1571 3403 1585 3425 θ
1614 3401 1749 3441 ΜαίιΙι.,
1776 3408 1888 3439 xxm,
1918 3401 1971 3432 33.
2003 3416 2044 3423 —
2075 3399 2085 3418 ⁷
2108 3397 2223 3440 Helm,
2259 3405 2312 3439 VI,
2350 3401 2387 3440 1,
2418 3400 2449 3434 2.

1421 3469 1461 3474 —
1486 3452 1496 3469 ὃ
1520 3452 1605 3491 Jac.,
1637 3458 1682 3490 11,
1708 3450 1760 3481 23.
1789 3448 1869 3478 —.9
1899 3448 1909 3478 l
1942 3447 2049 3486 Jonn„
2081 3453 2126 3486 Π,
2158 3445 2208 3478 29.
2242 3464 2282 3469 —
2312 3445 2336 3468 ¹⁰
2365 3446 2450 3487 Ose„

1422 3506 1459 3538 11,
1479 3500 1529 3531 19.

1465 3558 1506 3597 (a)
1529 3556 1608 3589 Caet.
1629 3555 1710 3587 edit.
1731 3553 1941 3595 prohibetur.
