2633 3878
979 166 1422 214 ILLUMINATIONES
1451 165 1713 208 ECCLESlAE

1375 255 1432 297 De
1450 255 1611 297 unitate
1632 254 1865 296 intellectus
1879 256 2020 307 posset
2038 254 2133 305 dici,
2152 253 2265 308 quod
2284 254 2402 295 intel-
2455 266 2561 294 necta-

1374 327 1491 379 lexit,
1512 329 1625 381 quod
1648 329 1711 368 est
1729 339 1840 368 unus
1857 326 2089 367 intellectus
2109 326 2271 367 ratione
2292 326 2400 368 lucis
2419 306 2563 376 rffizage

1374 399 1616 451 1111111011115,
1638 412 1723 440 11011
1744 399 1906 440 ratione
1926 398 2006 450 sui,
2030 398 2130 451 quia
2148 400 2401 439 numeratur
2426 388 2555 416 mene&

277 188 328 226 66

627 334 818 383 SERMO
853 334 945 379 Vll.

2420 431 2479 457 tus.

167 2655 255 2685 Arist.

127 2705 246 2726 excusa-

115 2741 172 2768 tur.

371 454 422 488 De
445 448 641 487 virtutibus
663 446 873 492 informatis
896 452 962 490 per
987 442 1210 478 charitatem.

330 556 482 598 ¹Vz‘dz't
514 555 627 596 Deus
661 553 807 599 lucem,
830 547 943 602 quod
970 550 1074 589 esset
1110 545 1231 595 bona,
1263 548 1302 587 et

275 628 432 672 divisit
461 627 591 668 lucem
621 636 646 665 α
676 621 876 670 tenebris,
905 621 982 659 etc.
1010 617 1073 657 Ad
1094 616 1303 668 explican-

274 700 370 741 dam
392 698 599 739 visionem
620 690 912 743 intelligentiae
932 688 1166 729 secundum
1184 688 1303 726 natu-

274 783 368 812 ram
400 769 568 817 indita),
592 767 809 817 sumptum
837 764 897 802 est
924 758 1105 800 verbum
1137 757 1229 797 hoc.
1253 756 1302 796 Et

275 844 487 896 quantum
506 839 557 879 ad
577 839 658 878 hoc
684 851 692 877 :
723 834 847 876 Vidit
868 836 993 882 Deus,
1017 830 1056 871 id
1077 833 1139 870 est
1158 828 1302 869 videre

274 926 350 956 nos
368 913 483 963 fecit,
505 909 616 964 quod
641 911 742 951 esset
765 907 871 948 bona
886 936 897 955 ,
918 908 958 945 et
976 916 1050 957 per
1070 900 1302 943 considera-

273 985 433 1026 tionem
455 981 731 1030 scientialem,
755 981 796 1019 et
822 974 1217 1028 contemplationem
1234 984 1303 1012 sa-

272 1055 530 1109 pientialem.
549 1052 627 1093 Per
637 1048 1014 1092 considerationem
1027 1043 1299 1093 scientialem,

273 1127 319 1168 in
354 1129 560 1179 quantum
597 1123 799 1171 illustrat⁷
838 1121 883 1159 ut
924 1119 1022 1167 lux,
1061 1119 1109 1156 ut
1145 1114 1303 1155 veritas

272 1209 439 1249 rerum,
461 1199 507 1237 ut
527 1195 684 1236 veritas
703 1204 881 1242 vocum,
905 1192 945 1230 et
964 1190 1012 1229 ut·
1032 1185 1186 1228 veritas
1206 1197 1302 1225 mo-

271 1281 370 1310 rum
397 1270 424 1308 ².
460 1268 540 1309 Per
572 1263 953 1307 considerationem
989 1257 1299 1311 sapientialem,

272 1341 317 1382 in
342 1342 553 1394 quantum
584 1337 766 1378 illustrat
796 1346 871 1387 per
902 1331 1117 1372 influxum
1147 1327 1252 1368 radii
1277 1339 1302 1367 a

270 1410 364 1452 luce
403 1412 560 1451 aeterna
596 1407 639 1447 in
677 1406 886 1455 animam,
927 1405 975 1443 ut
1010 1399 1150 1441 videat
1184 1398 1302 1438 illam

269 1481 410 1522 lucem
435 1480 479 1520 in
506 1491 570 1530 se,
599 1480 647 1519 ut
671 1477 715 1517 in
742 1475 930 1530 speculo;
953 1473 996 1513 in
1018 1469 1300 1522 intelligentia

270 1558 484 1610 separata,
506 1556 554 1594 ut
579 1552 624 1592 in
653 1549 791 1591 medio
817 1548 1003 1602 quodam
1026 1544 1229 1594 delativo;
1258 1543 1302 1583 in

269 1628 363 1669 luce
383 1629 563 1676 aeterna,
583 1627 631 1665 ut
658 1624 701 1663 111
720 1622 882 1673 objecto
901 1620 1112 1660 fontaneo.
1136 1616 1301 1656 Dictum

271 1699 398 1740 etiam
420 1697 522 1748 fuit,
549 1695 662 1749 quod
688 1692 831 1735 divisit
858 1691 997 1731 lucem
1032 1701 1056 1729 a
1092 1688 1298 1738 tenebris,

270 1770 382 1825 quod
402 1768 574 1822 quidam
592 1766 706 1807 ideas
739 1761 1123 1816 impugnaverunt-3
1147 1771 1201 1799 ex
1217 1770 1302 1812 quo

270 1841 422 1896 triplex
438 1836 721 1891 intelligentia
739 1833 931 1877 veritatis
949 1830 1203 1881 occult-atur,
1227 1830 1303 1870 sci-

270 1912 367 1954 licet
392 1911 550 1953 veritas
580 1908 683 1950 artis
724 1909 922 1956 aeternae,
952 1903 1109 1946 veritas
1146 1901 1303 1944 divinae

271 1982 578 2039 providentiae,
617 1982 659 2022 et
692 1979 849 2021 veritas
884 1976 1023 2018 ruinae
1062 1973 1300 2026 angelicae:

271 2057 383 2112 quod
402 2055 608 2109 sequitur,
626 2053 660 2093 si
674 2051 852 2105 angelus
865 2047 1164 2103 perfectionem
1181 2059 1303 2087 suam

271 2140 356 2170 non
373 2127 564 2176 haberet,
581 2124 662 2165 nisi
681 2134 755 2176 per
776 2124 957 2163 motum.
981 2119 1045 2161 Ex
1065 2131 1150 2170 quo
1169 2118 1305 2171 sequi-

269 2201 342 2241 tur
378 2198 532 2251 triplex
567 2194 747 2245 caecitas,
783 2192 939 2233 scilicet
976 2190 1027 2232 de
1069 2190 1304 2231 aeternitate

271 2271 436 2322 mundi,
463 2269 514 2310 de
540 2268 702 2309 unitate
734 2265 983 2314 intellectuS,
1024 2263 1074 2303 de
1111 2274 1237 2314 poena
1264 2264 1305 2303 et

271 2341 423 2396 gloria.
447 2340 636 2382 Primam
654 2338 822 2380 videtur
838 2347 996 2389 ponere
1010 2333 1251 2374 Aristoteles
1272 2336 1300 2384 ³3

271 2414 468 2456 ultimam
494 2412 637 2462 etiam,
669 2409 770 2463 quia
806 2420 894 2449 non
926 2405 1162 2456 invenitur,
1191 2405 1305 2458 quod

272 2487 402 2540 ponat
420 2483 659 2525 felicitatem
677 2480 898 2534 posthanc
917 2476 1064 2519 vitam.
1087 2476 1144 2517 De
1165 2477 1305 2518 media

273 2560 415 2599 autem
455 2554 554 2596 dicit
583 2552 918 2599 Commentator,
957 2548 1060 2601 quia
1099 2547 1187 2600 ipse
1223 2547 1305 2588 1100

275 2629 418 2670 sensit.
438 2627 494 2668 De
513 2625 748 2668 aeternitate
766 2620 915 2663 mundi
935 2620 1131 2661 excusari
1149 2622 1302 2672 posset,

275 2700 389 2755 quod
418 2697 624 2740 intellexit
649 2697 698 2736 ut
724 2690 1025 2747 philosophus,
1053 2690 1232 2743 loquens
1258 2693 1307 2731 ut

275 2769 495 2820 naturalis,
533 2766 686 2808 scilicet
722 2763 837 2817 quod
876 2774 951 2815 per
990 2763 1190 2802 naturam
1219 2773 1306 2802 non

276 2844 413 2899 potuit
432 2840 632 2893 incipere.
665 2835 784 2887 Quod
820 2831 1116 2885 intelligentia:
1147 2831 1307 2872 habent

276 2913 574 2971 perfectionem
623 2920 698 2962 per
735 2908 929 2956 motum,
968 2903 1123 2944 idcirco
1170 2902 1307 2955 potuit

277 2987 415 3029 dicere
429 2984 509 3025 hoc
527 2983 556 3031 ¹⁴,
572 2981 672 3034 quia
687 2991 774 3019 non
792 2979 889 3018 sunt
906 2975 1067 3025 otiosae,
1084 2973 1185 3027 quia
1201 2973 1307 3014 nihil

278 3057 463 3100 otiosum
483 3054 527 3094 in
543 3051 819 3093 fundamento
840 3048 1022 3087 naturae.
1045 3044 1150 3085 Item
1163 3076 1175 3096 ,
1193 3044 1306 3097 quod

280 3127 420 3182 posuit
438 3125 676 3166 felicitatem
694 3121 738 3161 in
758 3120 837 3159 hac
858 3118 964 3168 vita,
986 3116 1087 3169 quia
1105 3115 1200 3156 licet
1217 3127 1309 3156 sen-

279 3200 377 3240 tiret
411 3202 630 3247 aeternam,
663 3194 713 3235 de
745 3192 817 3233 illa
854 3203 898 3231 se
935 3201 1023 3229 non
1061 3188 1305 3240 intromisit,

280 3271 381 3324 quia
407 3272 513 3312 forte
541 3280 629 3310 non
657 3267 744 3307 erat
781 3264 833 3305 de
862 3260 1194 3304 consideratione
1212 3262 1304 3300 sua.

325 3405 331 3420 ¹
362 3401 456 3437 Gen„
488 3407 512 3439 1,
541 3400 570 3430 4.
597 3415 636 3421 —
661 3397 672 3416 ²
699 3395 775 3428 Vid.
807 3401 927 3434 supra,
957 3399 1060 3423 serm.
1090 3397 1108 3419 v
1139 3392 1171 3422 et
1200 3397 1245 3420 vi.
1269 3406 1303 3411 —-

281 3450 294 3472 ³
314 3448 428 3484 Arist.‚
446 3447 484 3477 (Ie
508 3446 603 3483 Cael„
623 3445 682 3475 lib.
703 3445 728 3483 1,
746 3443 827 3474 text.
846 3442 918 3473 118.
932 3456 971 3463 —
985 3439 996 3458 ⁴
1011 3437 1126 3479 Arist.,
1146 3436 1303 3477 Metaplz„

280 3496 338 3528 lib.
359 3496 407 3534 11,
427 3495 509 3526 text.
531 3494 583 3530 41,
607 3493 657 3523 43.
680 3509 719 3513 --
737 3491 750 3511 ⁵
773 3489 886 3528 Plato,
906 3487 941 3519 in
967 3483 1182 3523 Parmenicle,·
1207 3483 1305 3523 Diog.

1378 473 1611 512 secundum
1632 472 1887 523 subjectum.

1430 543 1511 584 Sed
1541 542 1746 596 quidquid
1780 541 1990 592 senserit,
2027 540 2099 582 alii
2131 540 2370 593 philosophi
2391 543 2405 565 ⁵

1375 614 1600 654 illuminati
1621 615 1854 666 posuerunt
1878 612 2003 663 ideas,
2027 612 2100 665 qui
2124 612 2298 652 suerunt
2317 610 2404 651 cul-

1377 687 1487 725 tores
1508 684 1635 725 unius
1660 684 1730 724 Dei
1748 716 1757 734 ,
1779 684 1851 736 qui
1871 684 2017 724 omnia
2042 683 2153 723 bona
2172 684 2408 735 posuerunt

1375 755 1419 796 in
1439 755 1599 808 optimo
1615 756 1713 805 Deo,
1730 755 1800 807 qui
1820 756 2052 807 posuerunt
2071 754 2250 796 virtutes
2267 765 2407 794 exem·

1375 827 1532 879 plares,
1555 839 1580 867 a
1605 826 1760 879 quibus
1779 826 1920 866 fluunt
1939 825 2119 866 virtutes
2149 824 2403 874 cardinales,

1374 897 1512 950 primo
1531 897 1575 937 in
1592 898 1681 938 vim
1699 897 1977 949 cognitivam,
1996 898 2036 937 et
2057 908 2132 948 per
2151 895 2268 935 illam
2286 895 2331 935 in
2351 895 2407 936 af-

1374 972 1572 1012 fectivam
1595 1004 1604 1023 ,
1629 971 1780 1012 deinde
1800 971 1844 1011 in
1865 970 2147 1023 operativam,
2170 968 2405 1010 secundum

1374 1043 1478 1083 illud
1499 1043 1604 1083 scire
1627 1046 1667 1083 et
1682 1042 1789 1083 velle
1807 1041 2205 1095 impermutabiliter
2225 1039 2404 1093 operari,

1375 1113 1484 1154 sicut
1509 1114 1649 1167 posuit
1669 1114 1955 1154 nobilissimus
1976 1112 2168 1154 Plotinus
2187 1112 2199 1133 ⁶
2219 1111 2269 1152 de
2296 1112 2407 1152 secta

1376 1185 1582 1236 PlatoniS,
1614 1188 1656 1226 et
1689 1185 1852 1226 Tullius
1885 1186 2008 1225 sectae
2040 1182 2318 1224 Academicae.
2355 1180 2407 1223 Et
2450 1216 2453 1219 .

1375 1257 1434 1297 ita
1453 1257 1521 1297 isti
1540 1257 1792 1298 videbantur
1815 1254 2073 1306 illuminati,
2093 1256 2134 1295 et
2153 1253 2308 1294 sentire
2327 1253 2404 1294 ho-

1375 1327 1535 1367 minem
1556 1339 1678 1380 posse
1699 1326 1857 1366 habere
1876 1325 2116 1366 felicitatem
2140 1336 2215 1377 per
2233 1336 2291 1365 se.
2321 1323 2403 1364 Sed

1375 1399 1516 1440 adhuc
1534 1399 1601 1439 isti
1622 1398 1667 1439 in
1686 1398 1869 1439 tenebris
1884 1397 2057 1438 fuerunt
2069 1427 2082 1446 ,
2101 1396 2204 1449 quia
2223 1407 2309 1436 non
2327 1394 2407 1436 ha-

1375 1470 1560 1511 buerunt
1586 1470 1726 1511 lucem
1757 1469 1877 1520 fidei;
1914 1480 1990 1509 nos
2023 1470 2167 1508 autem
2199 1467 2408 1508 habemus

1374 1541 1515 1582 lucem
1535 1541 1648 1583 fidei.
1675 1540 1793 1582 Unde
1819 1541 1876 1581 ait
1909 1539 2081 1581 Ρο11·1157
2115 1553 2125 1580 2
2157 1537 2278 1580 «Vos
2311 1538 2408 1579 estis

1378 1625 1517 1664 genus
1548 1612 1729 1653 electum
1749 1644 1759 1663 ‚
1786 1611 1933 1663 regale
1968 1609 2249 1651 sacerdotium
2266 1641 2279 1660 ,
2301 1621 2408 1662 gens

1377 1687 1543 1734 sancta,
1577 1683 1760 1736 populus
1787 1681 2077 1734 acquisitionis
2089 1682 2114 1731 ¹,
2146 1682 2193 1720 ut
2229 1680 2409 1722 virtutes

1376 1754 1637 1796 annuntietis
1663 1755 1757 1807 eJus
1788 1753 1860 1806 qui
1891 1764 1967 1794 vos
1992 1751 2044 1793 de
2077 1750 2262 1792 tenebris
2281 1761 2406 1793 voca·

1377 1826 1439 1869 vit
1468 1826 1513 1867 in
1550 1825 1797 1867 admirabile
1827 1825 1974 1865 lumen
2011 1836 2155 1865 suum.
2181 1837 2200 1862 ›>
2240 1822 2303 1864 Illi
2328 1835 2406 1865 au-

1376 1900 1463 1938 tem
1502 1897 1708 1951 praecipui
1746 1895 1988 1949 philosophi
2026 1896 2259 1948 posuerunt
2293 1926 2303 1946 ‚
2349 1893 2410 1936 510

1378 1969 1505 2010 etiam
1535 1968 1787 2019 illuminati,
1813 1970 1954 2008 tamen
1973 1966 2063 2007 sine
2093 1966 2196 2018 fide,
2226 1977 2301 2020 per
2335 1965 2410 2007 de-

1377 2037 1547 2078 fluxum
1577 2037 1621 2077 in
1654 2039 1845 2077 nostram
1882 2034 2194 2087 cognitionem,
2233 2034 2409 2076 virtutes

1379 2110 1614 2151 cardinales
1636 2123 1644 2150 :
1681 2120 1778 2162 quae
1805 2107 1942 2161 primo
1968 2106 2168 2147 dicuntur
2198 2105 2378 2160 politicae
2395 2138 2405 2158 ,

1379 2182 1424 2222 in
1443 2184 1653 2235 quantum
1673 2181 1823 2221 docent
1846 2177 2208 2220 conservationem
2228 2177 2273 2218 in
2291 2189 2411 2218 mun·

1379 2252 1432 2293 do
1449 2267 1458 2303 ;
1483 2252 1665 2293 secundo
1684 2250 1950 2305 purgativae,
1973 2251 2182 2303 quantum
2202 2247 2255 2289 ad
2274 2247 2411 2289 solita-

1379 2325 1487 2365 riam
1498 2323 1914 2376 contemplationem;
1930 2321 2054 2362 tertio
2067 2320 2243 2374 purgati
2255 2319 2404 2370 animi,

1379 2399 1427 2437 ut
1446 2396 1635 2436 animam
1659 2394 1849 2448 quietant
1867 2393 1912 2433 in
1932 2392 2178 2445 exemplari.
2201 2391 2408 2432 Dixerunt

1380 2481 1486 2521 ergo
1513 2481 1588 2522 per
1614 2468 1691 2508 has
1719 2467 1903 2509 virtutes
1936 2464 2122 2505 animam
2143 2462 2404 2514 modificari,

1380 2540 1575 2594 purgari,
1594 2541 1635 2580 et
1654 2538 1888 2580 reformari.
1911 2535 1992 2578 Sed
2007 2535 2146 2577 adhuc
2161 2535 2205 2576 in
2223 2533 2408 2576 tenebris

1382 2615 1503 2663 sunt,
1525 2611 1627 2664 quia
1645 2621 1812 2651 necesse
1830 2610 1892 2650 est
1914 2611 1961 2648 ut
1987 2607 2056 2648 hae
2081 2606 2260 2648 virtutes
2290 2605 2410 2658 prius

1381 2684 1566 2724 habeant
1598 2685 1683 2722 tres
1715 2679 2003 2733 operationes,
2038 2676 2195 2717 scilicet
2221 2676 2409 2717 animam

1382 2753 1578 2795 ordinare
1597 2752 1643 2793 111
1663 2753 1816 2801 finem,
1840 2748 2024 2790 secundo
2043 2746 2271 2788 rectificare
2291 2746 2411 2788 affec-

1382 2827 1452 2865 tus
1481 2823 1658 2874 animae,
1688 2821 1813 2862 tertio
1843 2819 1957 2873 quod
1984 2820 2186 2859 sanentur
2211 2818 2408 2859 morbidi.

1382 2895 1468 2937 Has
1498 2896 1643 2936 autem
1674 2892 1936 2946 operationes
1972 2902 2058 2931 non
2090 2889 2333 2931 habuerunt
2365 2889 2410 2930 in

1381 2967 1497 3021 ipsis'.
1531 2964 1728 3007 Probatio
1755 2976 1765 3005 :
1790 2962 1890 3005 dicit
1919 2960 2188 3013 Augustinus
2205 2958 2220 2981 ⁸
2239 2959 2284 3001 in
2301 2959 2409 3001 libro

1382 3041 1434 3085 de
1458 3041 1644 3084 Civilate
1665 3039 1741 3081 Dei
1757 3070 1769 3089 ,
1787 3036 1903 3091 quod
1920 3047 2022 3077 vera
2053 3034 2189 3076 virtus
2208 3046 2295 3075 non
2318 3036 2407 3087 est,

1383 3125 1480 3167 quae
1500 3125 1587 3153 11011
1613 3110 1760 3162 dirigit
1779 3107 2056 3149 intentionem
2075 3106 2127 3147 ad
2153 3105 2288 3146 Deum
2314 3106 2407 3148 fon-

1382 3188 1491 3235 tem,
1511 3186 1561 3224 ut
1585 3185 1626 3223 et
1645 3181 1703 3222 ibi
1723 3179 1911 3234 quiescat
1942 3179 2176 3219 aeternitate
2203 3180 2341 3230 certa,
2369 3180 2411 3220 et

1383 3269 1458 3311 per
1477 3267 1624 3310 pacem
1653 3253 1894 3308 perfectam.
1930 3250 2048 3294 Certe
2070 3249 2287 3292 aeternitas
2318 3261 2410 3292 esse

1383 3389 1510 3427 Laert.,
1535 3385 1575 3417 cle
1597 3386 1656 3418 vit.
1683 3383 1824 3423 Plzilos„
1854 3381 1910 3413 lib.
1939 3382 1995 3414 111.
2014 3398 2054 3404 -
2079 3381 2091 3400 ⁵
2113 3380 2248 3421 Plotin.,
2269 3380 2355 3413 Εηη.
2384 3388 2409 3422 1,

1382 3434 1442 3468 lib.
1466 3435 1511 3475 11,
1532 3442 1561 3465 0.
1583 3440 1617 3464 vi
1638 3435 1670 3464 et
1689 3439 1749 3463 vn.
1770 3447 1810 3455 —
1837 3430 1846 3448 ⁷
1875 3430 1882 3460 Ι
1906 3429 2012 3469 Ρείν,,
2036 3434 2074 3467 11,
2098 3429 2127 3459 9.
2151 3444 2193 3452 -
2216 3426 2228 3446 ⁸
2248 3428 2348 3468 Aug„
2368 3427 2408 3460 de

1385 3481 1484 3514 Civz't.
1506 3480 1586 3519 Dei,
1600 3478 1659 3512 lib.
1681 3479 1768 3518 ΧΙΧ,
1788 3487 1816 3510 0.
1837 3478 1889 3508 213.
