2633 3878
1031 190 1271 234 PSALMUS
1301 189 1471 231 valn.

179 301 260 328 non
289 289 492 334 obierunt,
517 287 588 325 sed
614 289 703 334 post
728 285 838 323 ‚Iudae
869 283 1023 320 obitum
1058 281 1214 329 prodie-

178 354 282 390 runt.
304 351 424 389 ludas
445 350 550 388 enim
568 348 770 393 hebraice,
787 344 979 383 confessio
1001 347 1057 380 est
1076 342 1211 379 latine.

178 417 231 452 De
259 413 397 462 primis
428 411 598 449 dicitur¹
625 423 634 447 :
669 408 890 446 «Exierunt
918 417 965 443 ex
994 405 1111 443 lsrael
1142 404 1214 441 filii

179 476 336 525 iniqui:
362 489 380 510 »
410 485 498 512 ecce
529 473 685 520 iniquos
717 474 805 508 ante
835 469 980 506 Judam
1011 469 1210 504 exeuntes,

179 542 230 577 De
262 537 444 576 secundis
476 536 617 583 legitur
635 535 677 570 ²:
705 548 722 566 «
752 532 870 570 Judas
900 532 1129 580 persecutus
1159 531 1215 565 est

179 602 357 650 iniquos,
377 600 624 648 perscrutans
658 607 725 633 cos
754 608 800 633 z»
824 605 912 632 ecce
948 593 1107 641 iniquos
1139 591 1213 628 sub

179 663 281 701 Juda
320 663 524 699 obeuntes.
563 662 613 697 De
652 658 764 696 tertia
798 657 979 695 scribitur
999 657 1012 678 ³
1044 667 1052 693 :
1079 669 1096 690 «
1127 656 1216 691 Post

181 726 334 764 obitum
371 723 480 761 Judae
513 724 754 760 emerserunt
791 720 918 768 iniqui
949 720 989 756 in
1028 717 1215 755 omnibus

179 789 327 826 finibus
357 787 473 825 lsrael
503 799 511 823 :
543 799 561 821 n
587 795 675 823 ecce
704 783 864 831 iniquos
892 782 966 819 sub
1000 781 1101 818 Juda
1133 790 1215 816 non

181 851 390 896 obeuntes,
412 849 481 887 sed
510 851 599 897 post
630 847 740 884 tudae
772 845 927 883 obitum
957 843 1213 892 prodeuntes,

495 954 685 990 Arte'culus
710 951 898 988 secundus.

228 1041 256 1074 A
289 1036 507 1073 defectione
542 1035 741 1080 dissensit,
771 1045 862 1071 cum
891 1032 1099 1080 adjunxit:
1126 1031 1216 1068 odio

180 1100 315 1144 habui3
333 1099 525 1147 quoniam
546 1098 615 1135 ubi
644 1097 802 1142 odium,
823 1095 880 1132 ibi
900 1093 1114 1132 voluntatis
1140 1094 1218 1129 dis-

179 1161 339 1198 sidium.
355 1161 541 1198 Voluntas
562 1163 694 1197 autem
713 1162 769 1196 est
785 1158 982 1207 appetitus
998 1154 1215 1200 rationalis,

179 1223 279 1260 sicut
310 1223 541 1260 sensualitas
572 1222 781 1268 animalis;
814 1223 851 1257 et
879 1220 978 1256 sicut
1003 1219 1106 1256 vires
1137 1217 1217 1255 ani-

179 1286 302 1323 males
331 1285 526 1334 pertinent
559 1284 611 1321 ad
642 1283 846 1321 hominem
878 1282 1134 1326 exteriorem,
1161 1280 1216 1317 sic

179 1349 392 1386 rationales
419 1348 583 1385 attinent
615 1347 666 1384 ad
695 1346 945 1391 interiorem,
975 1344 1091 1392 quia,
1118 1343 1217 1380 sicut

180 1410 360 1448 scribitur
392 1411 442 1448 ab
475 1410 690 1457 Augustino
712 1410 724 1431 ¹·
742 1438 753 1455 ,
780 1422 798 1443 «
826 1407 1129 1445 ascendentibus
1159 1405 1217 1442 in·

180 1475 328 1510 trorsus
364 1472 608 1521 quibusdam
652 1472 843 1519 gradibus
891 1468 1217 1507 considerationis

179 1547 250 1583 per
271 1537 411 1573 animae
430 1538 580 1583 parteS,
599 1535 706 1572 unde
734 1534 870 1582 incipit
897 1532 1050 1580 aliquid
1083 1542 1217 1568 occur-

178 1609 284 1644 rere,
305 1598 417 1645 quod
433 1608 514 1633 non
529 1597 577 1633 sit
592 1597 709 1633 nobis
726 1606 935 1633 commune
951 1606 1042 1632 cum
1059 1594 1214 1639 bestiis;

178 1661 270 1698 inde
290 1661 426 1709 incipit
446 1660 567 1706 ratio,
585 1660 652 1697 ubi
670 1661 753 1706 jam
770 1660 892 1696 homo
912 1658 1074 1695 interior
1095 1658 1217 1706 possit

178 1723 394 1771 agnosci.»
424 1725 468 1760 Et
497 1725 612 1767 nota,
634 1723 744 1771 quod
776 1722 872 1759 tales
905 1721 1100 1758 debemus
1120 1720 1215 1757 odio

176 1786 325 1823 habere
352 1785 493 1834 triplici
521 1786 672 1822 ratione
695 1797 702 1821 :
728 1785 823 1832 quia
849 1787 939 1820 sunt
956 1784 1055 1830 legis
1076 1783 1216 1820 adver-

178 1848 290 1894 sarii,
311 1848 393 1895 regi
422 1848 626 1892 contrarii,
644 1847 717 1884 viae
743 1847 881 1893 legalis
903 1846 1118 1892 insidiarii3
1142 1856 1215 1883 nos

178 1912 310 1948 autem
338 1909 436 1957 legis
455 1910 722 1955 aemulatores,
745 1909 850 1956 regis
878 1909 1113 1954 imitatorcS,
1141 1908 1214 1945 viae

176 1973 294 2020 regiae
312 1972 495 2010 viatores.
519 1972 648 2009 Prima
666 1972 765 2009 ratio
786 1974 944 2008 notatur
964 1972 976 1994 5
999 1984 1007 2008 ι
1035 1985 1052 2006 «
1072 1971 1216 2020 Iniqui-

177 2038 294 2072 tatem
324 2035 417 2072 odio
438 2035 580 2081 habui,
600 2037 637 2071 et
656 2034 910 2071 abominatus
937 2045 1025 2071 sum
1054 2046 1062 2070 :
1083 2034 1214 2081 legem

177 2100 309 2134 autem
328 2100 436 2134 tuam
459 2097 578 2133 dilexi
595 2109 603 2133 ε
621 2111 638 2131 »
654 2107 743 2134 ecce
764 2096 903 2134 odium
922 2096 1211 2134 aemulatorum.

177 2160 358 2198 Secunda
377 2160 475 2198 ratio
502 2159 685 2197 scribitur
703 2158 717 2180 ⁶
739 2171 747 2196 :
775 2173 792 2194 «
820 2159 1016 2204 Quoniam
1041 2161 1078 2196 et
1106 2158 1214 2195 Altis-

175 2223 298 2260 simus
337 2222 431 2260 odio
469 2222 589 2259 habet
625 2225 877 2270 peccatores:
909 2235 926 2257 »
953 2233 1041 2259 ecce
1075 2221 1214 2258 odium

175 2285 432 2323 imitatorum.
463 2285 585 2322 Tertia
618 2285 719 2322 ratio
745 2284 943 2332 tangitur⁷
975 2297 983 2321 :
1011 2285 1213 2322 «Omnem

176 2348 284 2385 viam
315 2347 497 2395 iniquam
529 2347 624 2385 odio
655 2347 833 2384 habui.»
865 2346 934 2384 Via
963 2346 1103 2395 iniqua
1131 2356 1214 2383 non

177 2412 234 2446 est
258 2412 384 2455 recta,
412 2409 481 2446 sed
507 2409 694 2457 obliqua,
717 2412 753 2446 et
780 2409 996 2446 viatoribus
1022 2408 1181 2445 inimica
1203 2421 1210 2444 :

178 2482 267 2508 ecce
288 2471 427 2508 odium
453 2471 664 2508 viatorum.

512 2576 706 2612 Articulus
743 2577 884 2612 tertius.

225 2658 508 2697 Rectitudinem
524 2659 715 2708 persensit
729 2659 792 2706 (a),
814 2669 904 2696 cum
919 2658 1067 2706 inquit:
1089 2660 1213 2705 Legem

178 2726 295 2768 tuam3
316 2723 393 2760 hoc
413 2724 482 2768 est,
501 2721 634 2769 legem
665 2723 815 2758 naturae
835 2721 1017 2758 rationali
1048 2721 1213 2758 inditam

176 2788 363 2823 creaturae
386 2797 395 2821 :
416 2785 500 2822 haec
519 2787 650 2822 autem
671 2784 734 2821 lex
759 2786 815 2821 est
842 2783 1028 2831 quaedam
1054 2783 1123 2820 lux
1153 2794 1214 2821 ra-

176 2848 310 2894 tionis,
328 2859 400 2896 per
432 2858 556 2896 quam
583 2846 765 2894 dirigitur
785 2846 826 2883 in
857 2846 1034 2894 agendis.
1059 2849 1101 2883 Et
1121 2850 1214 2884 nota

178 2911 228 2948 de
247 2911 335 2958 lege
355 2911 442 2956 ista,
465 2910 591 2959 quod,
604 2909 703 2946 sicut
722 2909 918 2957 colligitur
937 2921 985 2947 ex
1001 2910 1213 2958 Scriptura,

176 2973 261 3021 ipsa
281 2976 337 3010 est
363 2973 428 3010 lex
455 2972 606 3018 nativa,
628 2972 721 3010 viva
737 3000 750 3018 ,
780 2983 946 3021 operum
978 2972 1211 3020 discretiva3

177 3034 370 3083 quoniam
401 3034 514 3072 insita
545 3037 667 3072 menti
694 3035 868 3080 viventi,
889 3034 1113 3083 operabilia
1138 3035 1214 3072 dis-

176 3096 352 3144 ponenti.
388 3098 438 3134 De
476 3097 605 3145 primo
642 3097 823 3134 scribitur
862 3097 913 3134 ab
951 3097 1139 3145 Apostolo
1165 3098 1179 3121 ⁸
1201 3111 1210 3135 :

182 3171 200 3193 «
221 3162 316 3198 Cum
337 3162 492 3207 gentes,
510 3170 598 3208 quae
617 3159 746 3207 legem
766 3170 847 3197 non
867 3159 1036 3205 habent,
1057 3163 1214 3198 natura-

176 3221 263 3259 liter
287 3233 334 3259 ea
355 3251 365 3267 ‚
398 3234 486 3271 qum
518 3222 616 3270 legis
646 3225 760 3268 sunt,
795 3221 967 3269 faciunt3
990 3237 1007 3256 »
1031 3222 1107 3260 hoe
1133 3226 1211 3271 est,

177 3295 266 3333 quae
285 3295 367 3322 non
385 3285 534 3323 habent
562 3285 692 3333 legem
710 3284 928 3332 scripturae,
954 3284 1102 3323 faciunt
1126 3296 1214 3334 (111εο

221 3384 406 3424 1111111011,
428 3393 454 3427 1,
479 3387 528 3418 ¹2.
545 3403 586 3409 --
606 3385 861 3424 21111(1,,ιιι,5.
879 3403 920 3410 -
938 3385 1211 3426 ³11›id.,1x‚23.

177 3448 219 3455 —
239 3430 253 3452 δ
274 3432 374 3474 Aug,
391 3432 431 3465 de
452 3433 585 3473 Trinit„
612 3433 670 3466 lib.
693 3434 772 3473 ΧΗ,
792 3442 822 3465 0.
845 3441 897 3465 ιιι.
918 3450 958 3458 -
983 3434 996 3456 ⁵
1015 3433 1105 3465 Psal.
1133 3433 1214 3475 hoc,

182 3480 252 3510 163.
268 3496 309 3502 -
326 3480 340 3502 ⁶
360 3480 480 3522 Eccli„
502 3489 565 3522 xii,
586 3483 616 3524 3„
631 3499 671 3505 —
693 3483 701 3499 ⁷
719 3481 810 3514 Psal.
829 3481 907 3522 hoc,
932 3484 1000 3514 128.
1022 3500 1063 3505 —
1079 3484 1090 3501 ⁸
1109 3483 1212 3525 Rom„

2240 191 2317 229 463

1286 282 1377 317 sunt
1396 279 1493 325 legis
1513 280 1660 314 naturae
1678 289 1686 314 ε
1709 287 1797 314 0000
1823 277 1886 314 lex
1906 277 2051 314 nativa.
2072 277 2123 314 De
2142 276 2317 314 secundo

1286 340 1546 378 subscribitur
1578 339 1629 376 ab
1659 349 1706 376 eo
1726 340 1770 376 ⁹:
1797 352 1815 374 «
1843 339 2042 386 Ejusmodi
2073 339 2204 386 legem
2235 349 2319 375 11011

1285 404 1495 448 habentes,
1518 401 1593 450 ipsi
1613 401 1686 438 sibi
1708 404 1796 438 sunt
1818 401 1896 438 lex.
1918 415 1934 436 »
1958 401 2130 446 Qualiter
2148 400 2223 449 ipsi
2242 399 2319 437 sibi

1288 469 1377 503 sunt
1396 466 1488 503 lex?
1510 463 1707 512 numquid
1725 474 1749 500 a
1775 463 1861 510 lege
1889 463 2038 500 habent
2067 473 2183 500 suum
2203 473 2286 500 esse
2300 463 2318 499 ‘P

1287 531 1341 567 lta
1359 529 1491 577 plane.
1515 528 1618 566 Sicut
1646 527 1752 564 enim
1782 527 1930 564 habent
1949 537 2030 564 esse
2050 526 2227 564 naturale
2246 537 2318 574 per

1285 591 1456 628 sormam
1475 590 1691 628 naturalem
1704 619 1715 636 ,
1730 589 1784 626 sic
1799 589 1949 626 habent
1965 599 2047 625 esse
2064 589 2319 626 connaturale

1286 664 1358 701 per
1387 653 1554 690 sormam
1585 652 1896 690 connaturalem.
1925 651 1982 689 Ab
2008 653 2174 699 utraque
2194 650 2322 687 forma

1287 714 1436 753 habent
1455 726 1537 752 esse
1558 715 1746 760 formale,
1767 714 1841 750 nisi
1862 713 1973 762 quod
1993 713 2044 750 ab
2065 713 2133 750 illa
2146 712 2322 749 substan-

1287 778 1399 823 tiale,
1422 777 1472 814 ab
1492 777 1567 814 hac
1587 776 1846 822 accidentale,
1863 779 1900 813 et
1918 776 1970 813 ad
1990 779 2156 823 utraque
2176 774 2324 812 habent

1288 851 1372 877 esse
1391 839 1510 877 vitale
1519 867 1532 886 ,
1550 839 1624 875 nisi
1646 838 1757 887 quod
1778 839 1829 875 ab
1850 838 1918 875 illa
1934 838 2162 886 corporale,
2179 837 2229 874 ab
2248 837 2322 874 hac

1288 902 1490 951 spirituale
1525 914 1534 938 :
1564 912 1654 938 ecce
1688 901 1753 938 lex
1789 900 1880 937 viva
1917 903 1954 937 et
1988 900 2240 937 vivificativa.
2271 901 2322 936 De

1288 965 1399 1002 tertio
1431 963 1690 1002 conscribitur
1715 963 1767 1000 ab
1794 963 1881 1011 ipso
1900 963 1927 984 ¹⁰
1950 974 1959 999 ε
1985 976 2002 997 1(
2021 963 2093 1008 Qui
2113 962 2324 1000 ostendunt

1291 1038 1392 1077 opus
1424 1027 1523 1074 legis
1551 1027 1740 1075 scriptum
1767 1026 1807 1062 in
1840 1026 2029 1063 cordibus
2056 1025 2135 1062 suis
2150 1038 2161 1073 3
2187 1039 2205 1060 »
2230 1036 2274 1062 ac
2293 1026 2324 1061 si

1290 1092 1423 1137 aperte
1457 1089 1591 1126 dicat:
1619 1088 1834 1126 Ostendant
1872 1099 1974 1136 opus
2012 1087 2224 1125 discretum
2254 1098 2325 1135 per

1288 1151 1388 1199 legis
1409 1151 1632 1196 decretum,
1655 1151 1766 1198 quod
1785 1152 1864 1187 suis
1884 1150 2074 1188 cordibus
2092 1152 2149 1187 est
2164 1159 2323 1187 concre-

1290 1217 1372 1251 tum
1396 1226 1404 1251 :
1425 1224 1514 1251 ecce
1535 1214 1599 1251 lex
1617 1224 1782 1262 operum
1804 1213 2023 1251 discretiva.

1618 1321 1803 1356 Articulus
1826 1322 1989 1366 quartus.

1339 1404 1574 1442 Rectitudini
1596 1414 1757 1452 quoque
1777 1403 2000 1449 consensit,
2027 1413 2118 1441 cum
2143 1403 2196 1441 ait
2220 1414 2229 1440 :
2260 1405 2325 1439 Di-

1291 1469 1365 1504 Ieoez‘
1384 1479 1392 1503 :
1412 1478 1505 1504 nam
1527 1467 1595 1515 qui
1617 1467 1766 1514 diligit,
1784 1466 1927 1503 dilecto
1946 1466 2156 1512 consentit,
2177 1469 2213 1502 et
2230 1465 2325 1502 fide-

1288 1530 1376 1567 liter
1396 1541 1436 1567 se
1458 1530 1679 1577 conjungit,
1700 1530 1798 1566 sicut
1817 1529 2004 1577 scriptum
2025 1531 2082 1565 est
2095 1530 2144 1565 ¹¹:
2170 1542 2188 1562 α
2203 1528 2324 1574 Dilige

1290 1593 1518 1641 proximum
1541 1596 1670 1638 tuum,
1692 1595 1729 1629 et
1748 1592 1988 1639 conjungere
2009 1591 2085 1628 tide
2106 1602 2196 1628 cum
2218 1602 2279 1628 eo.
2303 1605 2322 1626 »

1293 1654 1335 1692 Et
1350 1658 1458 1701 nota,
1469 1655 1578 1703 quod
1593 1654 1820 1692 triasuntad
1835 1655 1953 1701 huJus
1967 1653 2324 1701 legisdilectionem

1291 1718 1532 1762 neccssaria,
1552 1717 1735 1754 videlicet
1756 1716 1920 1762 diligere
1945 1716 2248 1762 fraternitatem,
2267 1716 2325 1752 di-

1288 1780 1412 1828 ligere
1432 1781 1655 1825 veritatem,
1678 1780 1843 1827 diligere
1871 1779 2162 1827 simplicitatem
2175 1791 2186 1825 3
2210 1782 2252 1816 ut
2278 1778 2326 1815 sit

1289 1854 1402 1881 amor
1421 1843 1670 1880 fraternitatis
1690 1844 1730 1879 in
1760 1842 1986 1889 affectione,
2007 1842 2180 1879 veritatis
2199 1841 2240 1878 in
2259 1851 2324 1878 ac-

1289 1905 1418 1951 tione,
1439 1906 1695 1953 simplicitatis
1715 1905 1756 1942 in
1775 1905 2002 1942 intentione.
2031 1904 2170 1942 Primae
2201 1904 2323 1941 dilec-

1287 1967 1404 2005 tionis
1435 1967 1655 2005 admonitio
1689 1967 1857 2004 habetur
1882 1967 1909 1990 ¹²
1936 1978 1945 2003 ε
1971 1980 1990 2003 (ι
2009 1967 2322 2012 Fraternitatem,

1286 2030 1436 2078 inquit,
1458 2030 1607 2078 diligite
1631 2043 1639 2066 :
1671 2033 1794 2067 Deum
1812 2030 1966 2076 timete,
1986 2043 2004 2064 n
2028 2032 2101 2067 etc.
2136 2029 2324 2067 Secundae

1289 2092 1510 2130 dilectionis
1526 2093 1730 2140 persuasio
1750 2093 1893 2140 legitur
1910 2092 1938 2115 ¹³
1960 2105 1968 2129 :
1986 2091 2223 2129 «Veritatem
2244 2095 2324 2129 tan-

1288 2159 1371 2192 tum
1397 2158 1432 2192 et
1463 2166 1605 2203 pacem
1639 2155 1812 2202 diligite,
1834 2155 1927 2192 dicit
1958 2154 2147 2191 Dominus
2178 2154 2324 2192 exerci-

1288 2220 1412 2255 tuum.
1434 2231 1451 2253 »
1474 2219 1607 2255 Tertiae
1627 2217 1848 2255 dilectionis
1868 2217 2161 2255 commendatio
2182 2217 2323 2254 scribi-

1287 2283 1350 2317 tur
1363 2281 1410 2317 1¹⁴:
1431 2280 1568 2326 «Scio,
1591 2281 1752 2318 Domine
1773 2282 1884 2327 Deus,
1899 2280 2011 2329 quod
2026 2280 2170 2328 probes
2185 2279 2322 2326 corda,

1288 2346 1326 2380 et.
1344 2343 1634 2392 simplicitatem
1655 2343 1811 2390 diligas.
1831 2357 1848 2377 ι)

1718 2450 1888 2493 Epilogus.

1335 2532 1440 2568 Patet
1459 2531 1590 2579 itaque
1610 2542 1722 2568 mens
1742 2530 1943 2578 Prophetae
1961 2541 2080 2578 super
2096 2529 2324 2567 defectionis

1291 2593 1650 2631 animadversione.
1672 2594 1731 2630 Ait
1751 2593 1854 2630 enim
1873 2605 1880 2630 :
1903 2594 2073 2640 Iniquos,
2095 2592 2137 2629 id
2154 2595 2230 2638 est,
2252 2592 2324 2628 ini-

1291 2655 1449 2705 quitatis
1487 2655 1663 2699 amicos,
1705 2655 1818 2704 quasi
1858 2655 2119 2692 desectionem
2156 2655 2325 2692 sentiens

1289 2718 1511 2755 secundum
1539 2717 1742 2756 hominem
1777 2717 2036 2765 exteriorem3
2067 2718 2158 2755 Οιίίο
2194 2718 2322 2764 habui,

1290 2781 1403 2829 quasi
1436 2780 1668 2818 dissentiens
1695 2780 1915 2818 secundum
1942 2780 2147 2818 hominem
2170 2779 2325 2817 interio-

1289 2854 1400 2891 rem3
1434 2845 1559 2890 Leqem
1591 2848 1712 2881 autem
1749 2848 1871 2890 tuam,
1904 2843 2017 2892 quasi
2050 2841 2325 2880 rectitudinem

1289 2906 1540 2954 praesentiens
1569 2907 1789 2944 secundum
1826 2906 2020 2944 rationem
2053 2905 2322 2954 superiorem3

1291 2970 1440 3016 Dileoei,
1461 2969 1574 3018 quasi
1605 2969 1852 3007 consentiens
1882 2968 2102 3007 secundum
2131 2968 2324 3006 rationem

1289 3031 1527 3070 inferiorem.

1662 3126 1886 3155 VERSICULUS
1911 3126 1951 3153 11.

1342 3226 1421 3261 114.
1451 3223 1620 3270 Adjutor,
1643 3228 1674 3259 et
1695 3226 1876 3269 susceptor
1894 3230 1990 3257 meus
2011 3230 2045 3256 es
2065 3221 2124 3265 lu,
2144 3220 2214 3255 etc.
2233 3218 2323 3255 Ver-

1291 3298 1358 3324 sus
1386 3286 1558 3324 anterior
1582 3287 1743 3322 annotat
1771 3282 1936 3331 qualiter
1963 3281 2095 3319 anima
2121 3280 2324 3318 rationalis

1293 3395 1331 3426 11,
1356 3389 1461 3420 ι1.-
1480 3384 1812 3425 Θιι)111.-“’111111.,
1837 3386 1884 3416 15.
1899 3401 1940 3407 —
1958 3381 1983 3405 ¹¹
2006 3382 2124 3422 Ecclae'„
2143 3390 2252 3424 XXVII,
2272 3385 2321 3416 18.

1290 3452 1329 3458 -
1345 3436 1369 3456 '³
1385 3436 1394 3466 1
1413 3435 1514 3474 Petra,
1530 3441 1570 3474 ιι,
1589 3434 1638 3464 17.
1653 3449 1692 3455 -
1712 3433 1737 3452 ¹³
1751 3430 1866 3472 luch„
1881 3433 2021 3470 v111,19.
2035 3447 2076 3455 --
2090 3430 2116 3453 ¹⁸
2131 3431 2139 3463 l
2157 3429 2308 3472 Paralip.

1290 3491 1388 3524 xxix,
1412 3484 1458 3515 17.
1475 3481 1572 3522 --(‹1)
1595 3480 1749 3512 Fortasse
1765 3479 1937 3521 leqendum
1954 3478 2145 3520 praesensit.
