2633 3878
900 183 951 226 IN
981 181 1362 224 HEXAEMERON.
1393 181 1567 223 SERMO
1598 182 1719 224 XVII.

237 278 402 329 hortuS,
424 278 465 319 et
481 276 574 318 fons
591 275 804 328 signatus,
827 273 929 327 quia
947 284 1035 314 non
1057 273 1170 325 patet
1188 272 1270 311 1111-

238 348 428 398 mundis,
467 348 538 389 sed
571 346 653 387 illis
683 346 734 387 de
766 344 923 398 quibus
943 344 955 366 ¹
981 358 990 384 :
1017 359 1037 382 ((
1065 342 1191 384 Novit
1220 342 1270 396 (a)

238 419 362 468 Deus,
385 420 460 473 qui
483 420 581 460 sunt
601 419 706 471 ejus.
732 431 750 454 n
779 415 902 456 Hunc
921 415 1095 456 hortum
1116 417 1275 455 aeterna

240 491 447 545 sapientia
462 489 616 541 diligit,
634 491 674 529 et
688 487 798 528 circa
811 499 910 528 eum
926 488 1144 535 versatur3
1161 485 1275 526 unde

239 564 284 603 in
314 561 620 605 Ecclesiastico
649 559 825 601 dicitur2
854 573 862 599 :
894 557 1025 610 «Ego
1060 557 1167 597 sicut
1201 556 1277 596 ssu-

239 634 335 675 vius
367 632 494 674 Dorix
523 631 637 672 exivi
665 630 715 671 de
746 630 955 684 paradiso.
979 643 997 666 n
1030 627 1135 668 Item
1163 628 1278 668 hunc

240 705 415 747 hortum
428 703 587 756 rigavit
600 702 683 753 ille,
702 702 774 755 qui
789 713 938 742 omnes
952 700 1126 754 plantat.
1141 698 1278 748 Quam

240 777 356 818 enim
374 775 678 829 plantationem
697 775 785 827 ipse
804 785 889 814 non
907 772 1082 824 plantat,
1103 770 1174 810 illa
1191 782 1280 810 era-

240 847 464 889 dicabitur.
487 846 501 868 3
527 861 546 884 «
566 845 711 887 Omnis
731 844 951 897 plantatio,
975 858 994 881 ›)
1024 843 1164 895 inquit
1192 841 1275 893 ille,

249 931 407 972 «quam
417 929 503 958 non
517 916 724 970 plantavit
741 915 875 965 Pater,
889 929 907 952 »
928 916 1006 954 etc.
1022 912 1225 966 Sequitur
1239 912 1252 932 ¹·
1267 925 1276 952 ι

248 989 400 1039 «Dixi,
428 988 580 1041 rigabo
611 990 653 1029 et
684 986 902 1027 inebriabo
936 985 1134 1035 hortum,
1155 997 1174 1020 >³
1200 985 1277 1023 etc.

242 1060 367 1113 Rigat
405 1064 549 1101 autem
588 1058 823 1110 sanguine,
862 1069 947 1110 quo
986 1067 1181 1109 aspersus
1220 1057 1282 1095 est

242 1132 361 1183 liber,
382 1135 424 1173 et
440 1132 580 1173 omnis
600 1131 805 1185 populus;
822 1131 936 1182 rigat
958 1128 1175 1170 affluentia
1194 1127 1283 1180 Spi-

241 1205 349 1245 ritus
369 1204 502 1245 sancti
528 1203 743 1244 manantis
769 1203 821 1243 ab
848 1202 955 1255 ipso,
987 1213 1117 1254 quam
1139 1198 1279 1252 Scrip-

242 1279 340 1317 tura
356 1275 498 1326 habet,
517 1278 557 1316 et
572 1287 703 1328 quam
721 1273 967 1315 invenimus
985 1273 1030 1313 in
1048 1271 1280 1324 Scriptura.

244 1345 343 1389 Haec
365 1350 463 1388 sunt
483 1358 586 1399 ergo
609 1346 732 1398 ligna
756 1345 934 1398 pulchra
953 1345 1066 1394 visu,
1089 1347 1185 1394 etc.,
1213 1356 1283 1384 ra·

243 1419 356 1460 tione
380 1419 600 1460 fructuum
621 1418 901 1471 pulchrorum
928 1419 969 1457 et
991 1416 1194 1458 dulcium.
1227 1415 1283 1455 De

246 1490 469 1531 refectione
493 1490 728 1531 intellectus
754 1489 995 1530 dicendum.
1024 1488 1142 1528 Sicut
1168 1487 1281 1527 enim

248 1573 399 1615 corpus
424 1561 516 1602 sine
541 1562 633 1602 cibo
659 1561 795 1614 perdit
820 1560 1040 1610 virtutem,
1069 1559 1280 1609 decorem,

246 1637 286 1675 et
312 1635 557 1684 sanitatem,
585 1634 646 1675 sic
670 1633 951 1685 intelligentia
980 1632 1170 1674 veritatis
1192 1632 1283 1672 sine

246 1719 324 1748 suo
336 1707 429 1748 cibo
447 1707 714 1757 tenebrescit,
736 1706 908 1746 infirma
922 1706 989 1759 (b),
1007 1705 1222 1755 deformis,
1243 1707 1283 1744 et

244 1778 453 1819 instabilis
465 1779 514 1819 fit
525 1778 572 1819 in
592 1778 794 1820 omnibus
816 1792 824 1818 :
842 1779 1009 1830 oportet
1023 1788 1130 1828 ergo
1146 1775 1279 1816 refici.

242 1849 350 1890 Hinc
367 1852 443 1901 est,
463 1850 577 1903 quod
593 1863 714 1891 mens
733 1849 995 1902 vagabunda
1014 1860 1103 1889 non
1121 1847 1282 1888 habens

241 1921 401 1973 cibum,
423 1921 635 1973 discurrit,
660 1924 702 1962 et
721 1924 782 1962 est
801 1920 1027 1962 instabilis.
1049 1920 1062 1942 ⁵
1089 1934 1108 1958 (‹
1129 1918 1280 1960 Pecca-

243 1995 335 2034 tum
357 1994 546 2046 peccavit
571 1993 839 2035 Hierusalem
863 2007 872 2033 ι
902 1994 1126 2045 propterea
1149 1990 1281 2030 insta-

242 2065 338 2106 bilis
361 2066 470 2107 sacta
496 2068 583 2117 est;
606 2081 625 2105 1>
653 2069 694 2107 et
719 2066 813 2107 ideo
840 2066 972 2118 eJ‘ecta
995 2065 1046 2106 de
1070 2064 1280 2117 paradiso,

242 2140 441 2189 vagatur,
458 2140 499 2178 et
518 2138 588 2179 dat
614 2150 827 2191 «quaeque
847 2137 1032 2191 pretiosa
1052 2136 1104 2177 ad
1115 2135 1283 2176 refocil-

241 2207 414 2250 landam
430 2209 649 2250 animam»
665 2209 868 2249 miseram
880 2212 920 2250 et
930 2208 1164 2248 infirmam.
1182 2205 1284 2247 Haec

242 2280 358 2321 enim
392 2281 531 2334 passio
564 2280 870 2332 instabilitatis,
909 2280 1084 2321 miseria
1121 2291 1284 2331 magna

242 2353 318 2392 est.
349 2350 527 2405 Propter
554 2353 669 2406 quod
698 2352 808 2393 nihil
836 2351 996 2403 sanius,
1028 2351 1110 2392 nisi
1138 2352 1187 2391 ut
1214 2362 1284 2392 re-

243 2422 511 2475 stringantur
547 2424 851 2476 cogitationes,
890 2436 944 2464 ne
981 2425 1199 2474 vagentur
1238 2422 1284 2462 in

245 2493 424 2534 malum.
440 2494 558 2536 Unde
576 2494 758 2536 Joannes
778 2494 1001 2535 Cassianus
1017 2494 1030 2515 ⁶
1049 2494 1167 2535 venit
1183 2506 1282 2534 cum

246 2565 390 2606 multis
423 2566 476 2607 ad
509 2566 737 2619 quemdam
774 2568 967 2606 sanctum
1007 2568 1199 2618 patrem;
1242 2569 1283 2605 et

245 2640 501 2691 conquestus
527 2639 590 2678 est
617 2637 668 2678 de
691 2636 965 2678 instabilitate
993 2635 1279 2688 cogitationis,

245 2711 287 2750 et
302 2709 416 2763 quod
435 2709 479 2749 in
495 2708 613 2750 nullo
631 2711 795 2762 poterat
813 2710 986 2749 firmare
1005 2708 1279 2750 intellectum.

246 2780 297 2822 Et
325 2781 395 2822 ille
423 2780 641 2835 respondit
666 2795 674 2822 ε
705 2796 725 2819 «
753 2780 797 2822 Si
826 2780 897 2821 illa
928 2793 1026 2834 quae
1058 2793 1283 2834 nunquam

246 2855 413 2895 versata
431 2853 598 2894 fuerant
616 2853 662 2894 in
684 2853 824 2904 corde,
845 2856 947 2894 tunc
967 2853 1238 2906 cogitabant?
1257 2867 1277 2892 ›>

247 2923 492 2978 Respondit,
520 2925 634 2978 quod
659 2940 678 2964 «
703 2925 749 2965 in
776 2928 958 2976 tantum,
991 2926 1106 2978 quod
1135 2926 1209 2967 vix
1232 2926 1283 2968 de

248 2997 392 3050 aliquo
410 2997 492 3038 alio
511 2997 702 3049 cogitare
728 3000 906 3050 poterat,
930 2997 1017 3038 imo
1037 2997 1164 3038 etiam
1185 2998 1281 3039 dor-

249 3068 419 3109 miendo
441 3083 449 3108 :
476 3084 495 3107 »
526 3069 596 3110 6111
621 3069 690 3110 1116
717 3069 843 3120 dixit,
874 3069 989 3122 quod
1015 3084 1034 3107 α
1059 3069 1165 3110 illud
1193 3072 1285 3110 erat

249 3143 421 3194 propter
446 3141 808 3182 consuetudinem.
832 3155 852 3179 1>
883 3140 996 3182 Unde
1023 3145 1188 3195 oportet
1217 3155 1285 3183 as-

250 3224 444 3253 suescere
474 3213 584 3254 circa
616 3225 708 3254 rem
739 3213 948 3267 aliquam,
983 3225 1080 3266 quae
1112 3227 1212 3255 eum
1240 3215 1285 3255 in

250 3286 437 3325 mentem
461 3284 640 3336 venerit,
663 3297 750 3326 non
774 3286 827 3326 sit
854 3285 980 3326 mala.
1012 3285 1113 3327 Haec
1141 3289 1284 3328 autem

296 3369 304 3387 ¹
326 3369 350 3399 ΙΙ
375 3368 470 3407 Tim„
489 3376 528 3409 11,
549 3370 598 3401 19.
620 3386 659 3392 —
679 3369 689 3388 ²
707 3369 825 3407 Ecch„
848 3377 943 3411 xxw,
965 3372 1022 3411 413
1044 3370 1085 3402 de
1105 3370 1172 3403 1106
1193 3370 1285 3412 vide,

251 3417 335 3447 tom.
356 3417 383 3456 l,
405 3425 484 3458 pag.
509 3418 558 3458 10,
578 3420 652 3449 not.
668 3426 740 3450 e.—
759 3418 771 3438 ³
787 3417 925 3458 Manli„
945 3425 1002 3458 XV,
1024 3420 1117 3451 13.—
1136 3418 1150 3441 Β
1163 3418 1284 3460 Eccli.,

253 3469 349 3504 xxm,
370 3465 422 3496 42.
444 3481 480 3488 —
507 3464 521 3487 5
541 3464 670 3506 Tliren„
698 3473 729 3505 1,
760 3467 791 3505 8,
816 3474 851 3498 11.
879 3483 921 3489 —-
943 3468 954 3484 ‘⁵
973 3465 1080 3507 Cass„
1100 3465 1237 3505 Collat„
1262 3468 1284 3505 Ι,

256 3518 286 3541 6.
304 3518 359 3543 xvi
378 3515 412 3544 et
431 3522 518 3554 seq„
538 3514 572 3545 et
593 3513 665 3554 XX,
684 3522 714 3546 c.
737 3521 785 3546 xn
806 3510 840 3546 ἐι
858 3522 934 3546 xiii.
955 3532 990 3537 -
1011 3515 1024 3536 '¹
1042 3513 1158 3555 Arist„
1177 3515 1286 3555 Rhet„

2302 192 2373 228 111

1348 273 1411 312 est
1433 270 1666 324 Scriptura,
1695 272 1768 313 ubi
1789 285 1876 314 non
1895 286 2045 326 unum,
2067 274 2140 316 sed
2161 274 2294 316 multa
2312 276 2377 316 in-

1348 341 1596 392 veniuntur,
1619 342 1662 382 in
1683 343 1839 395 quibus
1859 348 1920 385 est
1939 346 2155 387 delectatio
2179 347 2382 400 spiritua-

1347 412 1425 462 lis3
1457 415 1498 453 et
1523 413 1581 453 sic
1607 426 1693 454 non
1722 414 1933 456 exibimus
1959 417 2134 458 hortum
2163 418 2345 471 paradisi
2369 431 2378 459 :

1350 484 1408 524 516
1436 484 1515 524 erit
1542 484 1700 535 anima,
1723 487 1770 526 ut
1792 497 1970 538 operans
1997 490 2037 528 ct
2062 489 2313 539 custodiens,
2343 493 2385 531 et

1350 555 1472 595 faciet
1491 555 1535 607 (c)
1557 555 1637 595 sibi
1655 568 1708 596 ex
1725 569 1774 597 ea
1790 557 1964 598 hortum
1985 571 2166 611 parvum
2183 561 2228 601 in
2246 565 2384 602 mente

1351 627 1610 667 deliciosum.
1640 627 1687 667 In
1709 628 1787 668 1166
1812 629 1901 669 5016
1927 629 2099 670 scientia
2123 634 2185 671 est
2204 632 2381 673 delecta-

1351 698 1425 749 tio,
1457 711 1546 738 non
1574 698 1618 738 in
1647 698 1755 740 aliis.
1790 699 2071 753 Philosophus
2103 702 2201 742 dicit
2220 703 2248 753 ⁷,
2272 704 2386 756 quod

1354 781 1516 821 magna
1544 769 1764 826 delectatio
1794 774 1857 811 est
1885 772 2012 824 scire,
2045 774 2158 826 quod
2185 773 2388 816 diameter

1354 843 1480 881 costae
1501 844 1561 882 est
1583 845 1842 895 asymmeter
1859 857 1868 883 :
1887 843 1979 884 haec
1997 843 2214 885 delectatio
2232 845 2290 885 sic
2307 846 2389 887 cito

1354 911 1566 963 desinens,
1591 925 1668 953 suo
1690 913 1814 955 modo
1835 914 2026 955 comedat
2047 915 2180 957 illam.
2208 915 2389 969 Egredi-

1354 986 1425 1024 tur
1456 986 1600 1024 autem
1632 984 1683 1026 de
1715 985 1930 1039 Scriptura
1957 988 2155 1040 quaedam
2185 987 2282 1040 lux,
2316 1001 2390 1031 5611

1355 1055 1596 1108 illustratio,
1619 1057 1663 1098 in
1683 1058 1947 1099 intellectum
1964 1061 2164 1112 Junctum
2184 1060 2391 1114 imagina-

1355 1127 1476 1178 tioni,
1495 1131 1543 1168 ut
1562 1141 1646 1169 non
1669 1132 1806 1182 pateat
1824 1142 2025 1183 egressus
2045 1132 2237 1184 sapienti,
2256 1136 2297 1174 et
2314 1133 2393 1174 hoc

1356 1199 1576 1251 aspicienti
1600 1200 1726 1252 intra,
1753 1204 1887 1253 extra,
1914 1202 2037 1254 infra,
2063 1216 2206 1257 supra.
2234 1203 2394 1258 Propo-

1356 1269 1419 1310 nit
1436 1281 1542 1322 ergo
1562 1270 1781 1324 Scriptura
1801 1273 1890 1313 suis
1907 1273 2260 1326 pullulationibus
2280 1288 2393 1329 spec-

1356 1340 1494 1381 tacula
1514 1341 1686 1394 nobilia,
1710 1345 1759 1383 ut
1779 1344 1832 1384 ab
1854 1344 1983 1395 intra,
2007 1349 2147 1397 extra,
2171 1347 2299 1399 infra,
2322 1360 2394 1388 su-

1357 1425 1446 1465 pra,
1475 1416 1584 1463 61116,
1613 1418 1740 1466 retro,
1770 1415 2055 1468 dextrorsum,
2085 1418 2390 1470 sinistrorsum,

1357 1496 1410 1524 ex
1430 1485 1636 1537 opposito,
1659 1486 1702 1525 in
1721 1498 1844 1539 gyro,
1875 1499 1897 1527 e
1916 1487 2167 1542 longinquo,
2190 1503 2213 1530 6
2237 1490 2389 1532 ν16160.

1357 1555 1543 1597 Illustrat
1559 1557 1612 1597 ab
1628 1557 1738 1598 intra
1755 1570 1829 1611 per
1847 1559 2015 1600 interna
2028 1563 2279 1614 spectacula,
2295 1576 2392 1617 quae

1357 1630 1458 1668 sunt
1481 1628 1748 1669 rationabilia
1767 1630 1866 1671 fidei
1886 1633 1927 1671 et
1945 1632 2167 1684 radicalia;
2196 1635 2249 1676 ab
2271 1639 2393 1677 extra

1358 1702 1502 1740 autem
1533 1712 1609 1753 per
1639 1702 1835 1755 exempla
1864 1704 2126 1757 extrinseca,
2156 1706 2207 1748 de
2235 1708 2394 1761 quibus

1358 1773 1445 1812 tota
1472 1770 1692 1825 Scriptura
1721 1780 1784 1814 est,
1811 1774 1950 1828 plena.
1982 1775 2027 1817 Si
2055 1777 2120 1819 vis
2149 1779 2394 1833 exemplum

1357 1843 1587 1896 patientiae,
1607 1845 1769 1898 respice
1785 1845 1864 1887 Job
1884 1850 1924 1888 et
1941 1847 2138 1901 Tobiam3
2161 1852 2193 1891 si
2217 1864 2394 1905 magna-

1358 1914 1579 1967 nimitatis,
1612 1918 1770 1970 respice
1801 1918 1935 1962 David
1966 1924 2112 1962 contra
2143 1922 2320 1976 Goliam,
2355 1929 2396 1966 et

1358 1985 1510 2027 Judam
1549 1987 1844 2031 Machabaeum
1873 2005 1882 2031 :
1921 1992 1957 2034 si
1988 1993 2087 2034 fidei
2118 1996 2391 2049 exemplum,

1357 2058 1596 2112 Abraham,
1618 2064 1660 2101 et
1680 2061 1879 2114 Mariam,
1902 2065 1970 2117 cuj
1978 2078 2027 2105 us
2051 2065 2156 2107 fides
2175 2070 2396 2110 transcen-

1358 2130 1419 2171 dit
1443 2131 1572 2172 fidem
1600 2133 1798 2175 Abrahae.
1829 2135 2046 2178 Abraham
2073 2139 2247 2180 credidit
2274 2152 2395 2194 posse

1359 2215 1402 2244 56
1428 2203 1587 2245 habere
1611 2205 1750 2247 filium
1770 2206 1820 2248 de
1843 2207 1974 2248 sterili
1998 2221 2124 2260 sene3
2153 2211 2225 2252 sed
2246 2212 2392 2263 Maria,

1358 2277 1475 2329 quod
1507 2277 1632 2330 virgo
1667 2279 1905 2332 conciperet
1934 2281 1985 2321 de
2024 2280 2186 2335 Spiritu
2217 2288 2390 2326 sancto:

1359 2361 1500 2402 neque
1520 2350 1793 2403 concepisset,
1811 2351 1894 2392 nisi
1909 2353 2168 2396 credidisset.
2192 2356 2234 2396 Si
2254 2368 2394 2398 exem-

1359 2420 1481 2474 plum
1509 2421 1740 2473 charitatiS,
1771 2423 1870 2465 vide
1896 2423 2089 2478 Moysen,
2118 2426 2192 2479 qui
2219 2427 2325 2468 dixit
2343 2428 2356 2448 ⁸
2381 2444 2389 2469 2

1365 2506 1385 2529 «
1406 2492 1493 2533 Aut
1511 2493 1675 2534 dimitte
1694 2494 1753 2534 eis
1772 2506 1946 2543 noxam,
1973 2500 2048 2537 aut
2069 2497 2160 2538 dele
2183 2510 2251 2540 me
2271 2499 2322 2540 de
2342 2499 2393 2540 li-

1359 2562 1451 2612 bro,
1473 2577 1492 2600 ))
1518 2567 1597 2604 616.
1625 2562 1670 2604 Si
1691 2565 1938 2618 exemplum
1959 2567 2276 2621 misericordiae,
2296 2569 2394 2624 lege

1359 2634 1406 2673 in
1438 2633 1753 2687 Ecclesiastico,
1787 2636 1862 2677 ubi
1898 2637 2103 2691 scriptum
2133 2641 2255 2682 est⁹z
2294 2657 2313 2678 (ι
2342 2642 2394 2683 Hi

1359 2708 1459 2746 sunt
1482 2707 1565 2749 viri
1590 2707 1906 2760 misericordiae,
1926 2723 1946 2747 ›)
1972 2713 2050 2751 etc.
2077 2710 2122 2752 Si
2145 2712 2196 2754 de
2213 2714 2391 2766 Justitia,

1358 2778 1625 2831 fortitudine,
1658 2779 1903 2833 prudentia,
1938 2782 2168 2835 munditia,
2197 2785 2248 2826 de
2278 2788 2396 2827 omni

1359 2850 1518 2892 virtute
1536 2851 1728 2903 honesta,
1752 2853 1948 2906 proponit
1967 2853 2043 2894 tibi
2062 2855 2227 2898 infinita
2246 2869 2394 2899 exem-

1359 2922 1450 2975 pla,
1482 2923 1583 2976 quia
1608 2923 1748 2965 virtus
1779 2924 1968 2965 consistit
1993 2926 2105 2967 circa
2131 2930 2394 2981 operationes

1359 2994 1650 3048 particulares.
1667 2995 1764 3037 Ideo
1780 3008 1866 3038 non
1883 2997 2034 3040 sufficit
2049 3001 2200 3053 regula
2215 3001 2392 3044 interius

1360 3067 1576 3119 directiva,
1606 3068 1688 3109 nisi
1716 3070 1962 3123 exemplum
1990 3071 2098 3113 adsit
2125 3074 2390 3126 particulare.

1361 3139 1413 3180 Et
1446 3140 1539 3181 ideo
1574 3138 1795 3194 Scriptura
1828 3145 2062 3197 utrumqne
2095 3146 2236 3198 ponit,
2275 3151 2315 3188 et
2346 3148 2396 3189 (16

1361 3215 1543 3266 utroque
1579 3213 1691 3254 dedit
1727 3214 1942 3267 regulam.
1981 3214 2096 3257 Unde
2137 3217 2182 3258 in
2218 3218 2396 3262 Prover-

1363 3283 1446 3327 biis
1482 3284 1638 3326 dicitur
1657 3285 1686 3307 ¹⁰
1711 3300 1719 3327 :
1756 3301 1776 3324 «
1804 3285 2034 3340 Responsio
2064 3288 2203 3330 mollis
2233 3290 2396 3344 frangit

1362 3363 1420 3395 lib.
1458 3365 1490 3404 1,
1516 3372 1544 3396 c.
1570 3363 1617 3394 De
1645 3364 1830 3405 impossib,
1856 3365 1998 3406 Foster„
2027 3365 2084 3399 lib.
2119 3368 2148 3408 Ι,
2178 3370 2259 3400 text.
2290 3372 2326 3410 55
2357 3370 2398 3402 de

1362 3413 1510 3454 qen-erat.
1537 3411 1698 3452 Animal„
1718 3412 1776 3444 lib.
1800 3413 1840 3452 ΙΙ,
1861 3422 1889 3443 e.
1917 3420 1961 3445 ιν.
1981 3431 2016 3436 -
2040 3415 2051 3433 ⁸
2066 3414 2190 3456 Eaeod„
2210 3424 2321 3458 xxxu,
2343 3421 2394 3452 32.

1363 3460 1432 3484 -9
1457 3459 1576 3499 ΕεεΙί.,
1602 3467 1695 3501 xmv,
1723 3462 1774 3492 10.
1801 3478 1842 3484 —
1865 3460 1889 3483 ¹⁰
1907 3461 2016 3502 Pron„
2038 3469 2094 3504 xv,
2118 3466 2145 3496 1.
2174 3465 2272 3506 -(α)
2300 3465 2393 3509 Vulq.

1365 3514 1543 3556 Cognovit.
1567 3531 1602 3538 -
1627 3513 1672 3555 (b)
1692 3514 1748 3546 Al.
1768 3515 1894 3548 intima.
1915 3534 1955 3540 —
1977 3517 2015 3559 (c)
2036 3517 2121 3551 Coet.
2139 3520 2222 3554 edit.
2242 3521 2331 3556 facit.
