2633 3878
89 1841 198 1873 gantis-

69 1882 218 1950 33:311?st
233 1878 563 1930 elegantissime.
575 1879 769 1921 Primum
782 1881 915 1934 igitur
926 1883 1004 1930 est,
1015 1881 1126 1933 quod
1136 1881 1267 1922 homo

904 217 955 259 IN
985 215 1361 258 HEXAEMERON.
1394 216 1572 259 SERMO
1602 216 1705 258 XlX.

236 322 313 366 per
331 324 375 353 se
394 323 480 352 non
506 311 602 352 facit
622 308 910 358 harmoniam,
933 306 1006 348 sed
1026 317 1124 347 cum
1143 305 1238 346 aliis
1255 337 1266 357 ,

237 382 430 424 similiter
453 393 566 423 unus
595 381 711 422 locus
739 379 967 432 Scripturae
988 377 1194 431 dependet
1213 376 1267 418 ab

235 454 338 505 ali03
356 454 442 495 imo
459 465 597 494 unum
616 452 757 492 locum
775 449 1009 502 respiciunt
1025 448 1139 489 mille
1157 448 1264 489 loca.

235 525 499 574 Notandum,
523 523 635 576 quod
661 522 827 575 quando
851 520 1049 561 Cnmsrns
1071 519 1165 560 fecit
1185 519 1269 559 mi-

235 596 429 638 raculum
466 595 517 636 de
552 593 826 635 conversione
858 603 982 645 aquae
1012 591 1057 631 in
1089 590 1265 640 vinum,

235 680 320 709 non
350 666 490 707 statim
523 665 630 705 dixit
653 679 661 705 :
685 663 778 705 Fiat
796 664 972 711 vinum,
995 662 1063 704 vel
1093 661 1190 702 fecit
1218 662 1268 702 de

236 737 394 787 nihilo;
416 737 489 777 sed
508 736 644 777 voluit
668 738 717 776 ut
736 734 919 775 ministri
942 733 1168 786 implerent
1185 733 1268 785 hy-

235 809 346 851 drias
364 820 491 862 aqua,
513 810 561 848 ut
579 807 678 848 dicit
698 805 928 858 Gregorius
945 806 971 847 ¹.
990 804 1051 845 Ad
1066 804 1264 856 litteram,

235 891 366 934 quare
388 879 448 920 sic
476 879 592 930 fecit,
622 878 732 919 ratio
760 890 846 919 non
874 879 1010 930 potest
1033 876 1164 917 reddi.
1187 875 1269 917 Sed

235 951 468 992 secundum
493 949 757 1003 spiritualem
792 948 1120 1000 intelligentiam
1151 947 1268 989 reddi

236 1023 371 1075 potest
389 1021 518 1072 rati0‚
541 1022 644 1074 quia
671 1020 856 1073 Spiritus
888 1022 1059 1061 sanctus
1091 1031 1178 1060 non
1199 1018 1269 1059 dat

235 1092 500 1146 spiritualem
523 1092 881 1145 intelligentiam,
912 1091 995 1132 nisi
1021 1091 1152 1132 homo
1185 1091 1266 1130 im-

234 1164 346 1218 pleat
363 1164 557 1218 hydriaS,
578 1163 812 1205 secundum
832 1163 1105 1216 capacitatem
1127 1174 1266 1213 suam,

234 1248 369 1290 aqua,
401 1236 557 1277 scilicet
592 1235 743 1277 notitia
778 1235 970 1276 litteralis
1007 1246 1157 1275 sensus
1190 1249 1199 1275 ε
1228 1238 1270 1275 et

233 1307 330 1349 inde
342 1320 432 1349 esse
442 1310 600 1361 potest,
614 1307 728 1361 quod
747 1306 858 1348 Deus
881 1307 1091 1349 convertit
1111 1318 1268 1359 aquam

233 1391 380 1420 sensus
399 1379 611 1430 litteralis,
641 1379 686 1420 in
707 1379 860 1420 vinum
891 1378 1122 1432 spiritualis
1141 1378 1264 1419 intel-

231 1448 438 1502 ligentiae.
456 1450 631 1504 Propter
650 1451 731 1492 hoc
746 1451 903 1493 Paulus
923 1450 1001 1491 fuit
1020 1450 1143 1500 altus,
1167 1450 1266 1503 quia

230 1522 319 1574 ipse
345 1521 545 1562 didicerat
575 1522 717 1573 legem
754 1521 806 1562 ad
840 1521 969 1574 pedes
1003 1520 1260 1562 Gamalielis.

231 1591 348 1633 Unde
368 1593 441 1645 qui
456 1592 719 1646 ScrIpturam
739 1593 866 1634 habet
879 1625 892 1644 ,
914 1595 1063 1646 potens
1083 1595 1146 1634 est
1167 1604 1266 1633 cum

231 1662 431 1717 eloquiis,
448 1667 489 1705 et
502 1665 630 1705 etiam
648 1665 694 1705 in
710 1668 890 1706 venusto
911 1676 1107 1705 sermone
1131 1665 1267 1706 :unde

72 1758 102 1783 s.
124 1757 210 1784 Bm.
231 1735 379 1776 heatus
411 1736 650 1777 Bernardus
669 1749 823 1790 parum
843 1737 1024 1789 sciebat,
1062 1737 1135 1778 sed
1167 1737 1268 1791 quia

77 1806 128 1824 eux·
158 1799 213 1825 olc—
234 1807 242 1814 ·

232 1820 277 1847 111
290 1807 508 1861 Scriptura
523 1809 707 1850 multum
722 1809 901 1859 studuit,
914 1809 1007 1850 ideo
1021 1808 1189 1850 locutus
1206 1812 1268 1850 est

232 1950 386 1993 habeat
411 1952 694 2006 Scripturam,
717 1965 804 1994 non
839 1953 949 1994 sicut
971 1952 1169 2005 JudaeuS,
1193 1954 1267 2007 qui

232 2022 370 2064 solum
386 2023 479 2065 vult
510 2024 723 2066 corticem.
751 2024 870 2066 Unde
895 2024 1071 2077 quidam
1092 2024 1267 2066 Judaeus

231 2094 362 2136 semel
381 2095 487 2148 legit
506 2095 609 2136 illud
624 2096 858 2149 capitulum
871 2097 1025 2138 Isaioe:
1043 2095 1264 2147 «Domine,

232 2166 328 2219 quis
348 2165 524 2207 credidit
544 2167 708 2208 auditui
731 2181 750 2205 n
773 2170 917 2208 nostro
932 2199 945 2218 ,
967 2170 1063 2218 etc.;
1089 2170 1129 2208 et
1148 2167 1265 2220 lege-

231 2237 304 2278 bat
321 2236 372 2278 ad
393 2237 577 2279 litteram
592 2271 601 2289 ,
638 2241 679 2279 et
697 2250 783 2280 non
810 2239 946 2291 potuit
976 2239 1133 2281 habere
1165 2251 1264 2281 con-

232 2308 510 2360 cordantiam,
536 2312 582 2351 ut
597 2322 771 2351 sensum
790 2311 966 2362 faceret,
989 2313 1030 2351 et
1056 2311 1150 2352 ideo
1167 2323 1265 2364 pro-

164 2432 170 2436 *
227 2380 329 2432 Jecit
347 2380 507 2421 librum
527 2381 579 2421 ad
605 2384 786 2431 terram,
819 2381 1056 2435 imprecans
1084 2385 1131 2423 ut
1158 2382 1267 2424 Deus

232 2451 508 2492 confunderet
529 2451 695 2502 Isaiam‚
716 2453 840 2505 quia,
858 2456 905 2493 ut
923 2453 1004 2494 sibi
1022 2453 1264 2505 videbatur,

231 2533 317 2562 non
337 2524 499 2574 poterat
519 2525 629 2563 stare
648 2524 762 2576 quod
782 2523 958 2564 dicebat.
980 2524 1044 2565 Ad
1064 2524 1174 2581 hanc
1195 2536 1264 2565 au-

234 2595 318 2633 tem
337 2593 663 2645 intelligentiam
687 2606 773 2635 non
794 2597 929 2648 potest
956 2594 1086 2636 homo
1112 2607 1267 2648 perve-

230 2663 322 2704 nire
342 2676 415 2717 per
435 2677 502 2716 se,
536 2665 608 2707 sed
627 2678 703 2719 per
723 2666 826 2707 alios
839 2698 851 2716 ,
883 2666 1041 2719 quibus
1061 2667 1169 2708 Deus
1196 2680 1266 2708 re-

232 2735 410 2787 velavit,
439 2737 595 2778 scilieet
616 2750 691 2791 per
723 2737 950 2790 originalia
982 2736 1262 2790 Sanctorum,

231 2810 277 2848 ut
291 2808 541 2861 Augustini,
563 2808 825 2862 Hieronymi,
847 2812 887 2850 et
907 2809 1106 2851 aliorum.
1131 2810 1264 2864 Opor-

228 2881 287 2920 tet
313 2892 417 2932 ergo
445 2893 614 2922 currere
646 2881 699 2922 ad
732 2881 960 2933 originalia
989 2881 1260 2924 Sanctorum.

230 2949 311 2991 Sed
330 2950 431 3004 quia
456 2951 535 2992 ista
555 2954 655 2992 sunt
677 2952 946 3004 difficillima,
981 2953 1075 2994 ideo
1096 2966 1264 2996 necesse

229 3024 330 3062 sunt
348 3033 528 3063 summae
549 3022 855 3075 magistrorum
872 3055 882 3073 ,
915 3023 957 3063 in
987 3024 1144 3077 quibus
1171 3025 1261 3067 elu-

229 3092 420 3134 cidantur
449 3093 728 3135 difficultates.
760 3093 839 3135 Sed
866 3095 1103 3137 cavendum
1126 3100 1187 3138 est
1212 3098 1264 3140 de

228 3165 500 3207 multitudine
519 3166 787 3220 scriptorum.
819 3166 870 3208 Et
890 3167 991 3220 quia
1011 3168 1090 3209 ista
1110 3170 1264 3224 scripta

228 3236 443 3279 adducunt
461 3237 814 3291 philosophorum
834 3239 964 3279 verba
979 3270 989 3288 ,
1010 3251 1179 3282 neccsse
1199 3245 1262 3283 est

227 3309 342 3362 quod
360 3309 489 3352 homo
508 3310 634 3362 sciat,
657 3311 724 3353 vel
746 3313 956 3364 supponat
976 3311 1080 3365 ipsa.
1105 3312 1178 3355 Est
1201 3326 1263 3356 er-

271 3440 282 3462 ¹
302 3441 418 3483 Greg„
445 3441 481 3473 in
500 3441 633 3480 Ezeclz„
657 3442 751 3475 hom.
780 3449 825 3475 v1.
848 3459 883 3466 -
910 3443 924 3464 ²
945 3442 957 3474 1
982 3442 1072 3483 Corn,
1096 3452 1125 3485 1,
1152 3447 1202 3479 13.
1221 3463 1262 3471 —

227 3487 242 3508 ⁸
260 3487 336 3528 Isa„
356 3495 433 3530 vui,
454 3491 485 3522 6.
506 3507 546 3513 —
564 3490 576 3509 ⁴
601 3489 755 3532 Hieron,
775 3490 817 3522 de
836 3489 952 3531 Reyul.
974 3491 1137 3532 Monach„
1160 3503 1190 3526 c.
1212 3494 1260 3527 De

231 3534 424 3578 contempl„
443 3538 528 3570 orat.
550 3539 580 3570 et
602 3537 676 3571 lect.

2300 220 2375 258 123

1343 317 1402 359 go
1421 305 1664 360 periculum
1678 306 1929 348 descendere
1945 307 1993 348 ad
2014 307 2255 360 originalia,
2275 307 2376 360 quia

1340 377 1517 430 pulcher
1545 390 1685 419 sermo
1716 380 1779 418 cst
1799 378 2088 429 originalium.
2128 378 2276 419 Sermo
2296 390 2374 418 au-

1341 453 1425 491 tem
1448 449 1681 502 Scriptura}
1702 462 1788 490 non
1809 451 1925 503 ponit
1946 462 2185 491 sermonem
2204 451 2262 490 ita
2279 450 2372 503 pul-

1341 521 1508 562 chrum.
1541 521 1658 562 Unde
1692 521 1727 562 si
1750 521 1927 562 dimittis
1949 521 2207 574 Scripturam
2227 555 2236 572 ,
2261 522 2304 561 in
2325 522 2373 562 li-

1340 592 1428 633 bris
1450 593 1681 645 Augustini
1711 593 1905 641 studens,
1930 592 2018 645 ipsc
2037 605 2123 633 non
2144 592 2270 633 hahet
2299 605 2375 647 pro

1340 664 1452 705 bono
1475 679 1484 705 :
1507 665 1565 704 sic
1585 676 1661 705 nec
1682 664 1840 706 Paulus
1860 664 1874 686 ²
1894 675 2051 704 nomen
2073 663 2242 704 illorum
2259 697 2269 715 ,
2299 665 2375 717 qui

1340 735 1514 776 nomine
1528 735 1649 776 Pauli
1663 735 1999 789 baptizabantur.
2018 734 2145 776 Sacra
2161 734 2374 789 Scriptura

1340 808 1385 849 in
1406 821 1565 862 magna
1584 808 1748 850 cautela
1766 808 1949 861 legenda
1969 812 2045 849 est.
2072 807 2207 861 Majns
2227 811 2370 850 autem

1341 880 1577 934 periculum
1592 883 1654 921 est
1674 880 1924 920 descendere
1938 879 1990 920 ad
2005 891 2195 920 summas
2212 881 2373 933 magis-

1342 955 1533 1002 trorum,
1557 952 1657 1006 quia
1687 951 1915 1005 aliquando
1943 963 2128 1004 magnus
2152 954 2214 992 est
2245 951 2291 992 in
2317 952 2377 993 eis

1341 1037 1475 1074 error,
1492 1028 1533 1066 et
1551 1025 1727 1066 credunt
1744 1036 1787 1065 se
1807 1024 1963 1065 habere
1979 1026 2020 1065 et
2042 1023 2277 1076 intelligere
2298 1023 2379 1064 ori-

1342 1096 1526 1149 ginalia,
1549 1099 1590 1137 et
1609 1109 1696 1137 non
1716 1096 1994 1148 intelligunt,
2017 1095 2105 1136 imo
2125 1095 2185 1135 eis
2207 1097 2376 1136 contra-

1341 1167 1500 1208 dicunt.
1534 1167 1653 1209 Unde
1680 1168 1789 1208 sicut
1819 1168 1960 1208 fatuus
1988 1169 2116 1217 esset,
2145 1166 2221 1220 qui
2252 1166 2379 1207 vellet

1341 1251 1508 1292 semper
1527 1239 1751 1281 immorari
1782 1239 1893 1280 circa
1920 1240 2124 1280 tractatus
2146 1271 2156 1290 ,
2198 1240 2239 1279 et
2268 1250 2378 1279 nun-

1341 1324 1471 1364 quam
1489 1311 1685 1353 accedere
1701 1311 1753 1352 ad
1769 1313 1958 1361 textum,
1979 1310 2037 1350 sic
2048 1312 2112 1350 est
2125 1310 2176 1351 de
2193 1310 2375 1351 summis

1341 1382 1644 1435 magistrorum
1668 1395 1678 1424 ε
1700 1383 1745 1423 in
1765 1383 1832 1423 his
1853 1384 1996 1423 autem
2016 1382 2146 1422 homo
2167 1381 2289 1422 debet
2311 1393 2374 1422 ca·

1341 1466 1455 1504 vere,
1472 1457 1520 1494 ut
1537 1466 1704 1507 semper
1712 1454 1927 1495 adhaereat
1941 1454 2024 1494 viae
2043 1453 2094 1506 (a)
2114 1453 2253 1505 magis
2266 1465 2376 1494 com·

1341 1525 1477 1566 muni.
1520 1525 1778 1567 Descendere
1799 1527 1943 1565 antem
1982 1524 2034 1565 ad
2063 1524 2374 1577 philosophiam

1341 1598 1402 1636 est
1421 1597 1661 1637 maximum
1681 1596 1936 1650 periculum.
1960 1595 2077 1637 Unde
2100 1596 2146 1636 in
2169 1596 2287 1638 Isaia
2311 1596 2377 1637 di-

1341 1668 1451 1708 citur
1469 1668 1483 1690 ³
1506 1682 1515 1708 ι
1548 1683 1566 1707 c(
1586 1666 1668 1709 Pro
1695 1680 1745 1708 eo
1776 1667 1890 1721 quod
1916 1667 2067 1721 abJecit
2098 1666 2280 1720 populus
2307 1666 2378 1707 ille

1341 1751 1476 1793 aquas
1497 1738 1635 1790 Siloe,
1661 1750 1760 1792 quae
1781 1741 1960 1779 currunt
1988 1751 2086 1779 cum
2112 1738 2304 1789 silentio,
2336 1740 2378 1779 et

1340 1811 1567 1865 assumpsit
1590 1811 1731 1863 magis
1758 1810 1907 1861 Rasin,
1939 1812 1980 1851 et
2006 1809 2230 1861 Romeliae,
2250 1825 2270 1848 ›)
2295 1813 2373 1852 etc.

1341 1882 1434 1924 Non
1452 1882 1635 1936 amplius
1655 1882 1955 1924 revertendum
1977 1885 2038 1922 est
2057 1882 2103 1922 in
2118 1881 2375 1936 AEgyptum.'

1341 1954 1585 1996 Notandum
1604 1955 1655 1996 de
1669 1954 1932 2008 Hieronymo
1945 1954 1971 2005 t,
1990 1954 2063 2007 qui
2080 1956 2175 2006 post
2187 1954 2375 1995 studium

1342 2027 1551 2069 Ciceronis
1570 2041 1656 2069 non
1678 2029 1861 2070 habebat
1879 2039 2095 2082 saporem3
2117 2027 2211 2068 ideo
2228 2027 2376 2079 flagel-

1341 2099 1450 2140 latus
1468 2099 1550 2140 t'uit
1577 2102 1673 2140 ante
1692 2098 1881 2140 tribunal
1903 2111 1913 2139 ε
1942 2099 2022 2139 hoc
2043 2101 2185 2139 antem
2204 2102 2376 2152 propter

1342 2182 1419 2211 nos
1437 2171 1594 2212 factum
1621 2174 1704 2222 est,
1726 2174 1774 2212 ut
1794 2170 1992 2223 magistri
2011 2182 2161 2211 cavere
2182 2170 2374 2223 debeant,

1341 2254 1396 2284 ne
1414 2243 1541 2283 nimis
1562 2243 1859 2285 commendent
1884 2246 1926 2284 et
1948 2242 2237 2296 appretientur
2269 2242 2378 2283 dicta

1341 2314 1696 2368 philosophorum
1711 2347 1723 2366 ,
1747 2328 1801 2356 ne
1822 2315 1902 2356 hac
1919 2315 2082 2356 ratione
2103 2314 2288 2367 populus
2308 2326 2375 2355 re-

1342 2388 1536 2428 vertatur
1563 2387 1608 2428 in
1638 2387 1901 2441 AEgyptum,
1936 2389 1977 2428 et
2003 2386 2200 2438 exemplo
2230 2398 2378 2427 eorum

1342 2458 1559 2499 dimittant
1578 2471 1711 2512 aquas
1731 2458 1865 2509 Siloe,
1886 2459 1931 2499 in
1953 2458 2109 2510 quibus
2129 2460 2191 2498 est
2211 2469 2380 2499 summa

1342 2528 1540 2582 perfectio
1558 2561 1567 2579 ‚
1590 2533 1630 2570 et
1659 2530 1817 2571 vadant
1849 2529 1901 2570 ad
1934 2540 2067 2582 aquas
2101 2528 2377 2582 philosopho-

1342 2611 1439 2641 rum
1457 2633 1467 2652 ,
1489 2600 1535 2641 in
1555 2601 1711 2654 quibus
1731 2604 1794 2642 est
1813 2600 2049 2654 periculosa
2078 2600 2281 2653 deceptio.
2311 2600 2380 2642 Si-

1342 2675 1523 2725 gnatum
1550 2672 1630 2713 fuit
1664 2673 1746 2716 hoc
1772 2673 1817 2713 in
1848 2672 2066 2724 Gedeone,
2098 2672 2173 2713 uhi
2193 2672 2280 2723 illi,
2305 2672 2379 2726 qui

1341 2744 1506 2798 probati
1523 2745 1699 2794 ,fuerant
1720 2745 1774 2786 ad
1793 2757 1946 2799 aquaS,
1969 2745 2050 2798 [qui
2073 2744 2238 2797 ,scilicet
2271 2745 2379 2786 lam-

1340 2816 1528 2858 buerunt
1548 2817 1656 2858 sicut
1675 2830 1800 2859 canes
1815 2850 1825 2869 ,
1849 2820 2182 2871 pugnaverunt,
2205 2819 2246 2858 et
2266 2817 2379 2859 vice-

1340 2890 1469 2938 runt;
1492 2891 1533 2929 et
1551 2888 1611 2928 illi
1630 2889 1704 2942 qui
1724 2889 1836 2930 ssexo
1848 2889 2020 2942 poplite,
2042 2901 2079 2930 e1
2092 2889 2255 2929 curvati
2266 2888 2380 2930 hibe-

1339 2963 1467 3011 runt,
1508 2961 1668 3001 reversi
1701 2964 1815 3002 sunt.
1855 2960 1936 3002 Sed
1971 2961 2239 3002 vincentibus
2269 2961 2378 3002 datae

1340 3034 1442 3073 sunt
1474 3032 1590 3073 tubae
1623 3036 1664 3073 et
1694 3033 1861 3085 lagenae
1883 3064 1895 3083 ,
1935 3044 1984 3072 ac
2011 3032 2196 3088 lucerna}
2235 3048 2245 3072 :
2280 3045 2377 3073 cum

1340 3102 1542 3156 clangore
1562 3104 1783 3156 buccinae,
1819 3107 1860 3145 et
1886 3104 2172 3158 complosione
2206 3104 2379 3156 lagena·

1338 3185 1439 3215 rum
1474 3175 1680 3216 vicerunt.
1721 3174 1791 3216 Isti
1823 3178 1924 3216 sunt
1954 3175 2274 3229 praedicatoreS,
2303 3176 2379 3228 qui

1338 3246 1545 3300 clangunt
1570 3247 1614 3288 in
1642 3247 1940 3300 praedicatione
1965 3247 2156 3288 buccina.
2190 3246 2377 3300 Lagenae

1338 3321 1440 3359 sunt
1456 3319 1670 3373 exempla3
1692 3319 1909 3372 lampades
1930 3320 2028 3359 sunt
2048 3317 2270 3361 miracula.
2293 3319 2376 3369 Qui

1338 3389 1453 3430 enim
1480 3401 1556 3442 pro
1587 3389 1765 3432 veritate
1797 3391 1897 3430 sunt
1936 3388 2122 3440 mortui,
2153 3389 2375 3430 miraculis

1337 3463 1691 3512 coruscaverunt,
1715 3463 1756 3502 et
1783 3461 2093 3514 superaverunt
2128 3458 2177 3514 (b)
2212 3460 2372 3502 hostes,

1379 3545 1426 3585 (a)
1450 3544 1541 3577 Edit.
1569 3544 1632 3576 Ven
1652 3543 1741 3576 vitae.
1761 3559 1802 3568 -
1820 3542 1863 3584 (b)
1889 3543 1968 3576 Coet.
1992 3542 2074 3575 edit.
2095 3546 2330 3585 speraverunt.

2423 751 2511 777 Sacra

2408 791 2537 826 Scriptu-

2411 839 2441 857 ra
2457 841 2528 865 quc-

2425 873 2511 899 modo

2397 913 2536 948 legenda.
