2633 3878
217 305 293 343 4¹9.

216 390 456 438 superiorem
475 388 526 424 ad
541 387 758 434 justificatae
777 387 1135 434 magnificationem
1155 383 1238 420 ani-

215 464 287 489 mm
317 451 541 488 attinentem
571 450 706 486 audire
734 460 944 498 possumus
973 449 1012 485 in
1043 446 1236 495 praesenti.

216 517 298 551 ilaec
327 515 457 550 autem
485 512 641 548 bonitas
671 512 844 548 animam
872 510 1121 558 justificatam
1152 518 1236 544 ma-

215 576 390 622 gnificat,
411 574 667 621 provehendo
687 574 878 610 rationem
899 572 949 608 ad
971 581 1148 608 amorem
1166 580 1235 606 ve-

215 637 355 682 ruatis,
383 636 481 672 sicut
507 635 674 672 ostendit
701 633 972 682 quaternarius
1001 633 1173 680 primuS,
1205 634 1241 667 ct

217 698 462 736 affectionem
482 697 533 734 ad
553 707 729 734 amorem
756 695 969 739 charit-itm,
992 694 1090 731 sicut
1113 695 1239 730 osten-

218 761 273 797 dit
293 759 504 797 se'cundus.
527 759 636 795 Ratio
657 761 785 794 autem
806 756 1036 804 provehitur
1059 755 1110 793 ad
1130 766 1240 792 amo-

217 833 300 860 rem
322 821 490 858 veritatis
509 819 729 864 indicantis,
749 818 997 864 laetificantis,
1013 817 1240 864 judicantis,

216 883 462 921 rectiticantis
478 911 487 928 ‚
521 886 563 919 ut
595 881 743 929 patebit
779 881 818 917 in
858 884 1026 928 quatuor
1063 879 1242 916 versibus

216 946 394 993 proxime
415 945 680 992 sequentibus.
704 946 842 981 Versus
866 943 1031 991 primus,
1058 943 1156 978 sicut
1175 951 1243 988 pa-

217 1012 269 1045 tet
289 1019 334 1044 ex
355 1010 525 1055 quatuor
546 1007 732 1043 membris
754 1006 857 1052 ejus,
880 1005 1052 1041 declarat
1078 1013 1244 1051 provec-

218 1074 300 1106 tum
330 1069 491 1106 rationis
522 1068 573 1105 ad
606 1078 782 1104 amorem
810 1066 982 1103 veritatis
1013 1064 1220 1101 indicantis
1230 1077 1240 1110 3

219 1132 408 1179 quoniam
432 1131 472 1167 in
496 1131 579 1178 ipso
606 1129 827 1177 postulatur
855 1139 921 1165 ore
947 1127 1199 1176 prophetico,
1220 1137 1244 1163 a

218 1193 509 1240 magnificentia
526 1191 757 1236 divinitatis,
779 1190 956 1227 affectiva
974 1188 1242 1234 humanitatis,

218 1255 420 1291 influentia
439 1254 631 1298 veritatis,
654 1253 866 1290 indicativa
890 1252 1149 1299 imperatoriae
1170 1261 1242 1287 vo-

218 1317 375 1353 luntatis
397 1328 404 1352 :
427 1326 515 1353 ecee
536 1315 746 1363 postulatio
767 1314 916 1360 fidelis,
937 1313 1146 1358 fiducialis,
1166 1313 1242 1349 hu-

218 1379 320 1415 milis
340 1382 377 1415 et
395 1378 509 1415 utilis.

547 1479 734 1514 Articulus
763 1479 914 1524 primus.

267 1567 323 1604 Ad
348 1567 521 1614 primum
551 1566 735 1614 pertinet,
767 1566 878 1613 quod
908 1565 1078 1602 dicitur:
1115 1567 1245 1601 Manus

220 1635 301 1665 tuae.
332 1629 539 1665 Enimvero
573 1639 712 1665 manus
743 1628 823 1664 istae
850 1638 931 1664 non
958 1627 1142 1674 physice,
1176 1626 1246 1663 scd

219 1691 483 1739 metaphorice
511 1693 599 1726 sunt
632 1689 774 1726 divinae
806 1690 918 1736 signa
948 1688 1245 1734 munificentias,

218 1753 299 1790 sive
328 1753 539 1788 divinitatis
568 1751 798 1797 magnificae.
830 1754 869 1787 Et
894 1754 1007 1795 nota,
1028 1750 1139 1798 quod
1165 1760 1247 1786 ma-

219 1827 292 1851 nus
309 1814 459 1851 nomini
474 1814 654 1850 videntur
675 1813 842 1849 attestari
863 1812 1080 1860 aliquando
1104 1812 1246 1848 divinis

218 1877 420 1924 potentiae,
446 1875 662 1923 aliquando
688 1875 906 1922 sapientias,
933 1873 1147 1921 aliquando
1175 1875 1248 1910 bo-

219 1938 328 1975 nitati
347 1950 355 1974 :
374 1937 555 1985 potentiae
571 1937 730 1984 quippe,
754 1939 943 1983 tanquam
963 1936 1140 1972 omnium
1157 1946 1249 1981 ope-

220 2001 372 2043 rativae3
394 1999 609 2047 sapientire,
641 2001 830 2046 tanquam
859 1997 1129 2044 ignorantium
1158 1997 1247 2033 illu-

220 2063 416 2099 minativae
428 2075 438 2108 3
460 2061 623 2098 bonitati
643 2071 817 2108 quoque,
841 2063 1030 2107 tanquam
1050 2059 1248 2095 infirman-

220 2125 316 2161 tium
341 2124 537 2160 sanativae.
570 2125 618 2159 De
644 2123 772 2170 primo
796 2125 803 2143 ¹
827 2135 834 2159 :
862 2137 878 2155 «
906 2123 1032 2169 Opera
1057 2132 1248 2158 manuum

221 2189 377 2223 tuarum
397 2196 445 2222 ne
467 2185 658 2233 despicias
682 2197 689 2221 :
711 2198 728 2219 »
753 2195 842 2221 ecce
862 2195 1002 2221 manus
1023 2183 1246 2231 operativfe.

224 2250 273 2285 De
299 2247 472 2284 secundo
492 2249 505 2269 ²
529 2259 537 2283 :
563 2260 580 2281 «
601 2249 642 2284 ln
661 2246 845 2283 manibus
871 2246 1079 2282 abscondit
1105 2245 1249 2290 lucem,

224 2313 260 2347 et
278 2309 451 2358 praecipit
471 2309 523 2354 ei,
546 2311 588 2345 ut
606 2319 740 2345 rursus
768 2308 951 2345 adveniat
976 2319 984 2343 ε
1008 2322 1025 2340 »
1050 2318 1138 2344 ecce
1164 2318 1249 2344 ma-

223 2383 297 2408 nus
322 2370 602 2408 illuminativae.
628 2372 676 2406 De
701 2370 812 2406 tertio
835 2371 848 2392 ³
869 2381 878 2406 :
903 2383 921 2404 «
941 2369 1249 2417 Increpationem

226 2433 376 2470 Domini
407 2444 455 2469 ne
488 2432 696 2480 reprobes,
730 2432 822 2479 quia
860 2432 943 2478 ipse
980 2432 1182 2477 vulnerat,
1214 2434 1251 2468 et

223 2496 422 2541 medetur3
443 2495 628 2542 percutit,
651 2497 686 2530 et
711 2504 852 2530 manus
873 2494 955 2540 ejus
980 2494 1176 2530 sanabunt
1198 2505 1206 2529 :
1229 2506 1246 2526 n

224 2568 313 2594 ecce
333 2567 473 2594 manus
492 2557 688 2593 sanativae.

540 2663 726 2698 Artz'culvs
751 2662 934 2698 secundus.

274 2746 329 2782 Ad
355 2745 572 2782 secundum
599 2745 750 2789 attinet,
778 2743 887 2792 quod
913 2744 1094 2781 subditur
1121 2756 1128 2780 :
1150 2747 1252 2781 Fece-

226 2813 308 2843 runt
329 2819 395 2850 me,
418 2811 449 2843 et
468 2809 732 2852 plasmaverunt
751 2817 802 2841 me
822 2819 830 2841 :
855 2808 896 2842 ut
921 2806 1036 2843 factio
1064 2806 1252 2843 referatur

226 2870 277 2905 ad
306 2869 508 2905 hominem
536 2868 780 2913 interiorem3
801 2868 1010 2915 plasmatio
1042 2870 1173 2904 autem
1200 2868 1252 2904 ad

227 2930 472 2967 exteriorem.
496 2929 560 2965 Vel
580 2929 688 2965 aliter
709 2942 716 2965 ε
741 2931 910 2965 Fecerunt
930 2941 997 2975 me,
1016 2930 1253 2966 seminaliter

228 2992 268 3027 in
286 2991 535 3038 primordiali
560 2991 742 3035 materia3
765 2993 798 3025 et
822 2992 1114 3036 plasmaverant,
1136 2991 1254 3037 origi-

229 3054 368 3090 naliter
387 3054 428 3088 in
446 3051 735 3100 protoparentis
760 3062 948 3098 persona,
978 3052 1025 3088 dc
1053 3063 1134 3099 qua
1158 3063 1253 3100 pro-

231 3115 343 3151 cessit
373 3114 556 3150 universa
588 3112 838 3149 humanitatis
876 3115 1025 3148 natura.
1062 3116 1103 3149 Et
1137 3116 1255 3158 nota,

232 3176 342 3224 quod
368 3176 554 3212 Dominus
577 3175 716 3221 legitur
735 3174 883 3219 faeere,
906 3176 943 3210 et
967 3174 1161 3220 plasmare
1188 3175 1254 3210 tri-

233 3238 382 3285 pliciter
412 3250 420 3273 :
454 3237 695 3285 quandoque
729 3235 979 3282 generaliter3
1013 3235 1255 3282 quandoque

233 3301 475 3348 specialiter;
510 3299 751 3347 quandoque
785 3296 1045 3343 singulariter.
1084 3296 1256 3333 Primum

232 3362 387 3409 respicit
404 3364 622 3399 creaturam
645 3360 907 3404 mundanam3
931 3358 1167 3403 secundum,
1189 3369 1257 3395 na-

234 3426 361 3461 turam
379 3424 619 3469 humanam3
645 3423 820 3468 tertium,
848 3421 1146 3458 determinatam
1173 3431 1258 3468 per-

276 3507 284 3526 ¹
308 3505 395 3538 Psal.
418 3513 573 3546 cxxxvii,
595 3509 624 3539 8.
647 3524 685 3530 -
705 3507 719 3527 2
737 3506 808 3546 lob,
829 3513 950 3545 xxxw,
969 3506 1020 3537 32.
1037 3521 1078 3528 —-
1099 3504 1111 3525 ³
1129 3503 1202 3542 Job,
1223 3514 1258 3544 v,

238 3555 287 3587 17.
309 3571 344 3577 -
368 3554 382 3576 δ
405 3553 495 3587 Psal.
521 3562 650 3595 xxxin,
677 3555 726 3587 17.
747 3569 788 3577 —
814 3554 825 3573 ⁵
847 3552 968 3593 Eccli„
990 3558 1121 3592 xxviii,
1145 3554 1194 3585 13.
1218 3569 1259 3576 -

901 295 1176 340 EXPOSITIO
1207 294 1259 336 IN
1291 293 1643 336 PSALTERIUM.

1313 393 1463 420 sonam.
1491 385 1542 420 De
1560 384 1690 431 primo
1712 385 1725 406 t
1747 394 1756 419 :
1782 386 1872 421 «Tu
1897 383 2018 421 fecisti
2044 395 2180 422 omnes
2205 390 2334 426 termi-

1313 455 1385 482 nos
1404 447 1534 490 terrae,
1555 448 1744 491 testatem,
1767 447 1802 481 et
1827 456 1908 490 ver,
1930 447 1971 482 tu
1994 446 2193 493 plasmasti
2213 459 2259 486 ea
2284 461 2292 486 :
2312 464 2331 486 »

1314 517 1401 543 ecce
1422 506 1547 543 facere
1568 510 1604 543 et
1620 507 1814 554 plasmare
1834 510 2009 555 respectu
2028 511 2211 545 creaturas
2227 521 2338 547 mun-

1315 567 1439 605 dante.
1472 571 1520 605 Dc
1552 568 1724 604 secundo
1748 570 1760 590 ⁵
1793 580 1801 604 τ
1829 569 1977 613 «Quasi
2008 569 2133 606 lutum
2160 571 2270 617 figuli
2298 573 2338 609 in

1315 640 1434 667 manu
1457 630 1578 676 ipsius
1598 630 1791 676 plasmare
1812 633 1849 666 et
1868 630 2076 677 disponere
2097 631 2198 668 illud
2220 644 2229 669 ε
2253 644 2338 670 om-

1314 702 1383 728 nes
1411 691 1480 728 viae
1506 691 1589 737 ejus
1608 691 1825 727 secundum
1845 691 2138 738 dispositionem
2158 695 2261 742 ejus3
2285 695 2339 732 sic

1315 754 1435 790 homo
1460 753 1499 789 in
1527 763 1648 789 manu
1677 753 1802 798 illum,
1830 753 1898 800 qui
1927 764 1966 790 se
1994 754 2112 792 fecit:
2135 769 2153 790 »
2176 766 2264 793 ecce
2286 756 2342 794 fa-

1317 825 1403 851 cere
1431 818 1467 852 et
1491 814 1687 862 plasmare
1712 817 1888 862 respectu
1909 817 2055 853 naturae
2073 817 2267 856 humanae.
2290 820 2341 856 De

1315 877 1426 913 tertio
1445 876 1459 897 ⁴³
1482 888 1490 913 ε
1517 890 1533 911 «
1554 878 1685 914 Manus
1706 879 1779 913 ture
1798 876 1971 914 fecerunt
1995 889 2057 915 mc
2070 906 2080 924 ,
2107 881 2144 915 et
2167 879 2340 927 plasma-

1316 941 1456 974 verunt
1484 949 1546 975 me
1569 941 1694 975 totum
1719 938 1759 975 in
1788 939 1951 975 circuitu
1974 951 1983 976 ε
2006 953 2023 974 »
2048 950 2136 978 ecce
2160 941 2287 979 facere
2307 945 2343 980 et

1315 999 1511 1046 plasmare
1532 1003 1709 1048 respectu
1730 1000 1996 1038 determinatae
2015 1013 2210 1050 personae.

1655 1106 1844 1142 Articulus
1872 1108 2013 1142 tertius.

1366 1188 1423 1225 Ad
1449 1188 1605 1225 tertium
1631 1191 1797 1236 spectat,
1826 1189 1935 1236 quod
1962 1190 2120 1226 additur
2142 1203 2150 1227 ε
2184 1193 2237 1227 1)α
2256 1192 2346 1228 mihi·

1318 1252 1557 1295 intellectum,
1583 1251 1812 1297 inspirando
1841 1251 2141 1289 intellectualem
2167 1253 2344 1290 luculen-

1318 1312 1436 1355 tiam,
1476 1323 1547 1359 per
1579 1312 1722 1349 divinas
1757 1313 1929 1349 veritatis
1966 1313 2254 1360 effulgentiam,
2293 1316 2345 1352 ad

1319 1375 1540 1411 acuendam
1573 1374 1789 1411 humanam
1820 1374 2131 1422 intelligentiam.
2165 1379 2207 1413 Et
2230 1380 2346 1420 nota,

1320 1436 1430 1483 quod
1460 1436 1731 1472 intellectualis
1759 1436 1972 1473 luculentia
2005 1437 2189 1474 divinitus
2223 1438 2346 1486 inspi-

1319 1501 1426 1535 ratur
1445 1498 1497 1535 ad
1523 1498 1596 1535 tria
1618 1511 1626 1534 :
1657 1498 1709 1535 ad
1730 1499 2010 1546 quaerendum,
2032 1500 2083 1536 ad
2107 1500 2346 1546 videndum,

1321 1560 1373 1597 ad
1398 1560 1623 1597 fruendum.
1654 1560 1782 1597 Prima
1813 1563 1868 1597 est
1901 1561 2098 1608 sapientiae
2125 1561 2314 1599 initiativa
2337 1574 2346 1599 :

1320 1623 1493 1658 secunda
1511 1622 1763 1669 provectiva3
1794 1623 1904 1658 tertia
1933 1623 2155 1670 perfectiva.
2188 1626 2237 1659 De
2265 1623 2347 1671 pri-

1321 1694 1386 1720 ma
1407 1684 1536 1731 psallit
1560 1685 1754 1731 Propheta
1771 1686 1784 1707 ⁷
1809 1697 1817 1721 :
1846 1698 1863 1719 «
1889 1688 1942 1722 Da
1972 1684 2068 1721 mihi
2087 1685 2347 1730 intellectum,

1322 1748 1358 1782 et
1377 1746 1583 1782 scrutabor
1608 1746 1736 1792 legem
1765 1749 1873 1783 tuam
1903 1759 1911 1782 :
1939 1760 1957 1782 »
1986 1746 2049 1783 hic
2071 1747 2214 1794 petitur
2237 1747 2349 1784 intel-

1321 1807 1442 1845 lectus
1467 1807 1618 1844 donum
1650 1808 1701 1844 ad
1740 1809 2010 1855 quaerendum.
2045 1811 2095 1844 Dc
2115 1809 2347 1846 sccunda'3:

1326 1871 1412 1906 «Da
1431 1870 1528 1906 mihi
1548 1869 1802 1915 intellectum,
1820 1873 1861 1907 ut
1879 1871 2000 1907 sciam
2016 1871 2202 1907 mandata
2218 1873 2308 1907 tua:
2330 1884 2347 1905 n

1321 1933 1384 1969 hic
1403 1933 1510 1969 idem
1531 1933 1682 1969 donum
1709 1934 1851 1980 petitur
1878 1933 1928 1969 ad
1948 1933 2179 1970 videndum.
2205 1936 2256 1970 De
2278 1936 2352 1970 ter-

1323 1995 1374 2032 tia
1399 1996 1411 2016 ⁰
1440 2006 1448 2030 :
1473 2007 1491 2029 «
1515 1994 1756 2031 Intellectum
1783 1995 1834 2031 da
1852 1995 1945 2032 mihi
1965 2023 1973 2039 ,
2003 1997 2039 2031 et
2057 1995 2190 2032 vivam
2212 2007 2219 2031 :
2247 2009 2264 2031 »
2288 1995 2351 2032 hic

1322 2057 1453 2104 ipsum
1492 2058 1644 2094 donum
1682 2057 1824 2104 petitur
1871 2057 1922 2094 ad
1960 2057 2184 2094 fruendum.
2224 2058 2352 2094 Primo

1322 2119 1445 2155 modo
1465 2119 1606 2166 petitur
1634 2119 1674 2155 in
1699 2119 1902 2166 proposito
1923 2132 1932 2156 2
1962 2130 2055 2156 nam
2082 2119 2191 2166 quod
2210 2119 2353 2167 petitur

1323 2180 1375 2216 ad
1395 2180 1641 2227 discendum,
1656 2180 1720 2217 vel
1736 2181 2006 2227 scrutandum,
2023 2181 2167 2229 petitur
2185 2181 2237 2219 ad
2252 2192 2354 2230 quae-

1323 2241 1508 2279 rendum.

1648 2333 1835 2369 Artz'culus
1861 2336 2029 2379 quartus.

1373 2427 1430 2464 Ad
1471 2429 1654 2474 quartum
1684 2426 1861 2475 respicit,
1896 2427 2006 2474 quod
2043 2427 2349 2474 superadditur:

1330 2492 1374 2527 L’t
1406 2491 1539 2527 discam
1573 2490 1746 2526 mandata
1784 2493 1860 2525 tua.
1894 2489 1997 2526 Nulli
2035 2489 2223 2536 dubium,
2256 2490 2353 2538 quin

1325 2553 1505 2589 divinum
1530 2552 1762 2589 mandatum
1786 2551 1851 2589 vel
1870 2551 2080 2599 imperium
2104 2552 2152 2588 sit
2181 2552 2351 2599 impera-

1325 2615 1432 2652 toriae
1467 2614 1678 2656 voluntatis
1718 2613 1921 2650 indicium.
1963 2615 2021 2650 Ad
2052 2614 2169 2660 hujus
2207 2614 2351 2651 divinae

1325 2677 1536 2713 voluntatis
1577 2677 1765 2713 devotum
1799 2675 2056 2712 ministerium
2096 2675 2353 2712 indicandum

1326 2749 1395 2785 per
1427 2738 1567 2775 divinae
1597 2737 1768 2774 veritatis
1794 2736 2087 2783 magisterium,
2107 2737 2264 2774 anhelat
2283 2747 2353 2773 vo-

1328 2799 1486 2836 luntatis
1504 2800 1686 2836 humanae
1700 2798 1823 2846 pietas
1840 2809 1910 2846 per
1931 2797 2182 2834 desiderium.
2204 2801 2245 2835 Et
2262 2800 2356 2834 nota

1327 2862 1526 2904 breviter,
1565 2861 1676 2908 quod
1715 2860 1863 2896 discere
1901 2860 2091 2896 debemus
2130 2859 2353 2907 tripliciter,

1327 2923 1508 2959 v1delicct
1535 2923 1764 2969 diligenter,
1785 2922 1994 2969 patienter,
2016 2921 2235 2968 sapienter:
2267 2921 2355 2957 dili-

1327 2988 1461 3032 genter
1481 2986 1643 3033 quidem
1670 2985 1881 3030 discimus,
1906 2985 1936 3020 si
1962 2984 2163 3021 veritatem
2187 2984 2355 3022 scientiae

1327 3049 1562 3094 retinemus3
1594 3048 1782 3095 patienter
1814 3047 2019 3092 discimus,
2050 3047 2082 3083 si
2107 3047 2354 3094 asperitatem

1329 3109 1576 3156 experientiae
1594 3110 1828 3146 sustinemus
1840 3121 1850 3155 3
1878 3109 2072 3155 sapienter
2092 3108 2301 3154 discimus,
2323 3107 2354 3144 si

1329 3172 1588 3208 sinceritatem
1614 3171 1859 3208 conscientiae
1888 3171 2122 3208 obtinemus
2148 3172 2197 3207 De
2224 3169 2353 3217 primo

1329 3234 1509 3270 scribitur
1536 3234 1562 3258 ¹⁰
1586 3245 1594 3270 :
1621 3247 1637 3267 «
1665 3234 1861 3279 Herodes,
1892 3233 1995 3270 clam
2031 3232 2177 3269 vocatis
2211 3230 2350 3277 Magis,

1330 3296 1533 3343 diligenter
1563 3296 1699 3332 didicit
1729 3296 1779 3332 ab
1813 3297 1867 3332 eis
1903 3299 2058 3342 tempus
2094 3293 2233 3336 stellae,
2267 3302 2354 3339 quae

1331 3359 1511 3404 apparuit
1531 3358 1585 3395 eis
1608 3371 1657 3395 ι»
1683 3369 1771 3394 eece
1799 3357 1974 3394 discendi
2002 3355 2215 3402 diligentia.
2247 3353 2354 3390 Acci-

1330 3420 1484 3466 piamus
1503 3431 1639 3456 secure
1660 3418 1921 3465 diligentiam,
1937 3427 2019 3454 non
2039 3417 2226 3453 discentes
2243 3414 2355 3452 mali-

1332 3505 1343 3521 ‘2'
1362 3501 1435 3540 Job,
1457 3510 1494 3541 x,
1520 3504 1566 3533 18.
1593 3519 1632 3525 —
1657 3503 1666 3521 ⁷
1691 3501 1780 3533 Psal.
1811 3501 1893 3540 hoc,
1917 3500 1967 3532 34.
1995 3516 2034 3522 —
2060 3500 2071 3517 θ
2099 3496 2195 3539 thid„
2227 3499 2296 3530 125.
2314 3514 2356 3523 —

1331 3551 1344 3572 ⁹
1363 3549 1460 3587 ibid„
1483 3550 1553 3581 144.
1576 3566 1610 3572 -
1633 3550 1658 3570 ¹⁰
1675 3547 1810 3588 Matth„
1829 3555 1872 3586 11,
1888 3548 1919 3579 7.
