2633 3878
838 180 892 222 IN
920 179 1299 223 HEXAEMERON.
1331 154 1505 223 SERMo
1534 181 1659 224 xvii.

183 270 366 321 Domini,
386 281 504 319 vera,
524 270 755 323 justificata
773 271 817 310 in
838 271 1078 323 semetipsa,
1094 284 1112 308 »
1135 273 1213 311 etc.

185 340 290 382 Item
309 342 578 383 dextrorsum
594 341 779 382 illustrat
796 353 870 394 per
889 352 1038 382 severa
1054 341 1215 382 solatia.

184 411 267 453 Nec
296 413 387 454 sine
415 425 543 463 causa
571 413 774 454 dicuntur
803 412 949 453 solatia
979 424 1147 463 severa,
1180 415 1221 452 et

185 484 356 537 flagella
383 486 593 538 benigna,
623 485 725 538 quia
750 485 898 526 solatia
925 487 1026 525 sunt
1052 484 1217 538 pericu-

185 555 287 597 losa.
309 555 412 598 Vide
432 556 582 607 Adam,
609 555 724 607 Saul,
755 554 1042 606 Salomonem,
1070 555 1219 596 Hiero-

188 627 314 668 boam
333 627 613 679 idololatram,
631 630 670 669 et
690 627 878 681 primum
897 627 1115 681 angelum,
1135 627 1225 681 qui-

190 699 268 740 bus
291 699 490 740 omnibus
517 699 663 740 solatia
684 699 1000 753 temporalium,
1025 702 1065 740 et
1084 698 1222 740 excel-

188 770 328 812 lentiae
360 772 534 813 fuerunt
565 772 728 813 occasio
759 771 913 813 ruinae.
945 771 1053 812 Sunt
1081 773 1225 812 autem

190 843 351 884 occasio
374 844 526 895 ruinae,
550 844 719 897 quando
745 843 913 897 placent
926 858 936 894 ;
959 843 1128 896 quando
1148 855 1224 883 au-

190 917 276 955 tem
294 927 379 956 non
397 915 576 969 placent,
596 927 683 956 non
703 926 747 956 se
765 915 924 967 ingerit
942 915 1086 956 homo.
1109 914 1228 956 Unde

191 983 379 1026 Christus
404 986 539 1027 noluit
564 986 724 1028 habere
751 987 951 1028 solatium
974 986 1225 1040 temporale,

190 1058 290 1110 quia
305 1062 315 1082 ¹
336 1072 344 1098 :
367 1073 386 1097 ε(
404 1058 559 1100 Cadent
578 1071 603 1099 a
624 1059 754 1100 latere
777 1062 851 1101 tuo
872 1059 1003 1111 mille,
1023 1061 1065 1101 et
1084 1059 1229 1100 decem

191 1130 322 1171 miIIIa
340 1142 366 1171 a
382 1130 541 1172 dextris
560 1131 664 1183 tuis,
678 1146 696 1169 >³
714 1135 812 1183 etc.,
829 1132 888 1173 ait
902 1132 1112 1174 Psalmus.
1131 1131 1231 1172 Plus

191 1199 313 1242 debet
342 1202 437 1255 quis
464 1202 571 1243 velle
598 1214 689 1243 esse
719 1203 764 1243 In
791 1203 872 1244 ista
899 1205 1042 1256 parte,
1073 1203 1118 1243 in
1148 1214 1232 1256 qua

193 1273 411 1326 pauciores
431 1274 603 1315 cadunt.
628 1274 732 1316 Item
754 1275 1047 1316 sinistrorsum
1069 1286 1144 1327 per
1164 1274 1232 1315 be-

193 1344 327 1397 nigna
351 1345 522 1398 flagella
545 1345 742 1387 illustrat.
767 1345 886 1387 Unde
907 1346 1111 1387 Dominus
1135 1358 1234 1399 per-

199 1417 310 1457 misit
335 1417 439 1458 Abel
458 1417 747 1470 jiistissimum
773 1418 967 1459 interfici.
998 1417 1102 1459 Vide
1128 1416 1232 1469 Noe,

197 1489 272 1542 qui
292 1501 390 1530 cum
413 1492 584 1531 centum
606 1490 728 1530 annis
751 1490 981 1530 fabricabat
1008 1501 1166 1539 arcam,
1195 1490 1237 1529 et

197 1562 380 1615 ponebat
410 1562 468 1602 ibi
503 1562 709 1616 quidquid
740 1562 951 1613 habebat,
986 1564 1089 1602 tunc
1120 1563 1236 1602 totus

199 1634 385 1675 mundus
398 1634 543 1687 ipsum
556 1634 824 1687 despiciebat.
841 1634 892 1676 Et
905 1634 997 1675 dico
1012 1634 1107 1685 hoc,
1121 1633 1236 1687 quod

198 1716 276 1746 rex
296 1704 328 1745 F
329 1705 485 1746 ranciae
506 1718 592 1746 non
612 1709 753 1759 posset
774 1706 902 1747 hodie
927 1705 1056 1746 talem
1081 1705 1233 1755 facere,

198 1777 270 1830 qui
306 1777 544 1819 considerat
582 1790 676 1818 eam
718 1778 952 1819 secundum
988 1789 1238 1818 mensuram

199 1848 442 1890 cubitorum
461 1850 836 1902 geometricorum.
858 1849 914 1890 De
935 1848 1168 1898 Abraham,
1188 1848 1239 1888 si-

202 1917 358 1959 militer
384 1917 497 1959 Isaac
522 1921 564 1959 et
589 1918 731 1967 Jacob,
757 1918 832 1972 qui
859 1917 1122 1971 peregrinati
1146 1917 1238 1957 fue-

202 1992 303 2030 runt
319 2005 328 2039 ;
361 1991 403 2030 et
430 1989 607 2043 Joseph,
639 1990 712 2043 qui
740 1989 916 2031 exaltari
944 2001 1031 2030 non
1059 1990 1237 2042 poterat,

202 2060 284 2101 nisi
313 2061 593 2115 praecessisset
623 2061 833 2113 venditio,
868 2059 1167 2109 incarceratio,
1200 2062 1241 2100 et

201 2133 456 2176 humiliatio.
479 2133 583 2176 Vide
604 2133 794 2188 Moysen,
823 2145 952 2187 quem
982 2132 1090 2173 Deus
1112 2131 1237 2172 debe·

202 2205 275 2248 bat
305 2218 553 2260 praepenere
584 2206 661 2247 toti
696 2206 882 2257 mundo,
917 2204 1130 2259 quomodo
1162 2203 1243 2244 fuit

203 2278 479 2329 humiliatus3
508 2278 702 2331 pascebat
727 2290 828 2320 oves
853 2289 930 2330 per
954 2275 1244 2330 quadraginta

205 2362 337 2391 annos
375 2350 506 2390 unius
543 2349 783 2390 sacerdotis.
835 2347 1037 2389 Similiter
1082 2345 1240 2396 David,

168 2446 174 2450 -
206 2422 396 2474 quandiu
412 2421 492 2462 fuit
510 2421 556 2461 in
572 2420 858 2469 tribulatione,
880 2419 1067 2473 optimus
1083 2420 1240 2472 pastor,

207 2495 249 2533 et
286 2492 339 2533 ad
375 2504 563 2544 regnum
594 2492 711 2533 venit
743 2503 818 2544 per
846 2490 1142 2531 tribulationes
1158 2504 1168 2539 ;
1203 2491 1245 2529 et

208 2566 432 2616 postquam
453 2563 534 2604 fuit
549 2563 595 2603 in
615 2562 904 2616 prosperitate,
922 2561 1056 2603 multa
1075 2562 1246 2614 peccata

210 2635 435 2676 commisit.
470 2633 671 2676 Similiter
701 2633 898 2675 Ezechias
928 2633 970 2673 in
1000 2631 1246 2672 infirmitate

217 2706 332 2748 valde
346 2706 520 2748 humilis
536 2706 629 2757 fuit,
647 2705 718 2746 sed
733 2708 877 2758 postea
891 2704 1103 2758 superbus
1117 2704 1161 2744 in
1178 2703 1246 2744 ad-

210 2781 343 2821 ventu
355 2779 605 2820 nuntiorum
621 2777 970 2831 Babyloniorum.
989 2775 1092 2818 Vide
1113 2775 1247 2816 Etiam

211 2850 533 2904 pauperculum,
549 2850 623 2904 qui
645 2861 732 2890 non
751 2849 935 2890 habebat
954 2848 1007 2890 ad
1027 2847 1250 2889 comeden-

211 2921 336 2971 dum,
363 2921 445 2962 niSi
471 2920 585 2974 quod
610 2932 765 2963 corvus
792 2920 870 2960 sibi
901 2919 1186 2969 ministrabat,
1209 2921 1250 2959 et

213 2991 285 3033 illa
303 2993 562 3046 paupercula
580 2992 710 3035 vidua
730 2991 963 3045 Sareptana
981 3005 991 3032 ι
1014 2991 1089 3044 qui
1107 2993 1250 3032 tamen

214 3063 369 3105 coelum
407 3063 640 3105 claudebat.
673 3061 777 3105 Vide
813 3065 1005 3104 sanctum
1043 3061 1251 3104 Joannem

216 3134 466 3189 Baptistam,
496 3135 572 3188 qui
603 3137 764 3188 septem
794 3145 1007 3175 annorum
1041 3133 1250 3182 existens,

215 3206 389 3249 intravit
409 3206 641 3258 desertum,
665 3209 706 3248 et
724 3206 784 3247 ibi
804 3218 931 3259 super
957 3204 1115 3258 lapides
1131 3206 1253 3258 jace-

214 3278 298 3320 bat.
333 3279 536 3321 Similiter
557 3279 618 3321 'de
650 3279 843 3330 Christo,
879 3281 920 3319 et
951 3277 1002 3319 de
1036 3277 1250 3330 apostolis.

213 3348 331 3392 Unde
359 3351 459 3393 dicit
488 3351 645 3394 Paulus
664 3355 679 3376 ¹
702 3365 712 3393 ε
740 3366 760 3390 <‹
778 3349 970 3403 Lapidati
997 3351 1123 3400 sunt,
1154 3347 1254 3389 secti

257 3459 269 3482 ¹
286 3459 376 3493 Psal.
396 3468 452 3502 xc,
471 3463 504 3493 ’7.
523 3477 563 3486 --
581 3460 596 3482 2
611 3459 726 3501 Hebr„
751 3466 800 3500 X1,
825 3459 878 3490 37.
899 3475 940 3482 —
969 3456 981 3475 ³
999 3456 1113 3498 Helm,
1135 3463 1197 3496 xn,
1222 3457 1256 3488 6.

216 3505 278 3529 --‘
298 3506 411 3549 Apoc„
430 3515 494 3548 xn,
511 3509 542 3541 7.
559 3525 599 3532 —
618 3508 630 3526 ⁵
652 3506 768 3546 Mich„
789 3514 830 3548 11,
850 3507 882 3538 7.
897 3523 936 3532 -
950 3506 964 3528 ⁶
985 3505 1080 3547 Sap„
1103 3512 1177 3546 xw,
1198 3506 1253 3536 11.

408 3580 507 3611 Tou.
538 3580 600 3610 1X.

2238 188 2317 226 113

1295 275 1407 320 sunt,
1430 271 1578 311 tentati
1601 273 1713 322 sunt,
1736 285 1755 308 »
1783 274 1861 312 etc.
1890 271 2077 325 Flagella
2099 284 2205 325 ergo
2231 277 2330 314 sunt

1295 341 1563 383 suavissima.
1580 341 1667 382 Aut
1684 353 1790 394 ergo
1811 342 2014 384 Dominus
2033 343 2236 396 flagellat,
2254 347 2330 384 aut

1294 424 1412 454 non:
1441 412 1454 434 ³
1487 428 1505 451 (ι
1532 412 1739 464 Flagellat
1777 416 1918 454 autem
1956 426 2126 456 omnem
2163 415 2328 465 filium,

1295 496 1424 538 quem
1450 485 1612 538 recipit.
1635 499 1654 522 »
1681 485 1912 526 Probatum
1939 489 2002 527 est
2026 487 2106 527 hoc
2131 501 2205 540 per
2234 499 2331 541 par-

1295 555 1489 596 ticularia
1506 571 1514 596 ε
1532 568 1637 608 ergo
1656 556 1778 597 debet
1798 556 1942 597 inferri
1967 557 2275 598 universaliter.

1352 627 1503 668 Adhuc
1533 627 1660 668 etiam
1686 627 1814 668 habet
1845 627 2062 681 Scriptura
2091 629 2262 669 arbores
2281 629 2334 670 ad

1300 698 1591 739 reficiendum.
1627 698 1810 739 Illustrat
1847 702 1991 740 autem
2022 712 2076 740 ex
2111 699 2203 751 his,
2238 712 2335 753 quae

1300 772 1400 810 sunt
1429 782 1483 810 ex
1503 770 1709 823 opposito.
1744 770 1933 812 Ostendit
1952 771 2068 812 enim
2086 771 2208 812 nobis
2227 771 2337 811 acies

1302 841 1490 882 infinitas
1511 845 1658 883 contra
1672 854 1763 893 nos,
1781 843 1908 883 modo
1925 854 2000 895 per
2017 845 2179 895 septem
2193 842 2334 893 duces,

1302 913 1429 954 modo
1467 925 1605 954 unum
1641 913 1829 964 bellum,
1871 914 1997 955 modo
2030 913 2194 954 multa:
2235 913 2340 954 illud

1303 984 1464 1025 bellum
1487 987 1549 1024 est
1574 984 1627 1025 ab
1655 985 1726 1025 illo
1758 985 1824 1025 die
1842 1017 1851 1035 ,
1887 997 1972 1037 quo
1999 989 2012 1009 ⁶
2045 1000 2064 1023 (ι
2088 985 2268 1025 Michael
2301 988 2342 1025 et

1304 1053 1446 1107 angeli
1481 1055 1574 1107 eJus
1612 1055 1916 1107 praeliabantur
1951 1067 2049 1096 cum
2087 1056 2282 1096 dracone.
2317 1071 2336 1093 »

1306 1126 1505 1167 Imminet
1530 1128 1674 1167 autem
1703 1127 1828 1167 nobis
1848 1127 2005 1180 triplex
2023 1127 2185 1168 bellum
2209 1142 2218 1167 z
2252 1126 2341 1167 bel-

1305 1200 1397 1240 lum
1424 1198 1725 1250 domesticum,
1753 1200 1915 1241 bellum
1940 1199 2090 1250 civile,
2114 1203 2154 1240 et
2181 1198 2344 1240 bellum

1307 1274 1556 1324 campestre.
1580 1269 1894 1312 primumcum
1921 1283 2072 1322 carne,
2094 1283 2191 1324 quae
2218 1270 2347 1311 habet

1308 1342 1463 1383 multas
1483 1343 1592 1384 acies
1610 1359 1618 1384 ε
1644 1343 1734 1384 haec
1752 1343 1904 1383 ancilla
1925 1355 2092 1396 semper
2116 1346 2262 1396 parata
2284 1345 2347 1383 est

1309 1414 1496 1467 aperire,
1528 1415 1636 1455 sicut
1665 1414 1767 1456 Eva.
1798 1414 1916 1456 Unde
1943 1415 2044 1457 dicit
2072 1415 2276 1457 Michoeas
2300 1417 2343 1454 ⁵:

1315 1501 1334 1523 «
1363 1486 1428 1526 Ab
1458 1498 1527 1537 ea,
1550 1498 1648 1539 quae
1675 1486 1832 1527 dormit
1858 1487 1902 1526 in
1934 1487 2032 1527 sinu
2058 1489 2153 1536 tuo,
2185 1485 2348 1527 custodi

1311 1559 1492 1600 claustra
1524 1558 1611 1599 oris
1638 1558 1714 1598 tui.
1743 1572 1762 1595 ›)
1798 1558 1904 1599 Item
1933 1558 2095 1599 bellum
2128 1558 2250 1600 civile
2286 1560 2350 1599 est

1310 1630 1486 1671 tentatio
1506 1629 1671 1670 mundi.
1697 1644 1716 1667 (‹
1741 1629 1886 1671 Omnis
1906 1630 2019 1670 enim
2041 1631 2054 1652 ⁶
2075 1633 2267 1671 creatura
2287 1631 2351 1670 est

1312 1701 1355 1742 in
1377 1700 1678 1754 muscipulam,
1694 1715 1713 1738 »
1734 1700 1835 1754 quia
1853 1703 2060 1742 creaturae
2077 1701 2350 1754 pulchritudo

1312 1772 1442 1814 trahit
1461 1772 1672 1813 homines.
1696 1771 1816 1812 Unde
1833 1772 2107 1815 Ecclesiastes
2133 1777 2161 1813 ⁷:
2189 1788 2207 1810 «
2227 1771 2353 1814 Vani-

1313 1847 1377 1885 tas
1397 1845 1652 1894 vanitatum,
1675 1846 1716 1885 et
1735 1844 1880 1885 omnia
1899 1846 2079 1886 vanitas.
2099 1844 2207 1895 Quid
2224 1844 2352 1885 babet

1314 1916 1445 1956 homo
1465 1915 1516 1956 de
1537 1915 1737 1956 universo
1751 1915 1910 1966 labore,
1927 1928 2012 1969 quo
2030 1916 2211 1967 laborat,
2232 1929 2250 1953 υ
2272 1918 2350 1956 etc.

1314 1986 1432 2028 Vane
1452 1990 1493 2027 et
1508 1987 1667 2028 frustra
1685 1987 1747 2037 fit,
1766 1986 1817 2027 de
1834 1999 1919 2039 quo
1938 1987 2046 2028 nihil
2065 1987 2322 2041 relinquitur
2344 2000 2353 2026 :

1317 2059 1389 2099 sed
1415 2058 1525 2099 nihil
1558 2057 1817 2111 relinquitur
1844 2058 2011 2098 homini
2042 2059 2088 2098 in
2114 2061 2250 2099 morte
2276 2071 2285 2098 t
2314 2060 2357 2098 et

1316 2129 1410 2170 ideo
1430 2131 1582 2170 cuncta
1600 2129 1789 2181 vanitaS,
1810 2132 1858 2170 ut
1878 2129 1923 2169 in
1943 2129 2110 2172 Psalmo
2133 2129 2288 2171 dicitur
2307 2130 2321 2152 8
2342 2140 2353 2169 :

1323 2215 1342 2239 α
1361 2201 1517 2242 Averte
1550 2200 1696 2242 oculos
1730 2212 1867 2252 meos,
1896 2212 1950 2242 ne
1981 2201 2154 2242 videant
2187 2199 2356 2241 vanita—

1318 2276 1419 2314 tem.
1454 2287 1473 2311 n
1509 2272 1615 2313 Item
1644 2275 1708 2314 est
1741 2272 1901 2314 bellum
1939 2274 2174 2326 campestre
2203 2270 2357 2312 hostile

1320 2356 1419 2385 cum
1439 2344 1722 2395 daemonibus,
1747 2344 1821 2397 qui
1841 2343 1908 2385 die
1931 2356 1979 2385 ac
1997 2346 2120 2385 nocte
2139 2343 2353 2384 infestant.

1321 2414 1445 2456 Modo
1464 2415 1765 2468 magnificant,
1793 2418 1842 2457 ut
1868 2426 2204 2469 praesumamus,
2232 2414 2359 2456 modo

1321 2499 1396 2539 per
1433 2485 1812 2528 considerationem
1857 2487 2043 2528 scientiae
2060 2519 2072 2538 ,
2110 2487 2237 2527 modo
2284 2499 2360 2540 per

1322 2556 1704 2598 considerationem
1725 2556 1936 2606 sanitatis;
1961 2557 2086 2598 modo
2106 2557 2267 2598 faciunt
2279 2556 2358 2598 ho-

1323 2628 1484 2668 minem
1503 2627 1757 2668 iracundum
1773 2658 1786 2677 ,
1807 2627 1924 2668 etsie
1944 2627 2216 2679 diabolicum,
2240 2631 2282 2669 et
2301 2628 2362 2669 sic

1324 2699 1603 2752 adimpletum
1632 2699 1786 2752 spiritu
1809 2699 2117 2752 maIIgnitatis3
2141 2703 2182 2741 et
2203 2700 2364 2741 faciunt

1324 2783 1424 2813 eum
1445 2771 1592 2812 cadere
1621 2770 1666 2810 in
1698 2771 1913 2811 tristitiam
1939 2774 1980 2812 et
2005 2771 2359 2824 desperationem,

1325 2842 1445 2884 etsie
1473 2843 1524 2883 de
1548 2841 1655 2882 aliis.
1685 2841 1785 2883 Haec
1814 2842 1934 2883 docet
1957 2844 2107 2895 fugere
2127 2842 2362 2896 Scriptura.

1327 2912 1433 2963 Quae
1453 2913 1568 2955 enim
1605 2913 1782 2954 scientIa
1813 2913 1934 2956 docet
1955 2915 2105 2967 fugere
2135 2915 2367 2956 contrarias

1327 2985 1584 3039 potestates?
1611 2984 1750 3027 Nulla.
1774 2984 1880 3026 Item
1902 2985 2086 3027 illustrat
2102 2985 2147 3026 in
2168 2998 2299 3039 gyro,
2321 2989 2368 3027 ut

1328 3070 1415 3100 non
1435 3070 1526 3099 esse
1545 3057 1820 3110 fugiendum,
1842 3057 1944 3111 quia
1963 3057 2151 3111 undique
2173 3057 2369 3110 praesidia

1328 3130 1564 3171 habeamus
1579 3143 1588 3170 :
1606 3128 1816 3170 habemus
1835 3129 1952 3170 enim
1972 3128 2118 3182 ipsum
2138 3127 2368 3168 Dominum

1330 3205 1372 3243 et
1388 3201 1566 3254 angelos
1583 3202 1693 3242 circa
1708 3213 1800 3242 nos,
1817 3199 1936 3242 Unde
1953 3200 2148 3242 Psalmus
2162 3199 2176 3219 ⁹
2193 3213 2201 3238 z
2225 3213 2243 3236 «
2256 3197 2371 3239 Mon-

1331 3277 1393 3315 tes
1424 3274 1470 3314 in
1510 3273 1690 3314 circuitu
1725 3271 1871 3326 populi
1903 3271 1986 3312 sui.
2020 3285 2040 3308 »
2079 3268 2198 3311 Unde
2233 3281 2370 3322 puero

1333 3345 1459 3387 Elisei
1479 3344 1688 3386 clamante
1708 3345 1881 3397 propter
1906 3342 2093 3383 latrones
2112 3339 2275 3394 Syriae,
2296 3339 2372 3394 qui

1333 3454 1412 3494 —17
1436 3451 1560 3493 Eccle„
1587 3458 1617 3492 1,
1649 3454 1662 3483 1
1698 3452 1731 3482 et
1758 3458 1836 3490 seq.
1861 3465 1902 3473 -
1942 3449 1953 3467 ⁶
1983 3446 2076 3480 Psal.
2107 3454 2233 3485 cxv111.
2261 3448 2311 3480 37.
2339 3464 2380 3472 —

1334 3503 1346 3521 ⁹
1367 3500 1458 3534 Psal.
1483 3507 1600 3540 cxxiv,
1626 3501 1661 3531 2.

2164 3557 2189 3596 8
