2633 3878
213 252 288 290 42⁶2

213 339 269 382 tii,
287 336 523 383 insipientes.
555 330 842 379 Impatientium
869 327 1031 365 desectio
1054 326 1236 372 designa-

211 403 273 436 tur
294 401 304 422 ¹
328 410 336 434 :
365 411 381 430 «ι
402 401 429 433 Α
455 394 679 431 fortitudine
707 401 847 428 manus
867 394 940 428 tuse
958 400 1031 436 ego
1052 388 1176 425 defeci
1195 388 1236 423 in

211 457 557 506 increpationibus,
577 470 593 488 n
619 458 689 491 etc.
712 455 789 490 Hoc
810 452 962 496 accidit,
985 462 1073 487 cum
1095 449 1237 486 divini-

214 526 272 558 tus
299 521 535 566 increpatus,
555 517 595 552 in
615 519 762 553 tantam
786 512 1066 562 impatientiam
1086 510 1236 555 incidit,

213 581 323 630 quod
353 581 401 617 de
441 578 676 626 increpantis
707 575 954 613 miseratione
988 572 1143 610 diffidit.
1175 574 1236 608 In—

213 642 496 681 continentium
531 639 695 677 defectio
731 638 938 674 denotatur
963 634 1006 671 ⁴³:
1043 648 1060 668 «
1096 636 1137 671 In
1174 633 1236 670 die

212 705 280 742 illa
300 703 480 741 deficient
506 702 677 747 virgines
705 699 879 747 pulchrae
907 699 943 733 et
971 695 1238 733 adolescentes

213 767 252 802 in
285 765 359 802 siti.
393 779 410 799 n
447 766 524 800 Hoc
554 763 680 799 evenit
712 760 812 805 illis,
834 759 903 806 qui
940 760 1099 806 propter
1136 757 1238 793 sitim

214 827 423 875 voluptatis
461 825 628 862 carnalis
645 853 656 866 ‚
695 822 884 869 abjiciunt
922 831 1034 868 spem
1070 819 1239 857 aureola}

213 889 424 936 virginalis.
446 885 716 934 insipientium
736 884 902 921 desectio
925 883 1113 930 figuratur
1122 895 1132 928 ;
1155 882 1238 918 tali-

213 953 287 989 bus
306 950 411 988 enim
431 950 483 986 ait
502 948 698 995 Scriptura
721 946 794 983 sub
822 945 1032 992 Babylonis
1052 944 1178 990 figura
1194 944 1207 965 ³
1229 956 1236 980 :

217 1028 234 1048 ι
256 1011 429 1050 Desecisti
461 1011 501 1047 in
536 1008 783 1046 multitudine
818 1006 1071 1044 consiliorum
1098 1017 1106 1041 ε
1142 1008 1241 1042 stent

215 1079 251 1112 et
270 1075 420 1112 salvent
439 1077 473 1110 tc
488 1082 655 1118 augures
674 1070 776 1115 coeli,
791 1069 858 1117 qui
874 1067 1239 1115 contemplabantur

214 1137 356 1183 sidera,
376 1139 413 1172 et
427 1133 694 1182 supputabant
710 1142 877 1177 menses,
892 1133 933 1167 ut
946 1141 992 1167 ex
1013 1130 1067 1166 eis
1087 1139 1238 1166 annun-

215 1200 351 1236 tiarent
377 1200 540 1234 ventura
571 1194 654 1231 tibi.
685 1208 702 1226 »
733 1195 811 1230 Hoc
839 1191 1028 1238 contingit
1054 1191 1152 1236 illis,
1172 1191 1241 1238 qui

215 1259 455 1297 confidentes
481 1257 530 1294 de
555 1255 759 1293 mundana
784 1254 996 1301 sapientia,
1019 1252 1240 1289 diffidentes

214 1325 303 1359 sunt
321 1321 369 1358 de
389 1321 535 1357 divina.

540 1425 728 1461 Articulus
746 1422 932 1460 secundus.

262 1513 456 1556 Quantum
485 1509 536 1546 ad
568 1506 809 1551 secundum,
843 1504 1048 1551 subjicitur
1081 1517 1089 1541 ;
1113 1506 1155 1540 In
1181 1514 1241 1541 sa-

216 1577 333 1611 lutare
361 1577 470 1609 tuum.
504 1573 597 1608 Ecce
646 1569 729 1617 spei
767 1569 980 1615 objectum.
1019 1567 1138 1612 Quale
1174 1568 1243 1604 ob·

212 1635 385 1682 jectum?
419 1634 531 1671 Plane
562 1631 868 1680 postulandum,
905 1629 1241 1678 praestolandum,

216 1696 513 1744 speculandum.
548 1693 758 1739 Quomodo
778 1694 796 1729 ?
816 1692 1080 1729 proculdubio
1108 1694 1243 1738 postu-

216 1759 380 1796 landum
420 1767 509 1794 cum
549 1755 769 1799 desiderio,
808 1753 1116 1802 praestolandum
1152 1763 1243 1790 cum

217 1821 382 1865 silentio,
415 1818 701 1866 speculandum
732 1827 822 1853 cum
853 1815 1014 1862 gaudio.
1036 1816 1086 1850 De
1113 1814 1242 1862 primo

217 1882 398 1919 scribitur
418 1892 440 1918 a
459 1879 767 1926 psalmographo
788 1878 801 1899 ὅ
824 1889 832 1914 :
863 1891 881 1910 «
910 1876 1074 1914 Ostende
1103 1875 1241 1923 nobis,

219 1944 394 1989 Domine,
413 1941 724 1979 misericordiam
742 1942 871 1984 tuam,
896 1941 933 1975 et
948 1938 1115 1975 salutare
1133 1940 1244 1974 tuum

217 2007 269 2042 da
293 2005 409 2042 nobis
438 2017 447 2039 :
477 2018 494 2038 »
530 2014 618 2040 ecce
651 2001 891 2039 desiderium
916 1999 1162 2047 postulantis,
1193 2000 1242 2035 De

216 2067 388 2104 seeundo
409 2068 421 2088 ⁵
450 2079 457 2103 t
484 2079 502 2099 (ι
523 2068 673 2102 Bonum
699 2066 754 2100 est
779 2062 993 2111 praestolari
1015 2072 1105 2097 cum
1125 2060 1242 2097 silen-

217 2131 269 2167 tio
290 2129 458 2166 salutare
480 2128 542 2164 Dei
567 2140 575 2164 :
597 2141 614 2160 »
641 2136 728 2163 ecce
754 2125 951 2162 silentium
971 2122 1241 2171 praestolantis.

217 2193 266 2227 De
295 2191 406 2228 tertio
436 2191 612 2226 cantatur
644 2188 686 2224 in
715 2185 900 2224 Psalterio
925 2186 939 2207 ⁶
967 2198 975 2221 :
1008 2198 1026 2220 «
1056 2184 1245 2221 Viderunt

218 2263 354 2289 omnes
379 2251 531 2289 termini
560 2254 669 2287 terrae
697 2249 865 2286 salutare
893 2248 958 2284 Dei
984 2246 1117 2283 nostri.
1139 2245 1243 2282 Jubi-

217 2315 293 2351 late
324 2317 423 2359 Deo,
455 2313 582 2350 omnis
613 2315 743 2348 terra:
772 2326 788 2344 »
827 2319 914 2346 ecce
937 2308 1128 2355 gaudium
1157 2318 1243 2355 spe-

217 2376 396 2413 culantis.

555 2421 737 2457 Articulus
763 2421 903 2455 tertius.

264 2504 459 2547 Quantum
508 2499 559 2536 ad
605 2498 781 2542 tertium,
839 2495 1019 2542 adjicitur
1060 2507 1068 2530 ;
1108 2496 1244 2530 Anima

217 2575 304 2599 mea.
338 2565 432 2599 Ecce
460 2562 681 2607 subjeetum
704 2559 785 2607 spei
817 2556 1021 2604 generale,
1042 2555 1111 2592 sed
1128 2555 1241 2591 mise-

215 2625 354 2671 rabile,
381 2623 475 2672 quia
503 2622 641 2659 defecit
668 2633 691 2658 a
709 2621 792 2668 spei
815 2617 1041 2656 fortitudine
1059 2618 1098 2653 in
1118 2619 1240 2654 tenta-

217 2687 331 2724 tionis
374 2684 607 2729 certamine,
646 2686 683 2720 et
720 2682 915 2731 praecipue
953 2681 993 2717 in
1031 2680 1242 2718 tentatione

217 2749 396 2795 tristitiae,
436 2746 741 2791 incontinentiae,
784 2748 901 2793 atque
939 2744 1151 2782 mundanae
1183 2754 1243 2780 sa-

216 2812 384 2859 pientiae.
409 2813 450 2848 in
477 2810 606 2856 primo
629 2807 901 2845 miserabiliter
925 2807 1092 2843 vincitur
1111 2805 1243 2843 anima

218 2873 461 2914 contristata;
490 2871 531 2907 in
557 2870 745 2915 seeundo,
782 2869 915 2905 anima
947 2867 1240 2913 conglutinata3

218 2935 257 2970 in
277 2933 403 2978 tertio,
434 2932 564 2968 anima
596 2933 778 2967 saturata.
811 2932 860 2966 De
880 2929 1024 2977 primo,
1056 2928 1125 2964 ubi
1147 2928 1243 2964 dixit

217 2994 369 3032 lezabel
390 2995 434 3039 (α)
453 2992 503 3029 ad
524 2991 656 3028 Achab
677 3001 811 3037 regem
825 2990 942 3027 israel
959 2989 971 3009 ⁷
995 3002 1003 3025 ;
1029 3002 1046 3023 «
1066 2989 1166 3033 Quid
1187 2992 1243 3025 est

216 3057 291 3094 hoc
311 3084 322 3102 ,
357 3054 464 3091 unde
496 3052 719 3090 contristata
750 3054 805 3088 est
838 3051 970 3087 anima
999 3051 1090 3087 tua?
1109 3065 1126 3085 n
1153 3061 1242 3087 eece

217 3118 349 3155 anima
380 3115 629 3159 contristata,
651 3116 688 3150 et
712 3112 794 3160 spei
826 3112 1048 3148 strenuitate
1074 3111 1239 3159 privata.

218 3183 268 3216 De
288 3178 485 3223 secundo,
510 3176 580 3213 ubi
606 3175 786 3212 scribitur
810 3173 859 3210 de
880 3173 1053 3218 Siehem,
1082 3174 1150 3220 qui
1171 3184 1242 3220 op-

217 3241 354 3288 pressit
385 3240 521 3276 Dinam
549 3237 801 3285 virginemss:
834 3249 851 3269 «
876 3234 1148 3282 conglutinata
1187 3238 1243 3271 est

219 3302 350 3339 anima
367 3302 450 3348 ejus
469 3311 559 3337 cum
573 3310 640 3337 ea:
657 3313 673 3332 »
697 3309 786 3335 ecee
807 3297 940 3335 anima
959 3296 1242 3343 conglutinata,

264 3400 270 3418 ¹
294 3397 383 3430 1)εαί.
411 3405 564 3437 xxxx-111,
588 3399 637 3428 12.
659 3413 700 3420 —-
725 3397 735 3414 ²
758 3395 866 3434 Amos,
894 3402 976 3433 v111,
1002 3395 1049 3425 13.
1069 3411 1110 3416 —
1129 3393 1142 3414 ³
1162 3395 1242 3432 Isca,

220 3451 326 3484 >tu-11,
351 3446 399 3476 13.
418 3461 457 3468 -
474 3445 487 3466 ⁸
503 3443 593 3475 Psal.
617 3451 758 3483 mxxiv,
780 3444 809 3473 8.
828 3459 862 3465 —
880 3442 894 3464 ⁵
918 3441 1045 3481 ihren„
1066 3449 1116 3481 ιιι,
1139 3442 1242 3472 26.—

220 3491 232 3511 ⁸
256 3491 346 3522 psal.
375 3499 483 3529 xch,
512 3493 548 3530 13,
576 3493 604 3521 i.
630 3508 668 3511 —
696 3491 703 3507 '¹
729 3490 769 3520 111
793 3489 880 3528 Κεφ,
903 3496 979 3528 xxi,
1002 3491 1031 3519 5.
1053 3506 1091 3511 —
1116 3490 1123 3498 ’“
1147 3487 1240 3527 Gen„

904 236 1177 280 EXPOSlTlO
1208 234 1260 276 IN
1291 235 1640 276 PSALTERiUM.

1311 326 1348 361 et
1362 324 1445 372 spei
1459 323 1696 360 sublimitate
1716 323 1877 359 nudata.
1900 324 1949 358 De
1971 323 2080 359 tertio
2095 324 2108 345 ⁹
2128 337 2138 359 :
2165 337 2181 357 «
2198 326 2336 364 Anima

1312 389 1482 423 saturata
1511 385 1676 422 calcabit
1704 385 1863 431 favum3
1890 397 1908 418 »
1937 384 2024 421 talis
2044 386 2100 421 est
2119 385 2250 424 anima
2277 399 2335 424 sa-

1311 447 1458 494 pientia
1485 447 1661 484 saeculari
1681 447 1852 492 imbuta,
1874 448 1911 482 et
1932 456 2000 493 spe
2021 446 2218 494 sapientiae
2236 448 2339 485 salu-

1313 509 1404 545 taris
1424 512 1539 546 exuta
1564 521 1572 544 :
1595 519 1684 545 ecce
1705 508 1837 545 anima
1859 509 2054 552 saturata,
2072 510 2109 544 et
2127 508 2209 555 spei
2229 519 2337 546 secu-

1313 571 1422 607 ritate
1440 570 1634 607 fraudata.

1640 676 1827 711 Articulus
1854 679 2016 720 quartus.

1361 761 1555 802 Quantum
1598 758 1649 794 ad
1694 760 1899 805 quartum,
1938 760 2237 807 superadjicitur
2251 773 2261 807 ;
2297 764 2340 798 Ec

1315 823 1351 855 in
1388 820 1532 855 verbum
1561 823 1661 855 tuum
1700 823 1961 867 supersperavi.
1984 821 2172 867 {3Verbum
2208 821 2340 859 Salva-

1314 880 1407 917 toris
1435 883 1491 917 est
1518 881 1684 917 verbum
1717 881 1850 918 salutis
1860 894 1870 927 ;
1901 892 1973 918 nec
2007 885 2158 919 tantum
2191 883 2338 930 salutis,

1314 942 1383 978 sed
1403 945 1439 978 et
1457 942 1619 988 virtutis,
1638 942 1732 990 quia
1747 943 1846 979 nulli
1867 943 2047 980 concedit
2066 943 2244 990 salutem,
2266 945 2340 982 nisi

1315 1004 1376 1039 cui
1404 1004 1723 1050 praeconcesserit
1750 1005 1947 1042 virtutem.
1978 1008 2019 1042 ln
2046 1005 2150 1042 hunc
2176 1004 2342 1043 modum

1315 1068 1580 1113 supersperat,
1603 1068 1795 1113 quantum
1825 1066 1877 1103 ad
1910 1067 2160 1114 propositum
2181 1070 2342 1115 spectat,

1315 1127 1356 1163 id
1387 1131 1463 1172 est,
1490 1138 1732 1175 supervacue
1764 1132 1917 1176 sperat,
1945 1128 2185 1176 quicumque
2214 1132 2345 1177 sperat

1314 1189 1480 1226 salutem
1500 1192 1641 1237 praeter
1660 1190 1826 1236 gratiam
1850 1193 1886 1227 et
1912 1191 2105 1227 virtutem.
2128 1191 2235 1228 Unde
2256 1191 2344 1230 talis

1316 1254 1423 1288 actus
1443 1253 1499 1288 est
1527 1251 1754 1297 defectivus,
1785 1262 1866 1288 non
1894 1252 2158 1299 proveetivus,
2190 1263 2262 1290 nec
2282 1264 2344 1291 sa-

1314 1313 1404 1350 lutis
1442 1313 1708 1361 acquisitivus.
1746 1315 1789 1349 Et
1827 1316 1939 1360 nota,
1972 1314 2082 1361 quod
2120 1317 2176 1352 est
2209 1326 2344 1363 super-

1316 1375 1484 1422 speratio
1505 1375 1707 1423 tripartita,
1727 1375 1910 1412 videlicet
1928 1375 2128 1420 affectiva,
2153 1368 2342 1423 effectiva,

1315 1440 1350 1473 et
1379 1437 1571 1474 defectiva
1597 1449 1605 1473 ε
1633 1447 1803 1484 quarum
1830 1437 1958 1485 prima
1981 1438 2162 1484 provenit
2192 1449 2241 1476 ex
2266 1439 2346 1476 vir-

1315 1499 1406 1535 tutis
1425 1499 1582 1546 affectu3
1604 1499 1790 1545 secunda,
1806 1510 1852 1536 ex
1870 1499 2022 1536 virtutis
2039 1499 2198 1547 effectu3
2218 1500 2345 1547 tertia,

1318 1572 1365 1597 ex
1383 1561 1534 1598 virtutis
1554 1561 1720 1598 defectu.
1743 1561 1871 1598 Prima
1896 1562 2021 1609 patuit
2036 1571 2109 1609 per
2126 1562 2242 1599 illum
2259 1573 2346 1601 ver-

1317 1623 1485 1659 siculum
1504 1623 1790 1671 praecedentem
1811 1624 1839 1646 ¹⁰
1862 1635 1898 1659 z«
1916 1623 1987 1668 Qui
2006 1623 2143 1660 timent
2161 1626 2211 1670 te,
2231 1624 2344 1662 vide-

1316 1685 1414 1721 bunt
1439 1695 1516 1730 me,
1550 1687 1587 1721 et
1621 1685 1879 1730 laetabuntur,
1913 1685 2006 1732 quia
2041 1684 2082 1722 in
2112 1685 2235 1722 verba
2274 1687 2343 1724 tua

1315 1746 1612 1793 supersperavi3
1635 1760 1651 1780 »
1679 1746 1748 1782 ubi
1777 1746 1967 1793 Propheta
1987 1748 2075 1783 ante
2095 1757 2344 1794 superspera-

1315 1807 1430 1844 tionis
1465 1811 1608 1853 actum,
1643 1807 1872 1855 praeallegat
1897 1808 2197 1845 illuminationis
2228 1808 2344 1846 affec-

1319 1872 1422 1913 tum,
1444 1869 1542 1905 sicut
1571 1869 1722 1905 ibidem
1754 1870 1908 1917 plenius
1932 1872 1987 1906 est
2013 1880 2253 1917 expressum.
2279 1871 2346 1907 Se-

1318 1931 1447 1967 cunda
1465 1931 1613 1978 patebit
1631 1941 1701 1978 per
1716 1931 1829 1967 illum
1848 1931 2087 1967 versiculum
2105 1931 2346 1980 subsequen-

1317 1996 1395 2030 tem
1415 1994 1441 2015 ¹¹
1464 2005 1505 2029 :«
1524 1993 1686 2040 Adjutor
1706 1996 1742 2030 et
1761 1995 1961 2040 susceptor
1979 2003 2090 2030 meus
2112 2003 2153 2030 es
2173 1995 2230 2039 tu,
2250 1997 2287 2031 et
2304 1994 2346 2032 in

1316 2055 1485 2092 verbum
1504 2057 1614 2092 tuum
1628 2055 1899 2102 supersperavi
1908 2067 1919 2101 ;
1933 2068 1950 2089 »
1966 2054 2035 2091 ubi
2047 2055 2244 2092 Psalmista
2255 2058 2344 2093 ante

1317 2120 1446 2154 actum
1463 2117 1694 2165 praedictum
1712 2118 1964 2165 proeassignat
1985 2118 2223 2166 poenitentiae
2241 2119 2344 2157 fruc-

1317 2180 1419 2224 tum,
1460 2180 1558 2215 sicut
1588 2179 1739 2216 ibidem
1774 2183 1830 2216 est
1865 2180 2007 2216 clarius
2045 2180 2342 2218 declarandum.

1316 2240 1439 2277 Tertia
1468 2242 1604 2288 patens
1634 2243 1690 2277 est
1718 2252 1787 2289 per
1817 2244 2049 2288 praesentem
2082 2252 2251 2288 versum,
2272 2241 2343 2279 ubi

1315 2301 1657 2349 Psalmographus,
1694 2306 1781 2339 ante
1815 2305 1945 2340 actum
1983 2303 2210 2350 praefatum,
2246 2313 2342 2350 prae-

1316 2366 1509 2401 memorat
1528 2364 1609 2411 spei
1630 2375 1708 2401 suae
1729 2364 1938 2401 defectum.

1743 2470 1912 2511 Epilogus.

1361 2551 1540 2596 Loquens
1560 2559 1653 2595 ergo
1674 2550 1864 2597 Propheta
1894 2549 1983 2586 loco
2011 2560 2189 2597 personae
2215 2550 2345 2588 humi—

1314 2611 1383 2656 lis,
1406 2611 1600 2647 defectum
1618 2611 1701 2659 spei
1722 2622 1800 2648 suae
1830 2611 2029 2648 humiliter
2046 2612 2254 2649 recolentis
2270 2640 2283 2658 ,
2304 2615 2342 2650 et

1316 2684 1450 2710 coram
1481 2676 1557 2710 Deo
1593 2673 1772 2710 flebiliter
1804 2673 2046 2720 confitentis,
2078 2674 2131 2710 ait
2153 2686 2161 2710 :
2182 2659 2355 2722 Defecit,-

1316 2738 1507 2782 quantum
1527 2735 1579 2771 ad
1604 2734 1905 2781 vituperabilem
1934 2734 2018 2782 spei
2047 2735 2238 2772 defectum
2254 2749 2266 2782 3
2299 2738 2343 2773 In

1316 2798 1475 2832 salu-tare
1497 2800 1618 2841 tinam,
1640 2796 1750 2843 quod
1777 2796 1925 2839 voluit;
1956 2797 2095 2832 Anima
2126 2807 2224 2841 mea,
2253 2807 2342 2844 quae

1315 2858 1441 2895 inanis
1461 2860 1497 2894 et
1514 2868 1640 2894 vacua
1659 2857 1753 2903 fuit3
1775 2860 1821 2894 Ec
1840 2860 1879 2894 in
1897 2858 2039 2894 verbum
2059 2860 2160 2894 tuum
2172 2887 2183 2905 ,
2207 2869 2342 2896 conee—

1316 2921 1412 2958 dens
1432 2921 1597 2958 salutem
1630 2921 1867 2968 praehabenti
1892 2921 2059 2967 gratiam
2079 2922 2116 2957 et
2134 2920 2335 2967 virtutem;

1313 2983 1594 3029 Supersperczvi,
1627 2982 1707 3019 sive
1739 2992 1863 3019 vacue
1892 2982 2072 3029 speravi,
2104 2981 2198 3030 quia
2224 2992 2342 3030 super

1315 3045 1487 3081 animam
1506 3045 1665 3081 inanem
1685 3046 1721 3080 et
1738 3054 1905 3081 vacuam
1924 3054 2035 3092 spem
2053 3043 2231 3082 fundavi-

1687 3189 1905 3217 VERSICULUS
1929 3191 1970 3217 11.

1361 3294 1419 3329 82.
1451 3295 1657 3337 Defecerunt
1683 3294 1775 3329 oculi
1806 3295 1898 3338 mei,
1930 3296 2000 3330 etc.
2022 3292 2194 3329 Primum
2213 3290 2340 3328 defec-

1315 3390 1435 3422 xxxt‘t,
1459 3385 1490 3413 3.
1509 3399 1549 3405 -
1569 3384 1579 3398 ³·
1601 3382 1683 3413 Prov
1700 3406 1709 3421 ,
1732 3388 1839 3422 xxvii,
1859 3384 1888 3412 7.
1908 3399 1947 3404 —
1971 3382 1997 3404 ¹0
2015 3381 2106 3413 Psal.
2126 3381 2204 3420 hoc,
2225 3380 2275 3411 74.
2298 3396 2337 3402 ·-

1316 3428 1342 3449 ¹¹
1363 3429 1460 3468 ibid„
1483 3431 1552 3461 114.

1358 3484 1401 3523 (η)
1424 3486 1502 3517 Caet.
1523 3484 1602 3516 ecle‘t.
1626 3483 1800 3524 Hiesabel,
1820 3484 1851 3514 et
1870 3483 1917 3514 sic
1935 3482 2096 3523 deinceps.
