2633 3878
1103 240 1344 285 PSALMUS
1374 240 1546 284 cxvlll.

593 378 779 415 Articulus
800 378 954 424 primus.

305 462 476 499 Primum
491 464 661 507 notatur,
681 471 772 498 cum
791 459 974 497 scribitur
996 471 1004 496 ε
1024 461 1160 496 Bonum
1181 458 1284 494 mihi.

256 526 407 561 Bonum
429 523 619 572 profecto,
641 523 750 571 quod
769 523 888 560 habet
906 521 1040 559 locum
1069 521 1110 557 in
1135 519 1290 556 novita-

256 587 302 622 tis
321 586 535 634 principio,
561 587 618 622 est
643 585 844 622 vetustatis
864 583 1066 621 correctio.
1089 584 1194 620 Hanc
1215 592 1285 619 au—

255 651 333 685 tem
351 648 442 686 facit
461 648 713 693 mandatum,
732 647 984 695 prohibendo
1010 647 1229 694 peecatum,
1251 647 1287 682 et

253 710 449 759 praecipue
485 712 689 759 peccatum
727 708 1017 746 incontinentiae
1030 735 1042 754 ,
1080 709 1287 756 peccatum

254 773 601 822 incompatientiae,
620 774 824 821 peccatum
846 771 1136 809 inconfidentiae
1157 783 1165 806 :
1189 780 1289 818 quo-

196 867 198 869 .
254 846 342 872 rum
361 836 535 884 primum
555 835 763 873 exordinat
782 835 986 871 hominem
1006 836 1183 882 respectu
1203 832 1262 870 sui
1273 846 1284 880 3

253 898 488 944 secundum,
501 901 680 946 respectu
699 897 870 946 proximi
882 911 891 941 ;
911 897 1084 942 tertium,
1106 898 1286 944 respectu

254 959 333 996 Dei.
360 961 411 996 De
439 960 570 1008 primo
594 961 604 982 ¹
626 972 634 997 :
665 973 684 995 «
705 963 856 997 Bonum
887 962 943 996 est
969 958 1122 996 homini
1148 958 1288 995 mulie-

252 1031 336 1058 rem
364 1032 446 1059 non
473 1024 632 1070 tangere
654 1034 661 1059 ;
684 1036 702 1057 »
727 1033 815 1058 ecce
846 1022 997 1059 bonum
1028 1020 1287 1058 correctivum

252 1083 555 1122 incontinentiae.
588 1087 638 1122 De
671 1084 845 1122 secundo
866 1086 880 1107 ²
905 1095 912 1120 :
944 1097 961 1118 «
989 1085 1142 1120 Bonum
1173 1086 1228 1120 est
1253 1086 1288 1119 te

253 1149 468 1184 sustentare
493 1148 641 1195 Justum
665 1160 673 1185 ε
695 1162 713 1182 »
739 1158 828 1185 ecce
851 1147 1005 1184 bonum
1028 1145 1289 1183 correctivum

252 1209 591 1258 incompatientiae.
612 1212 663 1247 De
680 1210 792 1247 tertio
811 1209 964 1247 canitur
980 1209 1021 1245 in
1042 1208 1227 1246 Psalterio
1244 1209 1257 1230 '³
1276 1221 1284 1245 :

255 1284 272 1306 α
294 1273 445 1308 Bonum
472 1275 527 1309 est
552 1272 751 1310 confidere
771 1272 813 1309 in
835 1271 1022 1318 Domino,
1044 1281 1166 1319 quam
1196 1280 1289 1308 con-

252 1333 374 1371 fidere
397 1334 439 1370 in
463 1334 626 1372 homine
655 1347 664 1371 :
687 1349 705 1370 n
729 1345 819 1372 ecce
845 1335 999 1372 bonum
1028 1333 1287 1372 correctivum

252 1395 554 1434 inconfidentiae.

571 1497 759 1532 Articulus
783 1496 969 1532 secundus.

299 1585 524 1622 Secundum
553 1586 804 1631 subnotatur,
833 1596 924 1622 cum
952 1585 1134 1621 subditur
1159 1597 1166 1620 :
1195 1586 1284 1621 Ler.

250 1647 352 1693 Quid
375 1648 482 1685 enim
503 1650 558 1685 est
582 1647 667 1693 lex,
688 1648 762 1684 nisi
790 1648 890 1684 lux?
911 1649 947 1684 et
969 1647 1066 1695 quid
1097 1647 1192 1692 lux,
1211 1645 1287 1682 nisi

251 1711 364 1748 dux?
383 1713 568 1759 Aspeetus
587 1710 717 1758 igitur,
742 1710 829 1757 lege
857 1710 1010 1746 lucente
1041 1712 1078 1745 et
1103 1708 1286 1754 ducente,

250 1773 444 1821 dirigitur.
473 1775 515 1810 Et
541 1776 656 1819 nota,
679 1773 790 1821 quod
818 1773 882 1809 lex
909 1772 1041 1819 dirigit
1064 1772 1286 1808 humanum

249 1838 450 1884 aspectum
478 1839 656 1884 respectu
682 1836 939 1880 interiorum,
962 1837 1141 1882 respectu
1167 1844 1287 1881 supe-

247 1898 417 1944 riorum,
438 1901 619 1946 respectu
637 1898 867 1935 inferiorum
890 1909 898 1934 :
923 1897 1038 1934 docet
1058 1896 1164 1933 enim
1181 1898 1284 1933 recte

247 1960 380 1997 vivere
408 1961 448 1996 in
473 1971 533 2006 se,
564 1963 666 1997 recte
694 1960 877 2006 subesse,
907 1963 944 1996 et
972 1962 1074 1996 recte
1105 1969 1284 2007 praeesse.

196 2055 204 2059 .
247 2024 408 2070 Propter
436 2023 611 2071 primum
638 2023 782 2060 dicitur
810 2023 875 2060 lex
905 2022 995 2060 vitae
1023 2023 1036 2044 '⁹
1067 2033 1075 2058 :
1101 2034 1119 2056 κ
1142 2022 1286 2068 Legem

247 2084 334 2122 vitae
360 2085 606 2122 haereditavit
633 2086 742 2130 illos,
773 2099 790 2119 »
818 2085 966 2122 scilicet
995 2087 1177 2132 parentes
1204 2082 1283 2131 pri-

246 2158 346 2184 mos.
379 2149 540 2196 Propter
570 2148 790 2185 secundum
825 2148 968 2184 dicitur
1005 2148 1070 2184 lex
1108 2144 1285 2192 discipli-

246 2220 306 2247 nae
325 2210 365 2246 ⁵:
390 2225 407 2242 «
432 2211 542 2247 Dedit
567 2210 649 2256 illi,
677 2211 823 2248 scilicet
848 2209 993 2258 Moysi,
1016 2220 1084 2246 cor
1109 2208 1161 2246 ad
1185 2218 1286 2256 prae-

245 2275 377 2320 cepta,
410 2275 446 2309 et
477 2273 606 2320 legem
638 2273 726 2310 vitae
755 2275 791 2309 et
822 2272 1060 2320 disciplinae,
1086 2284 1104 2305 »
1133 2271 1176 2307 id
1203 2273 1282 2316 est,

244 2333 375 2381 legem
400 2334 608 2372 docentem
627 2339 730 2372 recte
751 2346 833 2372 esse
860 2339 897 2372 et
925 2334 1099 2371 subesse.
1122 2335 1286 2380 Propter

244 2396 402 2433 tertium
421 2396 564 2434 dicitur
583 2398 646 2435 lex
666 2397 884 2434 clementiae
904 2397 917 2418 ⁶
940 2409 949 2433 ;
975 2410 993 2431 α
1014 2399 1090 2434 Lex
1115 2395 1286 2432 clemen-

246 2458 307 2495 tiae
333 2458 374 2494 in
399 2459 537 2506 lingua
567 2460 665 2506 eJus.
697 2475 714 2494 »
747 2462 832 2497 Haec
860 2460 925 2497 lex
956 2460 998 2496 in
1030 2459 1114 2506 ejus
1146 2457 1285 2504 lingua

246 2523 320 2565 est,
341 2520 411 2569 qui
430 2523 532 2558 recte
551 2524 703 2569 praeest.
1122 2529 1125 2532 “

583 2627 774 2663 Arcto-ulus
802 2629 944 2664 tertius.

291 2709 461 2747 Tertium
487 2713 713 2757 annotatur,
746 2721 837 2747 cum
865 2710 1055 2748 additur:
1088 2710 1171 2747 Oris
1202 2709 1277 2753 tui3

245 2772 436 2820 quoniam
456 2772 508 2810 ad
528 2773 773 2810 audiendum
792 2784 836 2811 os
856 2773 1012 2810 Domini
1029 2773 1148 2811 debet
1166 2773 1279 2810 audi-

245 2838 304 2872 tus
324 2835 436 2883 erigi.
458 2836 535 2873 Sed
554 2838 667 2881 nota,
689 2836 800 2884 quod
819 2836 898 2874 oris
918 2836 1072 2873 Domini
1091 2839 1182 2874 sunt
1207 2848 1279 2874 au-

245 2887 391 2936 ditores
429 2898 573 2935 diversi
613 2911 622 2935 :
662 2899 825 2948 quidam
863 2899 1056 2936 increduli
1069 2913 1080 2947 ;
1114 2901 1280 2948 quidam

244 2959 431 3006 subdoli;
455 2960 620 3008 quidam
640 2961 803 2998 creduli.
826 2962 942 2999 Primi
967 2965 1057 2999 sunt
1084 2962 1157 2999 filii
1187 2974 1281 3000 con·

246 3022 512 3070 tradictionis;
533 3024 716 3071 secundi,
738 3025 809 3062 filii
829 3024 1119 3062 maledictionis
1128 3038 1140 3072 3
1162 3026 1279 3072 tertii,

246 3085 316 3122 filii
333 3086 631 3124 benedictionis.
652 3088 768 3125 Primi
787 3088 1075 3136 praesignantur
1092 3088 1132 3125 in
1150 3092 1280 3126 Aaron

245 3148 462 3195 sacerdote,
483 3149 532 3186 de
553 3160 635 3197 quo
653 3151 840 3188 Dominus
859 3152 872 3173 ⁷
896 3163 904 3187 :
926 3164 943 3183 α
965 3153 1116 3198 Pergat,
1136 3151 1280 3200 inquit,

244 3213 374 3248 Aaron
394 3211 446 3247 ad
464 3211 636 3259 populos
655 3223 748 3249 suos
763 3226 773 3259 ;
797 3223 879 3249 non
898 3212 1005 3250 enim
1024 3212 1184 3251 intrabit
1201 3216 1279 3251 ter-

244 3283 346 3319 ram,
365 3284 487 3322 quam
507 3273 602 3310 dedi
620 3273 711 3312 filiis
731 3275 867 3321 lsrael,
890 3285 936 3312 eo
959 3275 1072 3323 quod
1089 3275 1277 3314 incredu-

245 3335 306 3372 lus
336 3335 408 3373 fuit
437 3336 497 3374 ori
528 3347 619 3374 meo
652 3337 705 3374 ad
736 3347 860 3386 aquas
893 3337 1226 3376 contradictionis.
1256 3354 1273 3373 »

289 3434 298 3454 ¹
320 3434 327 3464 Ι
352 3434 440 3472 Cor..
460 3443 519 3476 vn,
544 3438 572 3467 l.
590 3453 632 3459 —
647 3435 658 3454 ²
678 3436 802 3476 Eccle,
820 3444 879 3476 vu,
902 3439 951 3468 19.
967 3453 1006 3460 —
1026 3435 1038 3454 ³
1056 3436 1146 3469 Psal.
1169 3445 1277 3475 cxvii,

247 3481 279 3515 8.
297 3497 338 3505 -
357 3482 369 3500 ⁴
384 3481 504 3524 Eccli„
524 3491 610 3522 xvu‚
635 3485 665 3515 9.
686 3499 724 3505 ——
743 3483 757 3506 ὅ
780 3483 901 3522 Eccli„
922 3491 999 3524 xm,
1021 3485 1052 3515 6.
1071 3501 1112 3507 -
1133 3484 1145 3503 ⁶
1164 3484 1277 3524 Prov„

247 3533 344 3566 xxxi,
362 3530 414 3561 26.
438 3547 472 3552 -
495 3547 535 3554 -
559 3531 567 3549 7
588 3529 704 3572 Num„
725 3538 783 3572 xx,
804 3532 856 3564 24.
875 3547 918 3555 -
936 3531 947 3550 ⁸
962 3531 1054 3571 Luc„
1074 3538 1123 3572 xi,
1149 3533 1201 3572 52,
1224 3533 1276 3564 53.

2318 254 2391 292 411

1362 331 1532 370 secundi
1552 332 1833 380 consignantur
1853 334 1893 371 in
1913 335 2006 382 illis,
2024 336 2073 373 de
2094 324 2240 385 quibus
2256 338 2397 377 dicim

1363 404 1386 431 a
1404 393 1572 431 Domino
1589 394 1602 416 ⁸
1619 406 1627 430 :
1645 407 1664 429 «
1683 397 1748 432 Vae
1768 396 1884 433 vobis
1904 397 2149 446 legisperitis,
2169 400 2238 448 qui
2257 401 2396 439 tulistis

1362 455 1515 493 clavem
1528 455 1715 503 scientiae;
1733 471 1750 491 n
1770 461 1806 495 et
1819 458 1920 496 infra
1942 472 1949 496 :
1967 473 1983 494 «
1995 462 2201 509 Coeperunt
2211 463 2396 512 pharisaei

1362 521 1399 555 et
1426 519 1638 567 legisperiti
1664 520 1834 567 graviter
1866 522 2062 568 insistere,
2085 526 2121 560 et
2145 536 2190 562 os
2217 526 2300 573 ejus
2329 537 2398 576 op-

1361 581 1546 628 primere,
1569 582 1618 619 de
1643 582 1776 619 multis
1797 584 2027 622 insidiantes
2049 586 2104 632 ci,
2125 590 2162 624 et
2181 591 2397 635 quaerentes

1362 653 1501 690 capere
1519 643 1671 692 aliquid
1687 655 1736 682 ex
1753 656 1821 683 ore
1838 647 1935 694 ejus,
1953 651 1994 684 ut
2008 653 2236 686 accusarent
2252 661 2356 688 eum.
2372 666 2389 686 n

1360 705 1473 741 Tertii
1495 705 1748 752 designantur
1767 708 1808 744 in
1826 709 1963 756 Paulo,
1986 709 2035 746 de
2056 721 2136 758 quo
2158 711 2342 749 scribi-tur
2359 713 2394 749 ⁹:

1366 779 1382 800 «
1404 768 1502 804 Deus
1532 771 1692 816 patrum
1722 774 1948 808 nostrorum
1975 773 2258 820 praeordinavit
2276 776 2333 820 te,
2355 779 2398 812 ut

1361 840 1620 877 cognosceres
1651 832 1894 870 voluntatem
1923 835 2030 881 ejus,
2058 837 2095 872 et
2124 836 2279 874 videres
2308 839 2395 874 Jus-

1360 894 1464 938 tum,
1490 895 1526 930 et
1548 893 1704 932 audires
1726 905 1865 932 vocem
1887 906 1935 932 ex
1956 907 2023 933 ore
2045 898 2143 944 ejus.
2163 912 2180 932 n

1686 1000 1874 1036 Articulus
1902 1003 2064 1046 quartus.

1411 1083 1598 1126 Quartum
1628 1082 1850 1130 denotatur,
1873 1094 1964 1120 cum
1989 1083 2131 1121 dicitur
2153 1099 2161 1122 :
2182 1085 2296 1133 Super
2316 1090 2397 1124 mil-

1363 1145 1415 1180 lia.
1443 1147 1528 1181 auri
1553 1149 1586 1181 et
1608 1147 1769 1191 argenti.
1791 1147 1832 1183 ln
1860 1156 1940 1194 quo
1968 1150 2125 1184 notatur
2151 1151 2398 1197 contemptus

1362 1207 1501 1243 mundi
1527 1219 1534 1243 :
1563 1218 1656 1244 nam
1684 1219 1810 1244 aurum
1837 1212 1870 1244 et
1898 1212 2086 1254 amentum
2110 1212 2249 1247 notant
2279 1222 2396 1248 mun-

1362 1269 1526 1306 dialium
1552 1270 1828 1318 appetibilium
1849 1271 2079 1318 qualitatem
2087 1285 2098 1318 ς
2121 1274 2252 1319 millia,
2274 1284 2398 1321 quan-

1360 1332 1509 1368 titatem
1524 1345 1535 1379 ;
1556 1343 1678 1378 super,
1709 1332 2067 1380 superabilitatem,
2101 1337 2138 1371 et
2164 1345 2235 1383 per
2261 1346 2396 1374 conse-

1361 1404 1486 1442 quens
1505 1394 1927 1442 contemptibilitatem.
1951 1397 1994 1432 Et
2020 1400 2135 1443 nota,
2158 1397 2269 1445 quod
2287 1398 2397 1436 bona

1360 1456 1579 1504 spiritualia
1611 1459 1700 1493 sunt
1730 1456 1847 1493 honis
1879 1458 2166 1506 temporalibus
2195 1460 2352 1507 potiora
2385 1474 2393 1498 :

1361 1521 1418 1556 est
1443 1520 1548 1556 enim
1576 1530 1672 1556 auro
1700 1523 1736 1556 et
1765 1523 1928 1567 argento
1944 1521 2093 1567 J‘ustitia
2118 1522 2274 1568 melior,
2300 1534 2396 1572 pru·

1361 1581 1494 1619 dentia
1521 1581 1743 1630 pretiosior,
1770 1583 1895 1629 gratia
1923 1584 2114 1631 superior.
2141 1585 2255 1630 Quod
2282 1596 2395 1623 nam-

1361 1654 1438 1691 que
1458 1644 1664 1681 mundana
1680 1644 1998 1692 eoncupiscentia
2015 1646 2303 1693 magnipendit,
2319 1647 2396 1685 hoc

1356 1706 1505 1752 justitia
1528 1706 1800 1754 parvipendit,
1820 1706 2032 1754 prudentia
2054 1707 2285 1756 vilipendit,
2307 1720 2397 1757 gra-

1360 1769 1414 1806 tia
1433 1768 1690 1817 naucipendit
1711 1770 1774 1816 (a).
1794 1771 1903 1806 Bona
1923 1769 2073 1818 quippe
2093 1770 2259 1808 fortunae
2273 1782 2398 1819 parva

1360 1833 1450 1868 sunt
1465 1833 1644 1879 respectu
1659 1831 1831 1878 justitiae,
1849 1831 1945 1869 vilia
1965 1835 2145 1880 respectu
2163 1833 2396 1881 prudentiae,

1359 1894 1470 1931 nulla
1487 1896 1669 1942 respectu
1689 1895 1834 1941 gratiae.
1857 1896 1907 1932 De
1927 1895 2058 1942 primo
2074 1895 2101 1917 ¹0
2122 1907 2163 1932 2«
2182 1895 2294 1934 Salus
2312 1897 2396 1934 ani-

1359 1967 1433 1995 mae
1460 1955 1502 1993 in
1527 1956 1728 1993 sanctitate
1757 1956 1934 2003 justitiae,
1962 1960 1999 1994 et
2029 1957 2171 1994 melior
2201 1961 2256 1995 est
2287 1960 2395 1996 omni

1360 2028 1457 2055 auro
1491 2021 1528 2055 et
1562 2020 1725 2066 argento
1758 2031 1766 2055 :
1806 2033 1823 2053 »
1859 2029 1948 2056 ecce
1980 2019 2125 2066 justitia
2154 2019 2309 2057 melior.
2344 2023 2395 2059 De

1358 2080 1530 2118 secundo
1551 2080 1575 2103 ¹¹
1599 2094 1607 2118 :
1628 2094 1645 2115 ι(
1663 2084 1799 2118 Beatus
1821 2081 1943 2118 homo
1957 2109 1969 2127 ,
1991 2082 2059 2130 qui
2079 2082 2204 2119 affluit
2222 2083 2396 2130 pruden-

1359 2143 1411 2180 tia
1443 2155 1452 2179 ε
1488 2143 1631 2180 melior
1667 2146 1723 2180 est
1762 2144 1967 2191 acquisitio
2005 2145 2089 2192 ejus
2126 2144 2394 2191 negotiatione

1359 2206 1446 2242 auri
1466 2208 1502 2242 et
1521 2205 1694 2252 argenti3
1714 2205 1831 2254 primi
1852 2208 1888 2242 et
1905 2206 2101 2253 purissimi
2119 2206 2266 2244 fructus
2283 2207 2391 2254 ejus;

1358 2267 1567 2315 pretiosior
1586 2270 1642 2305 est
1671 2268 1820 2305 cunctis
1840 2268 2002 2316 opibus3
2025 2282 2044 2303 ι)
2068 2279 2157 2306 ecce
2181 2269 2394 2317 prudentia

1358 2330 1578 2378 pretiosior.
1591 2332 1642 2367 De
1663 2331 1776 2368 tertio
1797 2331 1823 2353 ¹²
1843 2343 1851 2367 :
1871 2344 1890 2365 α
1906 2332 2030 2379 Super
2044 2334 2250 2378 argentum
2269 2334 2305 2369 et
2327 2343 2394 2370 au·

1358 2403 1448 2429 rum
1472 2392 1598 2439 gratia
1623 2392 1745 2430 bona.
1773 2407 1790 2426 υ
1817 2393 1932 2438 Quod
1957 2393 1988 2430 si
2017 2404 2158 2430 verum
2190 2393 2239 2430 de
2269 2395 2394 2441 gratia

1358 2455 1553 2502 humana,
1584 2455 1708 2492 multo
1735 2454 1875 2493 fortius
1904 2455 1954 2492 de
1980 2455 2134 2503 divina;
2157 2467 2246 2494 ecce
2267 2457 2391 2504 gratia

1357 2517 1549 2565 superior.

1790 2563 1959 2606 Epilogus.

1404 2643 1457 2677 Ex
1489 2641 1697 2689 praemissis
1727 2641 2002 2690 propheticum
2030 2645 2136 2690 patet
2163 2642 2389 2691 eloquium,

1356 2704 1459 2741 circa
1485 2703 1702 2741 coelestium
1731 2703 2060 2752 complacentiam
2087 2705 2368 2742 mandatorum
2377 2719 2387 2751 ;

1355 2766 1409 2803 ait
1445 2765 1551 2802 enim
1594 2778 1602 2802 :
1641 2768 1778 2803 Bonum
1813 2767 1906 2803 mihi
1919 2796 1929 2810 ‚
1970 2767 2161 2815 quoniam
2203 2767 2388 2805 affectum

1354 2840 1489 2867 meum
1509 2829 1686 2877 corrigit3
1710 2831 1786 2876 leat,
1809 2841 1897 2878 quae
1919 2832 2122 2879 aspectum
2143 2830 2276 2877 dirigit
2283 2844 2294 2877 3
2316 2833 2389 2867 oris

1356 2894 1432 2937 tui,
1458 2892 1570 2940 quod
1595 2891 1776 2929 auditum
1804 2893 1937 2940 erigit,
1966 2903 2073 2939 super
2099 2894 2219 2929 millia
2242 2895 2328 2929 auri
2356 2896 2389 2929 et

1355 2957 1520 3001 argenti,
1541 2954 1636 3003 quia
1653 2966 1725 3003 per
1751 2955 2030 3003 temporalium
2056 2954 2385 2993 renuntiationem

1354 3020 1407 3057 ad
1425 3019 1707 3068 perfectionem
1728 3019 1909 3068 accingit.

1727 3167 1945 3196 vssnslcuws
1965 3167 2018 3194 lx.

1401 3275 1461 3310 73.
1473 3273 1606 3309 Manus
1624 3276 1694 3309 tuae
1706 3274 1869 3317 fecerunt
1885 3282 1954 3316 me,
1973 3272 2043 3307 etc.
2061 3270 2277 3308 Bonitatem
2288 3270 2382 3309 infe—

1352 3334 1498 3371 riorem
1524 3333 1576 3371 ad
1602 3333 1923 3381 justificationem
1953 3331 2096 3368 animae
2125 3331 2386 3380 pertinentem

1352 3396 1580 3449 audivimus
1600 3396 1642 3433 in
1661 3394 1864 3434 octonario
1884 3393 2142 3442 praecedenti,
2166 3394 2384 3433 bonitatem

1351 3481 1362 3499 ⁹
1381 3481 1471 3520 Act„
1490 3487 1578 3520 xxii,
1602 3482 1647 3512 14.
1669 3497 1703 3502 —
1728 3480 1755 3501 ¹⁰
1774 3478 1892 3518 Ecca„
1918 3485 2000 3520 xxx,
2019 3479 2069 3512 15.
2089 3495 2130 3502 —
2153 3479 2176 3500 ¹¹
2196 3480 2308 3519 Pron„
2328 3488 2383 3520 111,

1353 3530 1383 3560 4.
1404 3545 1444 3552 -
1471 3527 1492 3546 ¹²
1509 3527 1622 3567 Pron„
1641 3535 1727 3568 xxii,
1751 3529 1778 3559 1.
1803 3543 1844 3550 —
1866 3526 1907 3567 (a)
1931 3525 2008 3568 Leq.
2029 3525 2124 3558 nihili
2138 3526 2267 3568 pendit.
