<?xml version="1.0" encoding="UTF-8"?>
<!DOCTYPE html PUBLIC "-//W3C//DTD XHTML 1.0 Transitional//EN"
    "http://www.w3.org/TR/xhtml1/DTD/xhtml1-transitional.dtd">
<html xmlns="http://www.w3.org/1999/xhtml" xml:lang="en" lang="en">
 <head>
  <title>
</title>
<meta http-equiv="Content-Type" content="text/html;charset=utf-8" />
  <meta name='ocr-system' content='tesseract 3.04.00' />
  <meta name='ocr-capabilities' content='ocr_page ocr_carea ocr_par ocr_line ocrx_word'/>
</head>
<body>
  <div class='ocr_page' id='page_1' title='image "./operaomniasixtiv09bonauoft_0446.png"; bbox 0 0 2633 3878; ppageno 0'>
   <div class='ocr_carea' id='block_1_1' title="bbox 70 2713 207 2779">
    <p class='ocr_par' dir='ltr' id='par_1_1' title="bbox 70 2713 207 2779">
     <span class='ocr_line' id='line_1_1' title="bbox 99 2713 207 2739; baseline -0.009 0"><span class='ocrx_word' id='word_1_1' title='bbox 99 2713 207 2739; x_wconf 61' lang='lat' dir='ltr'>Radius</span> 
     </span>
     <span class='ocr_line' id='line_1_2' title="bbox 70 2753 196 2779; baseline -0.008 0"><span class='ocrx_word' id='word_1_2' title='bbox 70 2753 196 2779; x_wconf 50' lang='lat' dir='ltr'>veritatis</span> 
     </span>
    </p>
   </div>
   <div class='ocr_carea' id='block_1_2' title="bbox 221 251 298 288">
    <p class='ocr_par' dir='ltr' id='par_1_2' title="bbox 221 251 298 288">
     <span class='ocr_line' id='line_1_3' title="bbox 221 251 298 288; baseline 0 0"><span class='ocrx_word' id='word_1_3' title='bbox 221 251 298 288; x_wconf 66' lang='lat'>414</span> 
     </span>
    </p>
   </div>
   <div class='ocr_carea' id='block_1_3' title="bbox 216 325 1249 874">
    <p class='ocr_par' dir='ltr' id='par_1_3' title="bbox 216 325 1249 874">
     <span class='ocr_line' id='line_1_4' title="bbox 221 325 1246 374; baseline -0.011 -2"><span class='ocrx_word' id='word_1_4' title='bbox 221 335 343 372; x_wconf 88' lang='lat' dir='ltr'>stolus</span> <span class='ocrx_word' id='word_1_5' title='bbox 367 332 485 369; x_wconf 80' lang='lat' dir='ltr'>verba</span> <span class='ocrx_word' id='word_1_6' title='bbox 504 329 725 368; x_wconf 88' lang='lat' dir='ltr'>seductoria</span> <span class='ocrx_word' id='word_1_7' title='bbox 749 332 785 365; x_wconf 86' lang='lat' dir='ltr'>et</span> <span class='ocrx_word' id='word_1_8' title='bbox 810 338 935 372; x_wconf 83' lang='lat' dir='ltr'>vana,</span> <span class='ocrx_word' id='word_1_9' title='bbox 960 327 1103 374; x_wconf 83' lang='lat' dir='ltr'>probat</span> <span class='ocrx_word' id='word_1_10' title='bbox 1124 325 1246 361; x_wconf 83' lang='lat' dir='ltr'>verba</span> 
     </span>
     <span class='ocr_line' id='line_1_5' title="bbox 222 390 1244 436; baseline -0.011 -3"><span class='ocrx_word' id='word_1_11' title='bbox 222 396 353 433; x_wconf 80' lang='lat' dir='ltr'>divina</span> <span class='ocrx_word' id='word_1_12' title='bbox 378 404 459 430; x_wconf 89' lang='lat' dir='ltr'>non</span> <span class='ocrx_word' id='word_1_13' title='bbox 479 403 559 430; x_wconf 85' lang='lat' dir='ltr'>esse</span> <span class='ocrx_word' id='word_1_14' title='bbox 585 390 824 434; x_wconf 87' lang='lat' dir='ltr'>seductoria,</span> <span class='ocrx_word' id='word_1_15' title='bbox 852 400 981 436; x_wconf 82' lang='lat' dir='ltr'>neque</span> <span class='ocrx_word' id='word_1_16' title='bbox 1001 398 1128 424; x_wconf 81' lang='lat' dir='ltr'>vana:</span> <span class='ocrx_word' id='word_1_17' title='bbox 1157 397 1244 423; x_wconf 86' lang='lat' dir='ltr'>ecee</span> 
     </span>
     <span class='ocr_line' id='line_1_6' title="bbox 221 451 1247 499; baseline -0.011 -5"><span class='ocrx_word' id='word_1_18' title='bbox 221 457 340 494; x_wconf 87' lang='lat' dir='ltr'>verba</span> <span class='ocrx_word' id='word_1_19' title='bbox 363 466 444 492; x_wconf 91' lang='lat' dir='ltr'>non</span> <span class='ocrx_word' id='word_1_20' title='bbox 475 453 715 498; x_wconf 84' lang='lat' dir='ltr'>seductoria,</span> <span class='ocrx_word' id='word_1_21' title='bbox 737 454 924 499; x_wconf 85' lang='lat' dir='ltr'>tanquam</span> <span class='ocrx_word' id='word_1_22' title='bbox 957 460 1072 486; x_wconf 79' lang='lat' dir='ltr'>vana.</span> <span class='ocrx_word' id='word_1_23' title='bbox 1107 451 1155 484; x_wconf 82' lang='lat' dir='ltr'>De</span> <span class='ocrx_word' id='word_1_24' title='bbox 1188 459 1247 484; x_wconf 86' lang='lat' dir='ltr'>sc-</span> 
     </span>
     <span class='ocr_line' id='line_1_7' title="bbox 221 509 1246 555; baseline -0.009 -1"><span class='ocrx_word' id='word_1_25' title='bbox 221 518 352 554; x_wconf 85' lang='lat' dir='ltr'>cundo</span> <span class='ocrx_word' id='word_1_26' title='bbox 374 519 382 539; x_wconf 92' lang='lat'><strong>¹</strong></span> <span class='ocrx_word' id='word_1_27' title='bbox 415 530 423 553; x_wconf 90' lang='lat'>:</span> <span class='ocrx_word' id='word_1_28' title='bbox 453 531 470 550; x_wconf 73' lang='grc' dir='ltr'>(ι</span> <span class='ocrx_word' id='word_1_29' title='bbox 501 516 651 553; x_wconf 72' lang='lat' dir='ltr'>Ctrlum</span> <span class='ocrx_word' id='word_1_30' title='bbox 672 517 708 551; x_wconf 90' lang='lat' dir='ltr'>et</span> <span class='ocrx_word' id='word_1_31' title='bbox 735 517 835 550; x_wconf 84' lang='lat' dir='ltr'>terra</span> <span class='ocrx_word' id='word_1_32' title='bbox 864 512 1083 549; x_wconf 81' lang='lat' dir='ltr'>transibunt</span> <span class='ocrx_word' id='word_1_33' title='bbox 1093 523 1103 555; x_wconf 88' lang='lat'>;</span> <span class='ocrx_word' id='word_1_34' title='bbox 1125 509 1246 546; x_wconf 84' lang='lat' dir='ltr'>verba</span> 
     </span>
     <span class='ocr_line' id='line_1_8' title="bbox 221 571 1245 616; baseline -0.009 0"><span class='ocrx_word' id='word_1_35' title='bbox 221 583 349 616; x_wconf 85' lang='lat' dir='ltr'>autem</span> <span class='ocrx_word' id='word_1_36' title='bbox 378 589 465 615; x_wconf 88' lang='lat' dir='ltr'>mea</span> <span class='ocrx_word' id='word_1_37' title='bbox 484 588 564 614; x_wconf 90' lang='lat' dir='ltr'>non</span> <span class='ocrx_word' id='word_1_38' title='bbox 584 577 803 614; x_wconf 83' lang='lat' dir='ltr'>transibunt</span> <span class='ocrx_word' id='word_1_39' title='bbox 833 588 839 610; x_wconf 91' lang='lat'><strong>:</strong></span> <span class='ocrx_word' id='word_1_40' title='bbox 868 589 885 607; x_wconf 77' lang='grc' dir='ltr'>ι)</span> <span class='ocrx_word' id='word_1_41' title='bbox 917 584 1005 609; x_wconf 74' lang='lat' dir='ltr'>cece</span> <span class='ocrx_word' id='word_1_42' title='bbox 1026 571 1146 609; x_wconf 81' lang='lat' dir='ltr'>verba</span> <span class='ocrx_word' id='word_1_43' title='bbox 1165 581 1245 608; x_wconf 88' lang='lat' dir='ltr'>non</span> 
     </span>
     <span class='ocr_line' id='line_1_9' title="bbox 221 634 1248 688; baseline -0.008 -10"><span class='ocrx_word' id='word_1_44' title='bbox 221 641 461 686; x_wconf 86' lang='lat' dir='ltr'>transitoria,</span> <span class='ocrx_word' id='word_1_45' title='bbox 484 642 671 688; x_wconf 75' lang='lat' dir='ltr'>tanquam</span> <span class='ocrx_word' id='word_1_46' title='bbox 701 639 916 676; x_wconf 82' lang='lat' dir='ltr'>mundana.</span> <span class='ocrx_word' id='word_1_47' title='bbox 944 639 993 672; x_wconf 84' lang='lat' dir='ltr'>De</span> <span class='ocrx_word' id='word_1_48' title='bbox 1024 635 1134 672; x_wconf 84' lang='lat' dir='ltr'>tortio</span> <span class='ocrx_word' id='word_1_49' title='bbox 1156 634 1248 671; x_wconf 87' lang='lat' dir='ltr'>dicit</span> 
     </span>
     <span class='ocr_line' id='line_1_10' title="bbox 220 697 1247 744; baseline -0.008 -4"><span class='ocrx_word' id='word_1_50' title='bbox 220 703 420 740; x_wconf 84' lang='lat' dir='ltr'>Psalmista</span> <span class='ocrx_word' id='word_1_51' title='bbox 437 704 451 724; x_wconf 85' lang='lat'>²</span> <span class='ocrx_word' id='word_1_52' title='bbox 467 715 501 739; x_wconf 69' lang='grc' dir='ltr'>τα</span> <span class='ocrx_word' id='word_1_53' title='bbox 519 702 717 739; x_wconf 70' lang='lat' dir='ltr'>confirma</span> <span class='ocrx_word' id='word_1_54' title='bbox 731 712 793 737; x_wconf 89' lang='lat' dir='ltr'>mc</span> <span class='ocrx_word' id='word_1_55' title='bbox 806 701 843 736; x_wconf 87' lang='lat' dir='ltr'>iu</span> <span class='ocrx_word' id='word_1_56' title='bbox 865 699 995 736; x_wconf 84' lang='lat' dir='ltr'>verbis</span> <span class='ocrx_word' id='word_1_57' title='bbox 1015 697 1102 741; x_wconf 87' lang='lat' dir='ltr'>tuis,</span> <span class='ocrx_word' id='word_1_58' title='bbox 1117 711 1133 729; x_wconf 72' lang='lat' dir='ltr'>n</span> <span class='ocrx_word' id='word_1_59' title='bbox 1152 697 1218 744; x_wconf 89' lang='lat' dir='ltr'>qui</span> <span class='ocrx_word' id='word_1_60' title='bbox 1234 698 1247 716; x_wconf 65' lang='lat'><strong>³</strong></span> 
     </span>
     <span class='ocr_line' id='line_1_11' title="bbox 223 758 1249 802; baseline -0.009 1"><span class='ocrx_word' id='word_1_61' title='bbox 223 779 240 797; x_wconf 82' lang='lat'>«</span> <span class='ocrx_word' id='word_1_62' title='bbox 256 765 379 802; x_wconf 81' lang='lat' dir='ltr'>verba</span> <span class='ocrx_word' id='word_1_63' title='bbox 397 766 482 802; x_wconf 81' lang='lat' dir='ltr'>vitae</span> <span class='ocrx_word' id='word_1_64' title='bbox 495 767 645 802; x_wconf 81' lang='lat' dir='ltr'>aeternae</span> <span class='ocrx_word' id='word_1_65' title='bbox 665 763 786 800; x_wconf 89' lang='lat' dir='ltr'>habes</span> <span class='ocrx_word' id='word_1_66' title='bbox 804 774 811 798; x_wconf 75' lang='grc' dir='ltr'>ε</span> <span class='ocrx_word' id='word_1_67' title='bbox 830 776 847 797; x_wconf 82' lang='grc'>»</span> <span class='ocrx_word' id='word_1_68' title='bbox 863 772 952 798; x_wconf 85' lang='lat' dir='ltr'>ecce</span> <span class='ocrx_word' id='word_1_69' title='bbox 972 760 1095 797; x_wconf 87' lang='lat' dir='ltr'>verba</span> <span class='ocrx_word' id='word_1_70' title='bbox 1110 758 1249 796; x_wconf 83' lang='lat' dir='ltr'>conflr-</span> 
     </span>
     <span class='ocr_line' id='line_1_12' title="bbox 216 823 965 874; baseline -0.005 -11"><span class='ocrx_word' id='word_1_71' title='bbox 216 827 403 872; x_wconf 84' lang='lat' dir='ltr'>matoria,</span> <span class='ocrx_word' id='word_1_72' title='bbox 426 831 613 874; x_wconf 81' lang='lat' dir='ltr'>tanquam</span> <span class='ocrx_word' id='word_1_73' title='bbox 630 823 965 873; x_wconf 81' lang='lat' dir='ltr'>supermundana.</span> 
     </span>
    </p>
   </div>
   <div class='ocr_carea' id='block_1_4' title="bbox 647 932 817 973">
    <p class='ocr_par' dir='ltr' id='par_1_4' title="bbox 647 932 817 973">
     <span class='ocr_line' id='line_1_13' title="bbox 647 932 817 973; baseline -0.018 -8"><span class='ocrx_word' id='word_1_74' title='bbox 647 932 817 973; x_wconf 76' lang='lat' dir='ltr'>Epilogus.</span> 
     </span>
    </p>
   </div>
   <div class='ocr_carea' id='block_1_5' title="bbox 219 1007 1250 1481">
    <p class='ocr_par' dir='ltr' id='par_1_5' title="bbox 219 1007 1250 1481">
     <span class='ocr_line' id='line_1_14' title="bbox 268 1007 1246 1057; baseline -0.01 -9"><span class='ocrx_word' id='word_1_75' title='bbox 268 1013 309 1048; x_wconf 86' lang='lat' dir='ltr'>Et</span> <span class='ocrx_word' id='word_1_76' title='bbox 328 1011 403 1048; x_wconf 89' lang='lat' dir='ltr'>hoc</span> <span class='ocrx_word' id='word_1_77' title='bbox 435 1014 509 1057; x_wconf 90' lang='lat' dir='ltr'>est,</span> <span class='ocrx_word' id='word_1_78' title='bbox 531 1009 641 1057; x_wconf 86' lang='lat' dir='ltr'>quod</span> <span class='ocrx_word' id='word_1_79' title='bbox 663 1009 794 1057; x_wconf 84' lang='lat' dir='ltr'>psallit</span> <span class='ocrx_word' id='word_1_80' title='bbox 818 1007 1032 1055; x_wconf 67' lang='lat' dir='ltr'>Propheta,</span> <span class='ocrx_word' id='word_1_81' title='bbox 1060 1008 1246 1051; x_wconf 85' lang='lat' dir='ltr'>tanquam</span> 
     </span>
     <span class='ocr_line' id='line_1_15' title="bbox 219 1066 1248 1121; baseline -0.01 -11"><span class='ocrx_word' id='word_1_82' title='bbox 219 1084 390 1121; x_wconf 83' lang='lat' dir='ltr'>persona</span> <span class='ocrx_word' id='word_1_83' title='bbox 420 1072 471 1109; x_wconf 88' lang='lat' dir='ltr'>ad</span> <span class='ocrx_word' id='word_1_84' title='bbox 497 1083 673 1109; x_wconf 89' lang='lat' dir='ltr'>amorem</span> <span class='ocrx_word' id='word_1_85' title='bbox 700 1070 869 1107; x_wconf 85' lang='lat' dir='ltr'>veritatis</span> <span class='ocrx_word' id='word_1_86' title='bbox 899 1066 1127 1104; x_wconf 75' lang='lat' dir='ltr'>laetificantis</span> <span class='ocrx_word' id='word_1_87' title='bbox 1158 1075 1248 1112; x_wconf 89' lang='lat' dir='ltr'>pro-</span> 
     </span>
     <span class='ocr_line' id='line_1_16' title="bbox 221 1129 1248 1180; baseline -0.009 -8"><span class='ocrx_word' id='word_1_88' title='bbox 221 1139 359 1172; x_wconf 84' lang='lat' dir='ltr'>vecta:</span> <span class='ocrx_word' id='word_1_89' title='bbox 395 1136 465 1179; x_wconf 74' lang='lat' dir='ltr'>Qui</span> <span class='ocrx_word' id='word_1_90' title='bbox 503 1137 627 1170; x_wconf 81' lang='lat' dir='ltr'>timent</span> <span class='ocrx_word' id='word_1_91' title='bbox 661 1138 713 1178; x_wconf 85' lang='lat' dir='ltr'>te,</span> <span class='ocrx_word' id='word_1_92' title='bbox 742 1135 935 1180; x_wconf 89' lang='lat' dir='ltr'>quantum</span> <span class='ocrx_word' id='word_1_93' title='bbox 970 1129 1021 1166; x_wconf 90' lang='lat' dir='ltr'>ad</span> <span class='ocrx_word' id='word_1_94' title='bbox 1059 1137 1248 1176; x_wconf 85' lang='lat' dir='ltr'>pavorem</span> 
     </span>
     <span class='ocr_line' id='line_1_17' title="bbox 220 1189 1247 1245; baseline -0.009 -11"><span class='ocrx_word' id='word_1_95' title='bbox 220 1197 359 1245; x_wconf 81' lang='lat' dir='ltr'>populi</span> <span class='ocrx_word' id='word_1_96' title='bbox 392 1196 637 1241; x_wconf 77' lang='lat' dir='ltr'>diffidentes3</span> <span class='ocrx_word' id='word_1_97' title='bbox 666 1194 846 1230; x_wconf 54' lang='lat' dir='ltr'>Videbunt</span> <span class='ocrx_word' id='word_1_98' title='bbox 866 1204 943 1237; x_wconf 83' lang='lat' dir='ltr'>me,</span> <span class='ocrx_word' id='word_1_99' title='bbox 971 1193 1161 1239; x_wconf 83' lang='lat' dir='ltr'>quantum</span> <span class='ocrx_word' id='word_1_100' title='bbox 1197 1189 1247 1226; x_wconf 86' lang='lat' dir='ltr'>ad</span> 
     </span>
     <span class='ocr_line' id='line_1_18' title="bbox 221 1251 1248 1306; baseline -0.007 -12"><span class='ocrx_word' id='word_1_101' title='bbox 221 1262 421 1306; x_wconf 74' lang='lat' dir='ltr'>stuporem</span> <span class='ocrx_word' id='word_1_102' title='bbox 442 1258 628 1302; x_wconf 81' lang='lat' dir='ltr'>videntis3</span> <span class='ocrx_word' id='word_1_103' title='bbox 652 1259 697 1292; x_wconf 81' lang='lat' dir='ltr'>Et</span> <span class='ocrx_word' id='word_1_104' title='bbox 726 1257 963 1297; x_wconf 75' lang='lat' dir='ltr'>Iaelabuntur,</span> <span class='ocrx_word' id='word_1_105' title='bbox 985 1256 1174 1301; x_wconf 87' lang='lat' dir='ltr'>quantum</span> <span class='ocrx_word' id='word_1_106' title='bbox 1197 1251 1248 1287; x_wconf 85' lang='lat' dir='ltr'>ad</span> 
     </span>
     <span class='ocr_line' id='line_1_19' title="bbox 223 1316 1250 1364; baseline -0.008 -8"><span class='ocrx_word' id='word_1_107' title='bbox 223 1321 399 1358; x_wconf 81' lang='lat' dir='ltr'>savorem</span> <span class='ocrx_word' id='word_1_108' title='bbox 431 1319 660 1364; x_wconf 84' lang='lat' dir='ltr'>arridentis,</span> <span class='ocrx_word' id='word_1_109' title='bbox 688 1318 751 1354; x_wconf 89' lang='lat' dir='ltr'>vel</span> <span class='ocrx_word' id='word_1_110' title='bbox 779 1316 1059 1363; x_wconf 72' lang='lat' dir='ltr'>aggaudenti53</span> <span class='ocrx_word' id='word_1_111' title='bbox 1093 1316 1186 1358; x_wconf 75' lang='lat' dir='ltr'>inia</span> <span class='ocrx_word' id='word_1_112' title='bbox 1212 1316 1250 1348; x_wconf 64' lang='grc' dir='ltr'>τη</span> 
     </span>
     <span class='ocr_line' id='line_1_20' title="bbox 221 1377 1249 1428; baseline -0.008 -10"><span class='ocrx_word' id='word_1_113' title='bbox 221 1384 325 1419; x_wconf 74' lang='lat' dir='ltr'>rerba</span> <span class='ocrx_word' id='word_1_114' title='bbox 359 1387 421 1418; x_wconf 80' lang='lat' dir='ltr'>tua</span> <span class='ocrx_word' id='word_1_115' title='bbox 455 1382 723 1428; x_wconf 74' lang='lat' dir='ltr'>supersperavi,</span> <span class='ocrx_word' id='word_1_116' title='bbox 762 1381 954 1426; x_wconf 85' lang='lat' dir='ltr'>quantum</span> <span class='ocrx_word' id='word_1_117' title='bbox 987 1377 1038 1413; x_wconf 88' lang='lat' dir='ltr'>ad</span> <span class='ocrx_word' id='word_1_118' title='bbox 1072 1386 1249 1412; x_wconf 85' lang='lat' dir='ltr'>amorem</span> 
     </span>
     <span class='ocr_line' id='line_1_21' title="bbox 221 1443 622 1481; baseline -0.005 -1"><span class='ocrx_word' id='word_1_119' title='bbox 221 1444 357 1481; x_wconf 82' lang='lat' dir='ltr'>famuli</span> <span class='ocrx_word' id='word_1_120' title='bbox 378 1443 622 1480; x_wconf 80' lang='lat' dir='ltr'>considentis.</span> 
     </span>
    </p>
   </div>
   <div class='ocr_carea' id='block_1_6' title="bbox 593 1589 898 1617">
    <p class='ocr_par' dir='ltr' id='par_1_6' title="bbox 593 1589 898 1617">
     <span class='ocr_line' id='line_1_22' title="bbox 593 1589 898 1617; baseline -0.01 0"><span class='ocrx_word' id='word_1_121' title='bbox 593 1590 815 1617; x_wconf 77' lang='lat' dir='ltr'>VERSICULUS</span> <span class='ocrx_word' id='word_1_122' title='bbox 848 1589 898 1615; x_wconf 81' lang='lat' dir='ltr'>XI.</span> 
     </span>
    </p>
   </div>
   <div class='ocr_carea' id='block_1_7' title="bbox 222 1690 1252 2299">
    <p class='ocr_par' dir='ltr' id='par_1_7' title="bbox 222 1690 1252 2299">
     <span class='ocr_line' id='line_1_23' title="bbox 272 1690 1250 1742; baseline -0.01 -9"><span class='ocrx_word' id='word_1_123' title='bbox 272 1700 327 1733; x_wconf 72' lang='lat'>75.</span> <span class='ocrx_word' id='word_1_124' title='bbox 343 1699 509 1742; x_wconf 65' lang='lat' dir='ltr'>t&#39;oflrtovz&#39;,</span> <span class='ocrx_word' id='word_1_125' title='bbox 523 1697 679 1740; x_wconf 77' lang='lat' dir='ltr'>Domine,</span> <span class='ocrx_word' id='word_1_126' title='bbox 690 1696 773 1740; x_wconf 77' lang='lat' dir='ltr'>quia</span> <span class='ocrx_word' id='word_1_127' title='bbox 785 1690 1079 1737; x_wconf 67' lang='lat' dir='ltr'>aequz&#39;tcisjudicia</span> <span class='ocrx_word' id='word_1_128' title='bbox 1091 1692 1250 1733; x_wconf 79' lang='lat' dir='ltr'>tua,etc.</span> 
     </span>
     <span class='ocr_line' id='line_1_24' title="bbox 223 1750 1250 1799; baseline -0.009 -5"><span class='ocrx_word' id='word_1_129' title='bbox 223 1759 428 1796; x_wconf 86' lang='lat' dir='ltr'>Veritatem</span> <span class='ocrx_word' id='word_1_130' title='bbox 448 1757 708 1799; x_wconf 72' lang='lat' dir='ltr'>indicantem,</span> <span class='ocrx_word' id='word_1_131' title='bbox 738 1757 773 1790; x_wconf 90' lang='lat' dir='ltr'>et</span> <span class='ocrx_word' id='word_1_132' title='bbox 799 1752 1059 1789; x_wconf 61' lang='lat' dir='ltr'>laetificantem</span> <span class='ocrx_word' id='word_1_133' title='bbox 1079 1750 1250 1794; x_wconf 75' lang='lat' dir='ltr'>vidistis,</span> 
     </span>
     <span class='ocr_line' id='line_1_25' title="bbox 223 1812 1248 1864; baseline -0.008 -9"><span class='ocrx_word' id='word_1_134' title='bbox 223 1822 252 1857; x_wconf 86' lang='lat' dir='ltr'>si</span> <span class='ocrx_word' id='word_1_135' title='bbox 291 1819 492 1864; x_wconf 80' lang='lat' dir='ltr'>voluistis,</span> <span class='ocrx_word' id='word_1_136' title='bbox 528 1819 567 1854; x_wconf 90' lang='lat' dir='ltr'>in</span> <span class='ocrx_word' id='word_1_137' title='bbox 600 1817 756 1853; x_wconf 83' lang='lat' dir='ltr'>duobus</span> <span class='ocrx_word' id='word_1_138' title='bbox 789 1815 967 1851; x_wconf 82' lang='lat' dir='ltr'>versibus</span> <span class='ocrx_word' id='word_1_139' title='bbox 1004 1812 1248 1861; x_wconf 47' lang='lat' dir='ltr'>praenotati&amp;</span> 
     </span>
     <span class='ocr_line' id='line_1_26' title="bbox 222 1874 1251 1927; baseline -0.01 -8"><span class='ocrx_word' id='word_1_140' title='bbox 222 1883 423 1919; x_wconf 86' lang='lat' dir='ltr'>veritatem</span> <span class='ocrx_word' id='word_1_141' title='bbox 457 1881 699 1927; x_wconf 82' lang='lat' dir='ltr'>judicantem</span> <span class='ocrx_word' id='word_1_142' title='bbox 736 1878 934 1922; x_wconf 73' lang='lat' dir='ltr'>videtote,</span> <span class='ocrx_word' id='word_1_143' title='bbox 966 1876 996 1911; x_wconf 88' lang='lat' dir='ltr'>si</span> <span class='ocrx_word' id='word_1_144' title='bbox 1035 1875 1171 1919; x_wconf 78' lang='lat' dir='ltr'>vultis,</span> <span class='ocrx_word' id='word_1_145' title='bbox 1211 1874 1251 1910; x_wconf 89' lang='lat' dir='ltr'>in</span> 
     </span>
     <span class='ocr_line' id='line_1_27' title="bbox 223 1937 1250 1990; baseline -0.01 -9"><span class='ocrx_word' id='word_1_146' title='bbox 223 1948 356 1981; x_wconf 86' lang='lat' dir='ltr'>tenore</span> <span class='ocrx_word' id='word_1_147' title='bbox 394 1942 619 1990; x_wconf 87' lang='lat' dir='ltr'>quadrifido</span> <span class='ocrx_word' id='word_1_148' title='bbox 656 1951 791 1977; x_wconf 86' lang='lat' dir='ltr'>versus</span> <span class='ocrx_word' id='word_1_149' title='bbox 828 1937 1052 1986; x_wconf 78' lang='lat' dir='ltr'>praeseniis,</span> <span class='ocrx_word' id='word_1_150' title='bbox 1092 1937 1132 1972; x_wconf 89' lang='lat' dir='ltr'>in</span> <span class='ocrx_word' id='word_1_151' title='bbox 1170 1946 1250 1983; x_wconf 88' lang='lat' dir='ltr'>quo</span> 
     </span>
     <span class='ocr_line' id='line_1_28' title="bbox 222 1997 1252 2043; baseline -0.009 -1"><span class='ocrx_word' id='word_1_152' title='bbox 222 2006 368 2043; x_wconf 89' lang='lat' dir='ltr'>relucet</span> <span class='ocrx_word' id='word_1_153' title='bbox 404 2004 570 2041; x_wconf 80' lang='lat' dir='ltr'>veritatis</span> <span class='ocrx_word' id='word_1_154' title='bbox 605 2003 738 2040; x_wconf 86' lang='lat' dir='ltr'>radius</span> <span class='ocrx_word' id='word_1_155' title='bbox 765 2000 997 2037; x_wconf 82' lang='lat' dir='ltr'>indicativus</span> <span class='ocrx_word' id='word_1_156' title='bbox 1036 1997 1252 2035; x_wconf 79' lang='lat' dir='ltr'>coelestium</span> 
     </span>
     <span class='ocr_line' id='line_1_29' title="bbox 223 2060 1251 2112; baseline -0.01 -7"><span class='ocrx_word' id='word_1_157' title='bbox 223 2068 490 2112; x_wconf 91' lang='lat' dir='ltr'>decretorum,</span> <span class='ocrx_word' id='word_1_158' title='bbox 513 2070 547 2103; x_wconf 91' lang='lat' dir='ltr'>et</span> <span class='ocrx_word' id='word_1_159' title='bbox 566 2065 700 2102; x_wconf 84' lang='lat' dir='ltr'>radius</span> <span class='ocrx_word' id='word_1_160' title='bbox 726 2063 902 2111; x_wconf 88' lang='lat' dir='ltr'>ejusdem</span> <span class='ocrx_word' id='word_1_161' title='bbox 921 2060 1158 2109; x_wconf 88' lang='lat' dir='ltr'>judicativus</span> <span class='ocrx_word' id='word_1_162' title='bbox 1178 2061 1251 2095; x_wconf 87' lang='lat' dir='ltr'>ter-</span> 
     </span>
     <span class='ocr_line' id='line_1_30' title="bbox 222 2122 1251 2174; baseline -0.01 -7"><span class='ocrx_word' id='word_1_163' title='bbox 222 2131 401 2167; x_wconf 85' lang='lat' dir='ltr'>restrium</span> <span class='ocrx_word' id='word_1_164' title='bbox 421 2129 677 2165; x_wconf 83' lang='lat' dir='ltr'>delictorum:</span> <span class='ocrx_word' id='word_1_165' title='bbox 701 2136 870 2174; x_wconf 86' lang='lat' dir='ltr'>quorum</span> <span class='ocrx_word' id='word_1_166' title='bbox 890 2124 1065 2172; x_wconf 90' lang='lat' dir='ltr'>primum</span> <span class='ocrx_word' id='word_1_167' title='bbox 1086 2122 1251 2170; x_wconf 80' lang='lat' dir='ltr'>pertinet</span> 
     </span>
     <span class='ocr_line' id='line_1_31' title="bbox 224 2184 1251 2236; baseline -0.009 -8"><span class='ocrx_word' id='word_1_168' title='bbox 224 2193 274 2228; x_wconf 88' lang='lat' dir='ltr'>ad</span> <span class='ocrx_word' id='word_1_169' title='bbox 296 2192 497 2236; x_wconf 80' lang='lat' dir='ltr'>notitiam3</span> <span class='ocrx_word' id='word_1_170' title='bbox 520 2189 752 2234; x_wconf 87' lang='lat' dir='ltr'>secundum,</span> <span class='ocrx_word' id='word_1_171' title='bbox 781 2187 832 2224; x_wconf 91' lang='lat' dir='ltr'>ad</span> <span class='ocrx_word' id='word_1_172' title='bbox 848 2186 1062 2233; x_wconf 85' lang='lat' dir='ltr'>justitiam3</span> <span class='ocrx_word' id='word_1_173' title='bbox 1082 2184 1251 2229; x_wconf 88' lang='lat' dir='ltr'>tertium,</span> 
     </span>
     <span class='ocr_line' id='line_1_32' title="bbox 224 2246 1250 2299; baseline -0.01 -8"><span class='ocrx_word' id='word_1_174' title='bbox 224 2255 275 2290; x_wconf 82' lang='lat' dir='ltr'>ad</span> <span class='ocrx_word' id='word_1_175' title='bbox 295 2253 551 2298; x_wconf 83' lang='lat' dir='ltr'>sententiam;</span> <span class='ocrx_word' id='word_1_176' title='bbox 574 2254 778 2299; x_wconf 85' lang='lat' dir='ltr'>quartum,</span> <span class='ocrx_word' id='word_1_177' title='bbox 801 2249 853 2286; x_wconf 87' lang='lat' dir='ltr'>ad</span> <span class='ocrx_word' id='word_1_178' title='bbox 878 2249 1036 2284; x_wconf 85' lang='lat' dir='ltr'>inanem</span> <span class='ocrx_word' id='word_1_179' title='bbox 1069 2246 1250 2293; x_wconf 76' lang='lat' dir='ltr'>gloriam.</span> 
     </span>
    </p>
   </div>
   <div class='ocr_carea' id='block_1_8' title="bbox 555 2355 918 2400">
    <p class='ocr_par' dir='ltr' id='par_1_8' title="bbox 555 2355 918 2400">
     <span class='ocr_line' id='line_1_33' title="bbox 555 2355 918 2400; baseline -0.008 -9"><span class='ocrx_word' id='word_1_180' title='bbox 555 2356 743 2391; x_wconf 78' lang='lat' dir='ltr'>Articulus</span> <span class='ocrx_word' id='word_1_181' title='bbox 768 2355 918 2400; x_wconf 74' lang='lat' dir='ltr'>primus.</span> 
     </span>
    </p>
   </div>
   <div class='ocr_carea' id='block_1_9' title="bbox 226 2433 1261 3417">
    <p class='ocr_par' dir='ltr' id='par_1_9' title="bbox 226 2433 1261 3417">
     <span class='ocr_line' id='line_1_34' title="bbox 272 2433 1252 2489; baseline -0.01 -10"><span class='ocrx_word' id='word_1_182' title='bbox 272 2441 328 2478; x_wconf 81' lang='lat' dir='ltr'>Ad</span> <span class='ocrx_word' id='word_1_183' title='bbox 348 2441 521 2489; x_wconf 88' lang='lat' dir='ltr'>primum</span> <span class='ocrx_word' id='word_1_184' title='bbox 541 2441 699 2487; x_wconf 85' lang='lat' dir='ltr'>spectat,</span> <span class='ocrx_word' id='word_1_185' title='bbox 719 2437 829 2485; x_wconf 87' lang='lat' dir='ltr'>quod</span> <span class='ocrx_word' id='word_1_186' title='bbox 849 2435 1041 2483; x_wconf 83' lang='lat' dir='ltr'>Propheta</span> <span class='ocrx_word' id='word_1_187' title='bbox 1056 2433 1252 2482; x_wconf 74' lang='lat' dir='ltr'>praelibat:</span> 
     </span>
     <span class='ocr_line' id='line_1_35' title="bbox 228 2496 1256 2550; baseline -0.008 -11"><span class='ocrx_word' id='word_1_188' title='bbox 228 2506 396 2550; x_wconf 64' lang='lat' dir='ltr'>Cognovi,</span> <span class='ocrx_word' id='word_1_189' title='bbox 417 2498 910 2547; x_wconf 78' lang='lat' dir='ltr'>Domine,scilicetveritatis</span> <span class='ocrx_word' id='word_1_190' title='bbox 930 2500 1004 2534; x_wconf 81' lang='lat' dir='ltr'>tuae</span> <span class='ocrx_word' id='word_1_191' title='bbox 1024 2496 1136 2533; x_wconf 88' lang='lat' dir='ltr'>radio</span> <span class='ocrx_word' id='word_1_192' title='bbox 1157 2496 1256 2532; x_wconf 89' lang='lat' dir='ltr'>indi-</span> 
     </span>
     <span class='ocr_line' id='line_1_36' title="bbox 226 2559 1254 2604; baseline -0.01 0"><span class='ocrx_word' id='word_1_193' title='bbox 226 2570 357 2604; x_wconf 85' lang='lat' dir='ltr'>cante:</span> <span class='ocrx_word' id='word_1_194' title='bbox 381 2566 454 2602; x_wconf 89' lang='lat' dir='ltr'>nisi</span> <span class='ocrx_word' id='word_1_195' title='bbox 473 2565 577 2601; x_wconf 85' lang='lat' dir='ltr'>enim</span> <span class='ocrx_word' id='word_1_196' title='bbox 596 2563 729 2600; x_wconf 90' lang='lat' dir='ltr'>radius</span> <span class='ocrx_word' id='word_1_197' title='bbox 751 2561 893 2598; x_wconf 78' lang='lat' dir='ltr'>divinae</span> <span class='ocrx_word' id='word_1_198' title='bbox 913 2559 1084 2596; x_wconf 85' lang='lat' dir='ltr'>veritatis</span> <span class='ocrx_word' id='word_1_199' title='bbox 1103 2559 1142 2595; x_wconf 90' lang='lat' dir='ltr'>in</span> <span class='ocrx_word' id='word_1_200' title='bbox 1164 2569 1254 2596; x_wconf 89' lang='lat' dir='ltr'>ocu-</span> 
     </span>
     <span class='ocr_line' id='line_1_37' title="bbox 226 2620 1255 2671; baseline -0.011 -4"><span class='ocrx_word' id='word_1_201' title='bbox 226 2631 309 2666; x_wconf 91' lang='lat' dir='ltr'>lum</span> <span class='ocrx_word' id='word_1_202' title='bbox 333 2627 494 2666; x_wconf 84' lang='lat' dir='ltr'>rationis</span> <span class='ocrx_word' id='word_1_203' title='bbox 520 2626 728 2671; x_wconf 81' lang='lat' dir='ltr'>incideret,</span> <span class='ocrx_word' id='word_1_204' title='bbox 756 2623 918 2660; x_wconf 88' lang='lat' dir='ltr'>rationis</span> <span class='ocrx_word' id='word_1_205' title='bbox 940 2621 1076 2659; x_wconf 87' lang='lat' dir='ltr'>oculus</span> <span class='ocrx_word' id='word_1_206' title='bbox 1095 2632 1176 2658; x_wconf 91' lang='lat' dir='ltr'>non</span> <span class='ocrx_word' id='word_1_207' title='bbox 1196 2620 1255 2656; x_wconf 83' lang='lat' dir='ltr'>vi-</span> 
     </span>
     <span class='ocr_line' id='line_1_38' title="bbox 228 2684 1255 2736; baseline -0.01 -7"><span class='ocrx_word' id='word_1_208' title='bbox 228 2693 348 2729; x_wconf 88' lang='lat' dir='ltr'>deret.</span> <span class='ocrx_word' id='word_1_209' title='bbox 375 2693 415 2727; x_wconf 83' lang='lat' dir='ltr'>Et</span> <span class='ocrx_word' id='word_1_210' title='bbox 433 2693 545 2734; x_wconf 84' lang='lat' dir='ltr'>nota,</span> <span class='ocrx_word' id='word_1_211' title='bbox 569 2688 678 2736; x_wconf 86' lang='lat' dir='ltr'>quod</span> <span class='ocrx_word' id='word_1_212' title='bbox 697 2686 893 2723; x_wconf 86' lang='lat' dir='ltr'>mediante</span> <span class='ocrx_word' id='word_1_213' title='bbox 912 2686 988 2722; x_wconf 88' lang='lat' dir='ltr'>hoc</span> <span class='ocrx_word' id='word_1_214' title='bbox 1008 2684 1178 2721; x_wconf 86' lang='lat' dir='ltr'>veritatis</span> <span class='ocrx_word' id='word_1_215' title='bbox 1196 2693 1255 2720; x_wconf 67' lang='lat'>1⁸2-</span> 
     </span>
     <span class='ocr_line' id='line_1_39' title="bbox 229 2747 1256 2801; baseline -0.01 -9"><span class='ocrx_word' id='word_1_216' title='bbox 229 2755 309 2801; x_wconf 90' lang='lat' dir='ltr'>dio‚</span> <span class='ocrx_word' id='word_1_217' title='bbox 332 2754 446 2791; x_wconf 91' lang='lat' dir='ltr'>datur</span> <span class='ocrx_word' id='word_1_218' title='bbox 469 2751 585 2789; x_wconf 85' lang='lat' dir='ltr'>alicui</span> <span class='ocrx_word' id='word_1_219' title='bbox 607 2753 843 2787; x_wconf 88' lang='lat' dir='ltr'>secretorum</span> <span class='ocrx_word' id='word_1_220' title='bbox 864 2747 1057 2795; x_wconf 74' lang='lat' dir='ltr'>cognitio,</span> <span class='ocrx_word' id='word_1_221' title='bbox 1077 2748 1256 2794; x_wconf 86' lang='lat' dir='ltr'>respectu</span> 
     </span>
     <span class='ocr_line' id='line_1_40' title="bbox 229 2810 1255 2863; baseline -0.009 -10"><span class='ocrx_word' id='word_1_222' title='bbox 229 2817 308 2862; x_wconf 90' lang='lat' dir='ltr'>Dei,</span> <span class='ocrx_word' id='word_1_223' title='bbox 328 2818 503 2863; x_wconf 81' lang='lat' dir='ltr'>respectu</span> <span class='ocrx_word' id='word_1_224' title='bbox 532 2813 606 2860; x_wconf 87' lang='lat' dir='ltr'>sui,</span> <span class='ocrx_word' id='word_1_225' title='bbox 633 2814 811 2860; x_wconf 86' lang='lat' dir='ltr'>respectu</span> <span class='ocrx_word' id='word_1_226' title='bbox 839 2810 1035 2859; x_wconf 75' lang='lat' dir='ltr'>proximi.-</span> <span class='ocrx_word' id='word_1_227' title='bbox 1063 2811 1255 2857; x_wconf 87' lang='lat' dir='ltr'>quantum</span> 
     </span>
     <span class='ocr_line' id='line_1_41' title="bbox 229 2870 1256 2924; baseline -0.008 -10"><span class='ocrx_word' id='word_1_228' title='bbox 229 2877 280 2914; x_wconf 88' lang='lat' dir='ltr'>ad</span> <span class='ocrx_word' id='word_1_229' title='bbox 304 2880 486 2914; x_wconf 86' lang='lat' dir='ltr'>aeternam</span> <span class='ocrx_word' id='word_1_230' title='bbox 512 2873 793 2924; x_wconf 61' lang='lat' dir='ltr'>praescientiam</span> <span class='ocrx_word' id='word_1_231' title='bbox 803 2886 813 2919; x_wconf 89' lang='lat'>;</span> <span class='ocrx_word' id='word_1_232' title='bbox 841 2875 1032 2920; x_wconf 89' lang='lat' dir='ltr'>quantum</span> <span class='ocrx_word' id='word_1_233' title='bbox 1059 2871 1112 2908; x_wconf 88' lang='lat' dir='ltr'>ad</span> <span class='ocrx_word' id='word_1_234' title='bbox 1137 2870 1256 2907; x_wconf 89' lang='lat' dir='ltr'>inter-</span> 
     </span>
     <span class='ocr_line' id='line_1_42' title="bbox 228 2933 1258 2986; baseline -0.008 -9"><span class='ocrx_word' id='word_1_235' title='bbox 228 2951 321 2977; x_wconf 87' lang='lat' dir='ltr'>nam</span> <span class='ocrx_word' id='word_1_236' title='bbox 341 2939 525 2986; x_wconf 81' lang='lat' dir='ltr'>gratiam;</span> <span class='ocrx_word' id='word_1_237' title='bbox 549 2939 739 2985; x_wconf 90' lang='lat' dir='ltr'>quantum</span> <span class='ocrx_word' id='word_1_238' title='bbox 758 2935 810 2972; x_wconf 90' lang='lat' dir='ltr'>ad</span> <span class='ocrx_word' id='word_1_239' title='bbox 828 2935 1039 2972; x_wconf 83' lang='lat' dir='ltr'>fraternam</span> <span class='ocrx_word' id='word_1_240' title='bbox 1060 2933 1258 2970; x_wconf 87' lang='lat' dir='ltr'>conscien-</span> 
     </span>
     <span class='ocr_line' id='line_1_43' title="bbox 228 2996 1258 3048; baseline -0.009 -8"><span class='ocrx_word' id='word_1_241' title='bbox 228 3003 336 3040; x_wconf 84' lang='lat' dir='ltr'>tiam.</span> <span class='ocrx_word' id='word_1_242' title='bbox 357 3003 408 3038; x_wconf 89' lang='lat' dir='ltr'>De</span> <span class='ocrx_word' id='word_1_243' title='bbox 427 3000 556 3048; x_wconf 89' lang='lat' dir='ltr'>primo</span> <span class='ocrx_word' id='word_1_244' title='bbox 585 3009 655 3046; x_wconf 90' lang='lat' dir='ltr'>per</span> <span class='ocrx_word' id='word_1_245' title='bbox 675 2997 908 3045; x_wconf 87' lang='lat' dir='ltr'>Prophetam</span> <span class='ocrx_word' id='word_1_246' title='bbox 927 2996 1105 3044; x_wconf 87' lang='lat' dir='ltr'>psallitur</span> <span class='ocrx_word' id='word_1_247' title='bbox 1118 2996 1130 3017; x_wconf 59' lang='lat'>³</span> <span class='ocrx_word' id='word_1_248' title='bbox 1147 3008 1155 3032; x_wconf 90' lang='lat'><strong>:</strong></span> <span class='ocrx_word' id='word_1_249' title='bbox 1182 3010 1198 3028; x_wconf 90' lang='lat'>«</span> <span class='ocrx_word' id='word_1_250' title='bbox 1217 2998 1258 3032; x_wconf 86' lang='lat' dir='ltr'>ln</span> 
     </span>
     <span class='ocr_line' id='line_1_44' title="bbox 229 3057 1257 3110; baseline -0.009 -8"><span class='ocrx_word' id='word_1_251' title='bbox 229 3066 303 3102; x_wconf 90' lang='lat' dir='ltr'>hoc</span> <span class='ocrx_word' id='word_1_252' title='bbox 336 3062 521 3110; x_wconf 82' lang='lat' dir='ltr'>cognovi,</span> <span class='ocrx_word' id='word_1_253' title='bbox 554 3060 744 3109; x_wconf 87' lang='lat' dir='ltr'>quoniam</span> <span class='ocrx_word' id='word_1_254' title='bbox 769 3058 927 3095; x_wconf 82' lang='lat' dir='ltr'>voluisti</span> <span class='ocrx_word' id='word_1_255' title='bbox 954 3069 1040 3104; x_wconf 84' lang='lat' dir='ltr'>me3</span> <span class='ocrx_word' id='word_1_256' title='bbox 1068 3057 1257 3106; x_wconf 90' lang='lat' dir='ltr'>quoniam</span> 
     </span>
     <span class='ocr_line' id='line_1_45' title="bbox 230 3119 1258 3174; baseline -0.01 -9"><span class='ocrx_word' id='word_1_257' title='bbox 230 3138 311 3164; x_wconf 91' lang='lat' dir='ltr'>non</span> <span class='ocrx_word' id='word_1_258' title='bbox 330 3125 518 3174; x_wconf 86' lang='lat' dir='ltr'>gaudebit</span> <span class='ocrx_word' id='word_1_259' title='bbox 536 3122 717 3160; x_wconf 89' lang='lat' dir='ltr'>inimicus</span> <span class='ocrx_word' id='word_1_260' title='bbox 739 3131 851 3157; x_wconf 91' lang='lat' dir='ltr'>meus</span> <span class='ocrx_word' id='word_1_261' title='bbox 870 3131 987 3168; x_wconf 86' lang='lat' dir='ltr'>super</span> <span class='ocrx_word' id='word_1_262' title='bbox 1006 3130 1088 3166; x_wconf 81' lang='lat' dir='ltr'>me3</span> <span class='ocrx_word' id='word_1_263' title='bbox 1106 3133 1124 3154; x_wconf 82' lang='grc'>»</span> <span class='ocrx_word' id='word_1_264' title='bbox 1146 3119 1258 3167; x_wconf 87' lang='lat' dir='ltr'>quasi</span> 
     </span>
     <span class='ocr_line' id='line_1_46' title="bbox 232 3181 1259 3236; baseline -0.01 -10"><span class='ocrx_word' id='word_1_265' title='bbox 232 3189 335 3226; x_wconf 88' lang='lat' dir='ltr'>dicat</span> <span class='ocrx_word' id='word_1_266' title='bbox 355 3189 486 3236; x_wconf 88' lang='lat' dir='ltr'>aperte</span> <span class='ocrx_word' id='word_1_267' title='bbox 509 3198 517 3222; x_wconf 91' lang='lat'><strong>:</strong></span> <span class='ocrx_word' id='word_1_268' title='bbox 539 3187 580 3223; x_wconf 94' lang='lat' dir='ltr'>ln</span> <span class='ocrx_word' id='word_1_269' title='bbox 599 3184 674 3221; x_wconf 85' lang='lat' dir='ltr'>hoc</span> <span class='ocrx_word' id='word_1_270' title='bbox 700 3182 870 3230; x_wconf 83' lang='lat' dir='ltr'>cognovi</span> <span class='ocrx_word' id='word_1_271' title='bbox 890 3181 1132 3218; x_wconf 82' lang='lat' dir='ltr'>voluntatem</span> <span class='ocrx_word' id='word_1_272' title='bbox 1151 3183 1259 3217; x_wconf 87' lang='lat' dir='ltr'>tuam</span> 
     </span>
     <span class='ocr_line' id='line_1_47' title="bbox 234 3243 1260 3297; baseline -0.011 -8"><span class='ocrx_word' id='word_1_273' title='bbox 234 3251 471 3295; x_wconf 90' lang='lat' dir='ltr'>electricem,</span> <span class='ocrx_word' id='word_1_274' title='bbox 492 3248 602 3297; x_wconf 81' lang='lat' dir='ltr'>quod</span> <span class='ocrx_word' id='word_1_275' title='bbox 629 3246 750 3284; x_wconf 81' lang='lat' dir='ltr'>fecisti</span> <span class='ocrx_word' id='word_1_276' title='bbox 771 3244 1013 3282; x_wconf 89' lang='lat' dir='ltr'>voluntatem</span> <span class='ocrx_word' id='word_1_277' title='bbox 1031 3253 1162 3280; x_wconf 88' lang='lat' dir='ltr'>meam</span> <span class='ocrx_word' id='word_1_278' title='bbox 1180 3243 1260 3279; x_wconf 90' lang='lat' dir='ltr'>vic—</span> 
     </span>
     <span class='ocr_line' id='line_1_48' title="bbox 233 3305 1260 3354; baseline -0.011 -3"><span class='ocrx_word' id='word_1_279' title='bbox 233 3314 381 3351; x_wconf 83' lang='lat' dir='ltr'>tricem.</span> <span class='ocrx_word' id='word_1_280' title='bbox 414 3312 595 3350; x_wconf 86' lang='lat' dir='ltr'>Probatio</span> <span class='ocrx_word' id='word_1_281' title='bbox 622 3310 726 3348; x_wconf 90' lang='lat' dir='ltr'>enim</span> <span class='ocrx_word' id='word_1_282' title='bbox 762 3306 985 3352; x_wconf 81' lang='lat' dir='ltr'>electionis,</span> <span class='ocrx_word' id='word_1_283' title='bbox 1015 3308 1070 3343; x_wconf 89' lang='lat' dir='ltr'>est</span> <span class='ocrx_word' id='word_1_284' title='bbox 1100 3305 1260 3354; x_wconf 87' lang='lat' dir='ltr'>propul-</span> 
     </span>
     <span class='ocr_line' id='line_1_49' title="bbox 235 3369 1261 3417; baseline -0.009 -5"><span class='ocrx_word' id='word_1_285' title='bbox 235 3376 332 3412; x_wconf 87' lang='lat' dir='ltr'>satio</span> <span class='ocrx_word' id='word_1_286' title='bbox 365 3373 599 3412; x_wconf 82' lang='lat' dir='ltr'>tentationis.</span> <span class='ocrx_word' id='word_1_287' title='bbox 639 3375 734 3409; x_wconf 88' lang='lat' dir='ltr'>Ecce</span> <span class='ocrx_word' id='word_1_288' title='bbox 769 3369 941 3417; x_wconf 84' lang='lat' dir='ltr'>cognitio</span> <span class='ocrx_word' id='word_1_289' title='bbox 979 3370 1130 3405; x_wconf 84' lang='lat' dir='ltr'>aeternae</span> <span class='ocrx_word' id='word_1_290' title='bbox 1164 3377 1261 3414; x_wconf 80' lang='lat' dir='ltr'>prae·</span> 
     </span>
    </p>
   </div>
   <div class='ocr_carea' id='block_1_10' title="bbox 237 3452 1261 3544">
    <p class='ocr_par' dir='ltr' id='par_1_10' title="bbox 237 3452 1261 3544">
     <span class='ocr_line' id='line_1_50' title="bbox 279 3452 1260 3498; baseline -0.008 -8"><span class='ocrx_word' id='word_1_291' title='bbox 279 3460 286 3477; x_wconf 92' lang='grc'>“·</span> <span class='ocrx_word' id='word_1_292' title='bbox 308 3459 395 3495; x_wconf 59' lang='lat' dir='ltr'>Luc„</span> <span class='ocrx_word' id='word_1_293' title='bbox 423 3465 499 3498; x_wconf 62' lang='lat' dir='ltr'>xxi,</span> <span class='ocrx_word' id='word_1_294' title='bbox 531 3459 582 3489; x_wconf 78' lang='lat'>33.</span> <span class='ocrx_word' id='word_1_295' title='bbox 609 3474 644 3480; x_wconf 93' lang='lat'>—-</span> <span class='ocrx_word' id='word_1_296' title='bbox 670 3457 684 3477; x_wconf 81' lang='lat'><strong>²</strong></span> <span class='ocrx_word' id='word_1_297' title='bbox 704 3454 791 3487; x_wconf 80' lang='lat' dir='ltr'>Psal.</span> <span class='ocrx_word' id='word_1_298' title='bbox 816 3455 901 3494; x_wconf 84' lang='lat' dir='ltr'>hoe,</span> <span class='ocrx_word' id='word_1_299' title='bbox 922 3454 973 3485; x_wconf 85' lang='lat'>38.</span> <span class='ocrx_word' id='word_1_300' title='bbox 994 3469 1034 3476; x_wconf 92' lang='lat'>—</span> <span class='ocrx_word' id='word_1_301' title='bbox 1057 3452 1069 3471; x_wconf 85' lang='lat'>³</span> <span class='ocrx_word' id='word_1_302' title='bbox 1088 3452 1194 3490; x_wconf 68' lang='lat' dir='ltr'>Jocm„</span> <span class='ocrx_word' id='word_1_303' title='bbox 1214 3459 1260 3491; x_wconf 83' lang='lat' dir='ltr'>vi,</span> 
     </span>
     <span class='ocr_line' id='line_1_51' title="bbox 237 3499 1261 3544; baseline -0.01 -3"><span class='ocrx_word' id='word_1_304' title='bbox 237 3511 287 3541; x_wconf 83' lang='grc'>69.</span> <span class='ocrx_word' id='word_1_305' title='bbox 310 3524 345 3529; x_wconf 90' lang='grc'><strong>-</strong></span> <span class='ocrx_word' id='word_1_306' title='bbox 371 3507 385 3528; x_wconf 72' lang='lat'><strong>⁴</strong></span> <span class='ocrx_word' id='word_1_307' title='bbox 408 3505 497 3537; x_wconf 74' lang='lat' dir='ltr'>Psal.</span> <span class='ocrx_word' id='word_1_308' title='bbox 519 3513 575 3544; x_wconf 68' lang='grc' dir='ltr'>η,</span> <span class='ocrx_word' id='word_1_309' title='bbox 604 3507 652 3536; x_wconf 77' lang='grc'>12.</span> <span class='ocrx_word' id='word_1_310' title='bbox 674 3521 714 3527; x_wconf 90' lang='grc'>-</span> <span class='ocrx_word' id='word_1_311' title='bbox 739 3503 752 3526; x_wconf 74' lang='lat'>⁵</span> <span class='ocrx_word' id='word_1_312' title='bbox 771 3502 859 3535; x_wconf 73' lang='lat' dir='ltr'>Psul.</span> <span class='ocrx_word' id='word_1_313' title='bbox 887 3509 940 3541; x_wconf 77' lang='lat' dir='ltr'>LV,</span> <span class='ocrx_word' id='word_1_314' title='bbox 964 3501 1013 3532; x_wconf 81' lang='lat'>10.</span> <span class='ocrx_word' id='word_1_315' title='bbox 1033 3518 1073 3523; x_wconf 90' lang='lat'><strong>—</strong></span> <span class='ocrx_word' id='word_1_316' title='bbox 1093 3499 1106 3520; x_wconf 71' lang='grc' dir='ltr'><strong>θ</strong></span> <span class='ocrx_word' id='word_1_317' title='bbox 1128 3500 1261 3540; x_wconf 78' lang='lat' dir='ltr'>Jerem.,</span> 
     </span>
    </p>
   </div>
   <div class='ocr_carea' id='block_1_11' title="bbox 918 235 1656 279">
    <p class='ocr_par' dir='ltr' id='par_1_11' title="bbox 918 235 1656 279">
     <span class='ocr_line' id='line_1_52' title="bbox 918 235 1656 279; baseline 0 0"><span class='ocrx_word' id='word_1_318' title='bbox 918 235 1193 279; x_wconf 73' lang='lat' dir='ltr'>EXPOSl&#39;l‘lO</span> <span class='ocrx_word' id='word_1_319' title='bbox 1223 235 1274 276; x_wconf 82' lang='grc' dir='ltr'>ΙΝ</span> <span class='ocrx_word' id='word_1_320' title='bbox 1304 235 1656 279; x_wconf 82' lang='lat' dir='ltr'>PSALTERIUM.</span> 
     </span>
    </p>
   </div>
   <div class='ocr_carea' id='block_1_12' title="bbox 1321 324 2356 1053">
    <p class='ocr_par' dir='ltr' id='par_1_12' title="bbox 1321 324 2356 1053">
     <span class='ocr_line' id='line_1_53' title="bbox 1321 324 2345 372; baseline 0.003 -11"><span class='ocrx_word' id='word_1_321' title='bbox 1321 325 1502 362; x_wconf 72' lang='lat' dir='ltr'>scientiae.</span> <span class='ocrx_word' id='word_1_322' title='bbox 1526 328 1576 362; x_wconf 87' lang='lat' dir='ltr'>De</span> <span class='ocrx_word' id='word_1_323' title='bbox 1596 325 1769 362; x_wconf 86' lang='lat' dir='ltr'>secundo</span> <span class='ocrx_word' id='word_1_324' title='bbox 1790 335 1860 372; x_wconf 87' lang='lat' dir='ltr'>per</span> <span class='ocrx_word' id='word_1_325' title='bbox 1879 324 2121 362; x_wconf 78' lang='lat' dir='ltr'>psalmistam</span> <span class='ocrx_word' id='word_1_326' title='bbox 2141 327 2289 364; x_wconf 87' lang='lat' dir='ltr'>canitur</span> <span class='ocrx_word' id='word_1_327' title='bbox 2307 329 2320 350; x_wconf 84' lang='lat'>⁵</span> <span class='ocrx_word' id='word_1_328' title='bbox 2337 340 2345 364; x_wconf 73' lang='grc' dir='ltr'>ε</span> 
     </span>
     <span class='ocr_line' id='line_1_54' title="bbox 1326 387 2351 436; baseline 0.005 -15"><span class='ocrx_word' id='word_1_329' title='bbox 1326 399 1343 421; x_wconf 78' lang='grc' dir='ltr'>α</span> <span class='ocrx_word' id='word_1_330' title='bbox 1363 388 1403 423; x_wconf 84' lang='lat' dir='ltr'>In</span> <span class='ocrx_word' id='word_1_331' title='bbox 1423 398 1674 436; x_wconf 82' lang='lat' dir='ltr'>quacumque</span> <span class='ocrx_word' id='word_1_332' title='bbox 1696 387 1759 424; x_wconf 87' lang='lat' dir='ltr'>die</span> <span class='ocrx_word' id='word_1_333' title='bbox 1779 387 2015 425; x_wconf 83' lang='lat' dir='ltr'>invocavero</span> <span class='ocrx_word' id='word_1_334' title='bbox 2032 390 2083 432; x_wconf 89' lang='lat' dir='ltr'>te,</span> <span class='ocrx_word' id='word_1_335' title='bbox 2104 398 2191 424; x_wconf 87' lang='lat' dir='ltr'>ecce</span> <span class='ocrx_word' id='word_1_336' title='bbox 2207 399 2351 436; x_wconf 86' lang='lat' dir='ltr'>cogno-</span> 
     </span>
     <span class='ocr_line' id='line_1_55' title="bbox 1322 447 2348 496; baseline 0.003 -12"><span class='ocrx_word' id='word_1_337' title='bbox 1322 449 1375 494; x_wconf 83' lang='lat' dir='ltr'>vi,</span> <span class='ocrx_word' id='word_1_338' title='bbox 1385 449 1574 496; x_wconf 83' lang='lat' dir='ltr'>quoniam</span> <span class='ocrx_word' id='word_1_339' title='bbox 1590 451 1688 486; x_wconf 90' lang='lat' dir='ltr'>Deus</span> <span class='ocrx_word' id='word_1_340' title='bbox 1702 460 1812 485; x_wconf 89' lang='lat' dir='ltr'>meus</span> <span class='ocrx_word' id='word_1_341' title='bbox 1826 460 1883 495; x_wconf 84' lang='lat' dir='ltr'>es;</span> <span class='ocrx_word' id='word_1_342' title='bbox 1900 462 1916 483; x_wconf 68' lang='lat'>&gt;³</span> <span class='ocrx_word' id='word_1_343' title='bbox 1935 459 1980 485; x_wconf 87' lang='lat' dir='ltr'>ac</span> <span class='ocrx_word' id='word_1_344' title='bbox 1991 447 2022 484; x_wconf 89' lang='lat' dir='ltr'>si</span> <span class='ocrx_word' id='word_1_345' title='bbox 2035 448 2139 485; x_wconf 88' lang='lat' dir='ltr'>dicat</span> <span class='ocrx_word' id='word_1_346' title='bbox 2152 459 2348 496; x_wconf 87' lang='lat' dir='ltr'>expresse:</span> 
     </span>
     <span class='ocr_line' id='line_1_56' title="bbox 1322 510 2351 558; baseline 0.002 -12"><span class='ocrx_word' id='word_1_347' title='bbox 1322 511 1514 554; x_wconf 79' lang='lat' dir='ltr'>Quoniam</span> <span class='ocrx_word' id='word_1_348' title='bbox 1533 511 1730 547; x_wconf 85' lang='lat' dir='ltr'>invocanti</span> <span class='ocrx_word' id='word_1_349' title='bbox 1751 521 1906 557; x_wconf 83' lang='lat' dir='ltr'>semper</span> <span class='ocrx_word' id='word_1_350' title='bbox 1926 510 2035 555; x_wconf 81' lang='lat' dir='ltr'>ades,</span> <span class='ocrx_word' id='word_1_351' title='bbox 2056 510 2226 557; x_wconf 82' lang='lat' dir='ltr'>cognovi</span> <span class='ocrx_word' id='word_1_352' title='bbox 2241 512 2351 558; x_wconf 89' lang='lat' dir='ltr'>quod</span> 
     </span>
     <span class='ocr_line' id='line_1_57' title="bbox 1321 571 2353 620; baseline 0.001 -13"><span class='ocrx_word' id='word_1_353' title='bbox 1321 582 1393 619; x_wconf 88' lang='lat' dir='ltr'>per</span> <span class='ocrx_word' id='word_1_354' title='bbox 1423 572 1587 618; x_wconf 77' lang='lat' dir='ltr'>gratiam</span> <span class='ocrx_word' id='word_1_355' title='bbox 1616 571 1899 609; x_wconf 87' lang='lat' dir='ltr'>inhabitantem</span> <span class='ocrx_word' id='word_1_356' title='bbox 1927 583 2083 609; x_wconf 84' lang='lat' dir='ltr'>mecum</span> <span class='ocrx_word' id='word_1_357' title='bbox 2115 582 2168 608; x_wconf 88' lang='lat' dir='ltr'>es.</span> <span class='ocrx_word' id='word_1_358' title='bbox 2196 572 2353 620; x_wconf 86' lang='lat' dir='ltr'>Experi-</span> 
     </span>
     <span class='ocr_line' id='line_1_58' title="bbox 1323 634 2353 681; baseline 0.002 -11"><span class='ocrx_word' id='word_1_359' title='bbox 1323 638 1497 671; x_wconf 84' lang='lat' dir='ltr'>mentum</span> <span class='ocrx_word' id='word_1_360' title='bbox 1516 635 1620 672; x_wconf 86' lang='lat' dir='ltr'>enim</span> <span class='ocrx_word' id='word_1_361' title='bbox 1653 634 1794 671; x_wconf 83' lang='lat' dir='ltr'>divinae</span> <span class='ocrx_word' id='word_1_362' title='bbox 1824 635 2117 680; x_wconf 83' lang='lat' dir='ltr'>familiaritatis,</span> <span class='ocrx_word' id='word_1_363' title='bbox 2146 646 2353 681; x_wconf 80' lang='lat' dir='ltr'>argumen-</span> 
     </span>
     <span class='ocr_line' id='line_1_59' title="bbox 1325 695 2352 744; baseline 0.001 -11"><span class='ocrx_word' id='word_1_364' title='bbox 1325 700 1407 733; x_wconf 92' lang='lat' dir='ltr'>tum</span> <span class='ocrx_word' id='word_1_365' title='bbox 1428 699 1483 732; x_wconf 83' lang='lat' dir='ltr'>est</span> <span class='ocrx_word' id='word_1_366' title='bbox 1503 695 1710 732; x_wconf 70' lang='lat' dir='ltr'>charitatis.</span> <span class='ocrx_word' id='word_1_367' title='bbox 1726 698 1821 733; x_wconf 86' lang='lat' dir='ltr'>Ecce</span> <span class='ocrx_word' id='word_1_368' title='bbox 1842 697 2013 743; x_wconf 83' lang='lat' dir='ltr'>cognitio</span> <span class='ocrx_word' id='word_1_369' title='bbox 2028 697 2187 733; x_wconf 62' lang='lat' dir='ltr'>internae</span> <span class='ocrx_word' id='word_1_370' title='bbox 2207 697 2352 744; x_wconf 82' lang='lat' dir='ltr'>gratioe.</span> 
     </span>
     <span class='ocr_line' id='line_1_60' title="bbox 1325 757 2354 805; baseline 0 -10"><span class='ocrx_word' id='word_1_371' title='bbox 1325 761 1374 795; x_wconf 92' lang='lat' dir='ltr'>De</span> <span class='ocrx_word' id='word_1_372' title='bbox 1401 759 1532 804; x_wconf 87' lang='lat' dir='ltr'>tertio,</span> <span class='ocrx_word' id='word_1_373' title='bbox 1559 757 1625 794; x_wconf 87' lang='lat' dir='ltr'>ubi</span> <span class='ocrx_word' id='word_1_374' title='bbox 1652 757 1746 794; x_wconf 85' lang='lat' dir='ltr'>dicit</span> <span class='ocrx_word' id='word_1_375' title='bbox 1772 758 1963 805; x_wconf 87' lang='lat' dir='ltr'>Propheta</span> <span class='ocrx_word' id='word_1_376' title='bbox 1989 758 2153 795; x_wconf 88' lang='lat' dir='ltr'>Domino</span> <span class='ocrx_word' id='word_1_377' title='bbox 2175 759 2214 794; x_wconf 79' lang='lat'>⁶:</span> <span class='ocrx_word' id='word_1_378' title='bbox 2239 772 2257 793; x_wconf 77' lang='grc' dir='ltr'>α</span> <span class='ocrx_word' id='word_1_379' title='bbox 2284 761 2354 804; x_wconf 92' lang='lat' dir='ltr'>Tu,</span> 
     </span>
     <span class='ocr_line' id='line_1_61' title="bbox 1325 819 2353 867; baseline 0.001 -11"><span class='ocrx_word' id='word_1_380' title='bbox 1325 821 1506 866; x_wconf 79' lang='lat' dir='ltr'>Domine,</span> <span class='ocrx_word' id='word_1_381' title='bbox 1528 820 1802 856; x_wconf 65' lang='lat' dir='ltr'>demonstrasti</span> <span class='ocrx_word' id='word_1_382' title='bbox 1822 819 1937 866; x_wconf 87' lang='lat' dir='ltr'>mihi,</span> <span class='ocrx_word' id='word_1_383' title='bbox 1966 823 2002 857; x_wconf 89' lang='lat' dir='ltr'>et</span> <span class='ocrx_word' id='word_1_384' title='bbox 2023 820 2214 867; x_wconf 78' lang='lat' dir='ltr'>cognovi3</span> <span class='ocrx_word' id='word_1_385' title='bbox 2232 823 2273 857; x_wconf 87' lang='lat' dir='ltr'>tu</span> <span class='ocrx_word' id='word_1_386' title='bbox 2291 831 2353 858; x_wconf 89' lang='lat' dir='ltr'>os·</span> 
     </span>
     <span class='ocr_line' id='line_1_62' title="bbox 1325 881 2356 928; baseline -0.002 -8"><span class='ocrx_word' id='word_1_387' title='bbox 1325 884 1478 921; x_wconf 86' lang='lat' dir='ltr'>tendisti</span> <span class='ocrx_word' id='word_1_388' title='bbox 1497 883 1591 920; x_wconf 91' lang='lat' dir='ltr'>mihi</span> <span class='ocrx_word' id='word_1_389' title='bbox 1613 883 1740 920; x_wconf 89' lang='lat' dir='ltr'>studia</span> <span class='ocrx_word' id='word_1_390' title='bbox 1761 893 1914 928; x_wconf 88' lang='lat' dir='ltr'>eorum,</span> <span class='ocrx_word' id='word_1_391' title='bbox 1933 895 1951 918; x_wconf 81' lang='lat'>»</span> <span class='ocrx_word' id='word_1_392' title='bbox 1976 882 2122 920; x_wconf 88' lang='lat' dir='ltr'>scilicet</span> <span class='ocrx_word' id='word_1_393' title='bbox 2146 881 2356 920; x_wconf 87' lang='lat' dir='ltr'>sententias</span> 
     </span>
     <span class='ocr_line' id='line_1_63' title="bbox 1325 944 2354 993; baseline -0.001 -11"><span class='ocrx_word' id='word_1_394' title='bbox 1325 947 1562 992; x_wconf 88' lang='lat' dir='ltr'>animorum,</span> <span class='ocrx_word' id='word_1_395' title='bbox 1584 956 1653 982; x_wconf 89' lang='lat' dir='ltr'>seu</span> <span class='ocrx_word' id='word_1_396' title='bbox 1671 945 1927 982; x_wconf 84' lang='lat' dir='ltr'>conscientias</span> <span class='ocrx_word' id='word_1_397' title='bbox 1942 944 2217 993; x_wconf 76' lang='lat' dir='ltr'>proximorum</span> <span class='ocrx_word' id='word_1_398' title='bbox 2233 956 2241 981; x_wconf 76' lang='grc' dir='ltr'>ε</span> <span class='ocrx_word' id='word_1_399' title='bbox 2265 954 2354 981; x_wconf 90' lang='lat' dir='ltr'>ecce</span> 
     </span>
     <span class='ocr_line' id='line_1_64' title="bbox 1325 1006 1969 1053; baseline 0.002 -10"><span class='ocrx_word' id='word_1_400' title='bbox 1325 1006 1495 1053; x_wconf 81' lang='lat' dir='ltr'>cognitio</span> <span class='ocrx_word' id='word_1_401' title='bbox 1514 1007 1692 1044; x_wconf 75' lang='lat' dir='ltr'>fraternae</span> <span class='ocrx_word' id='word_1_402' title='bbox 1711 1007 1969 1045; x_wconf 76' lang='lat' dir='ltr'>conscientiae.</span> 
     </span>
    </p>
   </div>
   <div class='ocr_carea' id='block_1_13' title="bbox 1640 1111 2040 1148">
    <p class='ocr_par' dir='ltr' id='par_1_13' title="bbox 1640 1111 2040 1148">
     <span class='ocr_line' id='line_1_65' title="bbox 1640 1111 2040 1148; baseline 0.003 -1"><span class='ocrx_word' id='word_1_403' title='bbox 1640 1112 1830 1148; x_wconf 79' lang='lat' dir='ltr'>Articulus</span> <span class='ocrx_word' id='word_1_404' title='bbox 1853 1111 2040 1148; x_wconf 77' lang='lat' dir='ltr'>secundus.</span> 
     </span>
    </p>
   </div>
   <div class='ocr_carea' id='block_1_14' title="bbox 1324 1193 2371 3354">
    <p class='ocr_par' dir='ltr' id='par_1_14' title="bbox 1324 1193 2363 2786">
     <span class='ocr_line' id='line_1_66' title="bbox 1372 1193 2357 1242; baseline 0.001 -13"><span class='ocrx_word' id='word_1_405' title='bbox 1372 1193 1430 1230; x_wconf 86' lang='lat' dir='ltr'>Ad</span> <span class='ocrx_word' id='word_1_406' title='bbox 1451 1193 1669 1230; x_wconf 86' lang='lat' dir='ltr'>secundum</span> <span class='ocrx_word' id='word_1_407' title='bbox 1695 1195 1871 1242; x_wconf 86' lang='lat' dir='ltr'>respicit,</span> <span class='ocrx_word' id='word_1_408' title='bbox 1900 1194 2010 1242; x_wconf 88' lang='lat' dir='ltr'>quod</span> <span class='ocrx_word' id='word_1_409' title='bbox 2035 1193 2161 1231; x_wconf 86' lang='lat' dir='ltr'>littera</span> <span class='ocrx_word' id='word_1_410' title='bbox 2188 1203 2357 1240; x_wconf 88' lang='lat' dir='ltr'>sequens</span> 
     </span>
     <span class='ocr_line' id='line_1_67' title="bbox 1327 1254 2356 1303; baseline -0.002 -10"><span class='ocrx_word' id='word_1_411' title='bbox 1327 1256 1442 1293; x_wconf 87' lang='lat' dir='ltr'>dicit:</span> <span class='ocrx_word' id='word_1_412' title='bbox 1470 1257 1565 1299; x_wconf 71' lang='lat' dir='ltr'>Quia</span> <span class='ocrx_word' id='word_1_413' title='bbox 1583 1259 1734 1303; x_wconf 81' lang='lat' dir='ltr'>aequz&#39;tas</span> <span class='ocrx_word' id='word_1_414' title='bbox 1752 1257 1892 1302; x_wconf 70' lang='lat' dir='ltr'>judicia</span> <span class='ocrx_word' id='word_1_415' title='bbox 1911 1260 1987 1292; x_wconf 77' lang='lat' dir='ltr'>tua.</span> <span class='ocrx_word' id='word_1_416' title='bbox 2011 1257 2083 1293; x_wconf 86' lang='lat' dir='ltr'>Ista</span> <span class='ocrx_word' id='word_1_417' title='bbox 2103 1265 2276 1303; x_wconf 87' lang='lat' dir='ltr'>namque</span> <span class='ocrx_word' id='word_1_418' title='bbox 2292 1254 2356 1301; x_wconf 73' lang='lat' dir='ltr'>Ju-</span> 
     </span>
     <span class='ocr_line' id='line_1_68' title="bbox 1327 1317 2358 1365; baseline -0.003 -10"><span class='ocrx_word' id='word_1_419' title='bbox 1327 1319 1428 1355; x_wconf 88' lang='lat' dir='ltr'>dicia</span> <span class='ocrx_word' id='word_1_420' title='bbox 1447 1321 1536 1354; x_wconf 89' lang='lat' dir='ltr'>sunt</span> <span class='ocrx_word' id='word_1_421' title='bbox 1555 1318 1710 1355; x_wconf 87' lang='lat' dir='ltr'>decreta</span> <span class='ocrx_word' id='word_1_422' title='bbox 1729 1318 1913 1364; x_wconf 83' lang='lat' dir='ltr'>coelcstia,</span> <span class='ocrx_word' id='word_1_423' title='bbox 1931 1329 2017 1365; x_wconf 73' lang='lat' dir='ltr'>quae</span> <span class='ocrx_word' id='word_1_424' title='bbox 2039 1317 2219 1353; x_wconf 88' lang='lat' dir='ltr'>dicuntur</span> <span class='ocrx_word' id='word_1_425' title='bbox 2237 1317 2358 1364; x_wconf 83' lang='lat' dir='ltr'>aequi-</span> 
     </span>
     <span class='ocr_line' id='line_1_69' title="bbox 1326 1380 2356 1429; baseline -0.002 -12"><span class='ocrx_word' id='word_1_426' title='bbox 1326 1385 1402 1428; x_wconf 79' lang='lat' dir='ltr'>tas,</span> <span class='ocrx_word' id='word_1_427' title='bbox 1422 1392 1503 1418; x_wconf 88' lang='lat' dir='ltr'>non</span> <span class='ocrx_word' id='word_1_428' title='bbox 1527 1384 1701 1429; x_wconf 81' lang='lat' dir='ltr'>aequata,</span> <span class='ocrx_word' id='word_1_429' title='bbox 1726 1381 1821 1428; x_wconf 84' lang='lat' dir='ltr'>quia</span> <span class='ocrx_word' id='word_1_430' title='bbox 1839 1391 1920 1417; x_wconf 86' lang='lat' dir='ltr'>non</span> <span class='ocrx_word' id='word_1_431' title='bbox 1948 1380 2108 1417; x_wconf 88' lang='lat' dir='ltr'>aliunde</span> <span class='ocrx_word' id='word_1_432' title='bbox 2133 1380 2356 1425; x_wconf 68' lang='lat' dir='ltr'>justificata,</span> 
     </span>
     <span class='ocr_line' id='line_1_70' title="bbox 1327 1439 2356 1491; baseline -0.001 -14"><span class='ocrx_word' id='word_1_433' title='bbox 1327 1455 1448 1491; x_wconf 81' lang='lat' dir='ltr'>quam</span> <span class='ocrx_word' id='word_1_434' title='bbox 1467 1455 1529 1491; x_wconf 76' lang='lat' dir='ltr'>per</span> <span class='ocrx_word' id='word_1_435' title='bbox 1547 1446 1685 1490; x_wconf 72' lang='lat' dir='ltr'>seipsa,</span> <span class='ocrx_word' id='word_1_436' title='bbox 1708 1443 1819 1489; x_wconf 71' lang='lat' dir='ltr'>Juxta</span> <span class='ocrx_word' id='word_1_437' title='bbox 1847 1442 2015 1479; x_wconf 89' lang='lat' dir='ltr'>verbum</span> <span class='ocrx_word' id='word_1_438' title='bbox 2042 1440 2314 1489; x_wconf 87' lang='lat' dir='ltr'>propheticum</span> <span class='ocrx_word' id='word_1_439' title='bbox 2328 1439 2356 1487; x_wconf 82' lang='lat'>⁷,</span> 
     </span>
     <span class='ocr_line' id='line_1_71' title="bbox 1328 1502 2360 1551; baseline -0.003 -9"><span class='ocrx_word' id='word_1_440' title='bbox 1328 1508 1365 1543; x_wconf 89' lang='lat' dir='ltr'>et</span> <span class='ocrx_word' id='word_1_441' title='bbox 1383 1505 1474 1542; x_wconf 91' lang='lat' dir='ltr'>ideo</span> <span class='ocrx_word' id='word_1_442' title='bbox 1501 1519 1517 1539; x_wconf 90' lang='lat'>«</span> <span class='ocrx_word' id='word_1_443' title='bbox 1538 1504 1817 1542; x_wconf 70' lang='lat' dir='ltr'>desiderabilia</span> <span class='ocrx_word' id='word_1_444' title='bbox 1835 1514 1953 1551; x_wconf 89' lang='lat' dir='ltr'>super</span> <span class='ocrx_word' id='word_1_445' title='bbox 1979 1514 2139 1549; x_wconf 89' lang='lat' dir='ltr'>aurum,</span> <span class='ocrx_word' id='word_1_446' title='bbox 2171 1505 2207 1539; x_wconf 89' lang='lat' dir='ltr'>et</span> <span class='ocrx_word' id='word_1_447' title='bbox 2228 1502 2360 1540; x_wconf 86' lang='lat' dir='ltr'>dulcia</span> 
     </span>
     <span class='ocr_line' id='line_1_72' title="bbox 1327 1565 2358 1615; baseline -0.003 -11"><span class='ocrx_word' id='word_1_448' title='bbox 1327 1578 1445 1615; x_wconf 90' lang='lat' dir='ltr'>super</span> <span class='ocrx_word' id='word_1_449' title='bbox 1462 1568 1610 1605; x_wconf 78' lang='lat' dir='ltr'>favum.</span> <span class='ocrx_word' id='word_1_450' title='bbox 1633 1581 1650 1602; x_wconf 86' lang='lat'>»</span> <span class='ocrx_word' id='word_1_451' title='bbox 1669 1569 1711 1604; x_wconf 87' lang='lat' dir='ltr'>Et</span> <span class='ocrx_word' id='word_1_452' title='bbox 1728 1569 1835 1612; x_wconf 87' lang='lat' dir='ltr'>nota,</span> <span class='ocrx_word' id='word_1_453' title='bbox 1857 1566 1967 1614; x_wconf 87' lang='lat' dir='ltr'>quod</span> <span class='ocrx_word' id='word_1_454' title='bbox 1985 1565 2067 1602; x_wconf 82' lang='lat' dir='ltr'>haec</span> <span class='ocrx_word' id='word_1_455' title='bbox 2087 1565 2256 1612; x_wconf 86' lang='lat' dir='ltr'>decreta,</span> <span class='ocrx_word' id='word_1_456' title='bbox 2277 1565 2358 1602; x_wconf 86' lang='lat' dir='ltr'>sive</span> 
     </span>
     <span class='ocr_line' id='line_1_73' title="bbox 1324 1627 2359 1676; baseline -0.003 -10"><span class='ocrx_word' id='word_1_457' title='bbox 1324 1629 1494 1676; x_wconf 83' lang='lat' dir='ltr'>judicia,</span> <span class='ocrx_word' id='word_1_458' title='bbox 1516 1629 1686 1666; x_wconf 83' lang='lat' dir='ltr'>decrevit</span> <span class='ocrx_word' id='word_1_459' title='bbox 1704 1628 1870 1676; x_wconf 84' lang='lat' dir='ltr'>justitia,</span> <span class='ocrx_word' id='word_1_460' title='bbox 1899 1627 2046 1676; x_wconf 88' lang='lat' dir='ltr'>sprevit</span> <span class='ocrx_word' id='word_1_461' title='bbox 2063 1627 2267 1674; x_wconf 86' lang='lat' dir='ltr'>injustitia,</span> <span class='ocrx_word' id='word_1_462' title='bbox 2287 1627 2359 1663; x_wconf 90' lang='lat' dir='ltr'>im-</span> 
     </span>
     <span class='ocr_line' id='line_1_74' title="bbox 1326 1689 2360 1738; baseline -0.001 -11"><span class='ocrx_word' id='word_1_463' title='bbox 1326 1692 1447 1738; x_wconf 83' lang='lat' dir='ltr'>plevit</span> <span class='ocrx_word' id='word_1_464' title='bbox 1467 1691 1702 1728; x_wconf 88' lang='lat' dir='ltr'>innocentia.</span> <span class='ocrx_word' id='word_1_465' title='bbox 1720 1690 1878 1735; x_wconf 61' lang='lat' dir='ltr'>Qumis,</span> <span class='ocrx_word' id='word_1_466' title='bbox 1900 1690 2013 1737; x_wconf 68' lang='lat' dir='ltr'>quae?</span> <span class='ocrx_word' id='word_1_467' title='bbox 2031 1691 2086 1726; x_wconf 83' lang='lat' dir='ltr'>An</span> <span class='ocrx_word' id='word_1_468' title='bbox 2106 1689 2244 1734; x_wconf 86' lang='lat' dir='ltr'>nescis,</span> <span class='ocrx_word' id='word_1_469' title='bbox 2265 1689 2360 1737; x_wconf 82' lang='lat' dir='ltr'>quia</span> 
     </span>
     <span class='ocr_line' id='line_1_75' title="bbox 1329 1750 2360 1799; baseline -0.002 -10"><span class='ocrx_word' id='word_1_470' title='bbox 1329 1753 1573 1789; x_wconf 88' lang='lat' dir='ltr'>dominicum</span> <span class='ocrx_word' id='word_1_471' title='bbox 1591 1755 1647 1790; x_wconf 84' lang='lat' dir='ltr'>est</span> <span class='ocrx_word' id='word_1_472' title='bbox 1662 1753 1730 1790; x_wconf 83' lang='lat' dir='ltr'>illa</span> <span class='ocrx_word' id='word_1_473' title='bbox 1751 1753 1976 1796; x_wconf 84' lang='lat' dir='ltr'>decernere,</span> <span class='ocrx_word' id='word_1_474' title='bbox 1993 1750 2236 1788; x_wconf 86' lang='lat' dir='ltr'>diabolicum</span> <span class='ocrx_word' id='word_1_475' title='bbox 2256 1761 2360 1799; x_wconf 87' lang='lat' dir='ltr'>sper-</span> 
     </span>
     <span class='ocr_line' id='line_1_76' title="bbox 1327 1812 2361 1861; baseline -0.001 -10"><span class='ocrx_word' id='word_1_476' title='bbox 1327 1826 1443 1860; x_wconf 87' lang='lat' dir='ltr'>nere,</span> <span class='ocrx_word' id='word_1_477' title='bbox 1472 1815 1691 1861; x_wconf 79' lang='lat' dir='ltr'>angelicum</span> <span class='ocrx_word' id='word_1_478' title='bbox 1722 1813 1961 1861; x_wconf 63' lang='lat' dir='ltr'>adimplere?</span> <span class='ocrx_word' id='word_1_479' title='bbox 1993 1815 2200 1860; x_wconf 83' lang='lat' dir='ltr'>Propterea</span> <span class='ocrx_word' id='word_1_480' title='bbox 2229 1812 2361 1861; x_wconf 80' lang='lat' dir='ltr'>psallit</span> 
     </span>
     <span class='ocr_line' id='line_1_77' title="bbox 1327 1874 2362 1924; baseline -0.002 -11"><span class='ocrx_word' id='word_1_481' title='bbox 1327 1877 1518 1924; x_wconf 86' lang='lat' dir='ltr'>Propheta</span> <span class='ocrx_word' id='word_1_482' title='bbox 1542 1877 1591 1913; x_wconf 85' lang='lat' dir='ltr'>de</span> <span class='ocrx_word' id='word_1_483' title='bbox 1611 1877 1740 1923; x_wconf 88' lang='lat' dir='ltr'>primo</span> <span class='ocrx_word' id='word_1_484' title='bbox 1758 1877 1771 1898; x_wconf 76' lang='lat'>⁸</span> <span class='ocrx_word' id='word_1_485' title='bbox 1789 1888 1796 1912; x_wconf 93' lang='lat'><strong>:</strong></span> <span class='ocrx_word' id='word_1_486' title='bbox 1822 1889 1839 1910; x_wconf 71' lang='grc' dir='ltr'>(ι</span> <span class='ocrx_word' id='word_1_487' title='bbox 1859 1877 1901 1911; x_wconf 88' lang='lat' dir='ltr'>In</span> <span class='ocrx_word' id='word_1_488' title='bbox 1931 1876 2118 1911; x_wconf 84' lang='lat' dir='ltr'>aeternum</span> <span class='ocrx_word' id='word_1_489' title='bbox 2146 1874 2281 1911; x_wconf 86' lang='lat' dir='ltr'>omnia</span> <span class='ocrx_word' id='word_1_490' title='bbox 2296 1874 2362 1921; x_wconf 74' lang='lat' dir='ltr'>Ju-</span> 
     </span>
     <span class='ocr_line' id='line_1_78' title="bbox 1328 1935 2360 1985; baseline -0.003 -10"><span class='ocrx_word' id='word_1_491' title='bbox 1328 1939 1431 1975; x_wconf 88' lang='lat' dir='ltr'>dicia</span> <span class='ocrx_word' id='word_1_492' title='bbox 1447 1939 1601 1985; x_wconf 81' lang='lat' dir='ltr'>justitiae</span> <span class='ocrx_word' id='word_1_493' title='bbox 1620 1940 1711 1975; x_wconf 66' lang='lat' dir='ltr'>tuse.</span> <span class='ocrx_word' id='word_1_494' title='bbox 1730 1951 1747 1972; x_wconf 87' lang='lat'>»</span> <span class='ocrx_word' id='word_1_495' title='bbox 1769 1937 1955 1982; x_wconf 85' lang='lat' dir='ltr'>Quisnam</span> <span class='ocrx_word' id='word_1_496' title='bbox 1973 1939 2100 1984; x_wconf 89' lang='lat' dir='ltr'>potest</span> <span class='ocrx_word' id='word_1_497' title='bbox 2117 1939 2259 1974; x_wconf 83' lang='lat' dir='ltr'>aeterna</span> <span class='ocrx_word' id='word_1_498' title='bbox 2278 1935 2360 1973; x_wconf 90' lang='lat' dir='ltr'>dic-</span> 
     </span>
     <span class='ocr_line' id='line_1_79' title="bbox 1327 1999 2362 2049; baseline -0.003 -11"><span class='ocrx_word' id='word_1_499' title='bbox 1327 2005 1409 2039; x_wconf 88' lang='lat' dir='ltr'>tare</span> <span class='ocrx_word' id='word_1_500' title='bbox 1430 2001 1598 2049; x_wconf 76' lang='lat' dir='ltr'>J&#39;udicia,</span> <span class='ocrx_word' id='word_1_501' title='bbox 1616 2001 1690 2037; x_wconf 89' lang='lat' dir='ltr'>nisi</span> <span class='ocrx_word' id='word_1_502' title='bbox 1711 2004 1854 2038; x_wconf 82' lang='lat' dir='ltr'>aeterna</span> <span class='ocrx_word' id='word_1_503' title='bbox 1871 1999 2050 2046; x_wconf 71' lang='lat' dir='ltr'>Justitia?</span> <span class='ocrx_word' id='word_1_504' title='bbox 2071 2001 2213 2036; x_wconf 88' lang='lat' dir='ltr'>lterum</span> <span class='ocrx_word' id='word_1_505' title='bbox 2236 1999 2285 2036; x_wconf 89' lang='lat' dir='ltr'>de</span> <span class='ocrx_word' id='word_1_506' title='bbox 2305 2009 2362 2036; x_wconf 89' lang='lat' dir='ltr'>se·</span> 
     </span>
     <span class='ocr_line' id='line_1_80' title="bbox 1329 2060 2362 2112; baseline -0.002 -12"><span class='ocrx_word' id='word_1_507' title='bbox 1329 2065 1460 2101; x_wconf 90' lang='lat' dir='ltr'>cundo</span> <span class='ocrx_word' id='word_1_508' title='bbox 1480 2066 1516 2100; x_wconf 77' lang='grc'>9;</span> <span class='ocrx_word' id='word_1_509' title='bbox 1541 2079 1559 2097; x_wconf 85' lang='lat'>«</span> <span class='ocrx_word' id='word_1_510' title='bbox 1579 2063 1761 2112; x_wconf 82' lang='lat' dir='ltr'>Sprevisti</span> <span class='ocrx_word' id='word_1_511' title='bbox 1783 2073 1921 2099; x_wconf 88' lang='lat' dir='ltr'>omnes</span> <span class='ocrx_word' id='word_1_512' title='bbox 1944 2061 2189 2099; x_wconf 88' lang='lat' dir='ltr'>discedentes</span> <span class='ocrx_word' id='word_1_513' title='bbox 2220 2072 2243 2098; x_wconf 84' lang='lat' dir='ltr'>a</span> <span class='ocrx_word' id='word_1_514' title='bbox 2258 2060 2362 2109; x_wconf 80' lang='lat' dir='ltr'>J&#39;udi-</span> 
     </span>
     <span class='ocr_line' id='line_1_81' title="bbox 1329 2126 2362 2175; baseline -0.002 -11"><span class='ocrx_word' id='word_1_515' title='bbox 1329 2129 1397 2164; x_wconf 88' lang='lat' dir='ltr'>ciis</span> <span class='ocrx_word' id='word_1_516' title='bbox 1422 2128 1518 2174; x_wconf 89' lang='lat' dir='ltr'>tuis,</span> <span class='ocrx_word' id='word_1_517' title='bbox 1541 2128 1636 2175; x_wconf 83' lang='lat' dir='ltr'>quia</span> <span class='ocrx_word' id='word_1_518' title='bbox 1661 2128 1802 2174; x_wconf 86' lang='lat' dir='ltr'>injusta</span> <span class='ocrx_word' id='word_1_519' title='bbox 1825 2126 2011 2173; x_wconf 87' lang='lat' dir='ltr'>cogitatio</span> <span class='ocrx_word' id='word_1_520' title='bbox 2038 2136 2199 2163; x_wconf 87' lang='lat' dir='ltr'>eorum:</span> <span class='ocrx_word' id='word_1_521' title='bbox 2221 2138 2239 2159; x_wconf 65' lang='grc' dir='ltr'><strong><em>η</em></strong></span> <span class='ocrx_word' id='word_1_522' title='bbox 2264 2134 2362 2172; x_wconf 89' lang='lat' dir='ltr'>quo-</span> 
     </span>
     <span class='ocr_line' id='line_1_82' title="bbox 1328 2186 2362 2236; baseline -0.002 -11"><span class='ocrx_word' id='word_1_523' title='bbox 1328 2201 1432 2235; x_wconf 88' lang='lat' dir='ltr'>rum,</span> <span class='ocrx_word' id='word_1_524' title='bbox 1446 2189 1520 2225; x_wconf 89' lang='lat' dir='ltr'>nisi</span> <span class='ocrx_word' id='word_1_525' title='bbox 1541 2189 1747 2236; x_wconf 87' lang='lat' dir='ltr'>spirituum</span> <span class='ocrx_word' id='word_1_526' title='bbox 1762 2187 2084 2235; x_wconf 85' lang='lat' dir='ltr'>apostaticorum,</span> <span class='ocrx_word' id='word_1_527' title='bbox 2105 2186 2200 2235; x_wconf 79' lang='lat' dir='ltr'>quia</span> <span class='ocrx_word' id='word_1_528' title='bbox 2210 2186 2362 2233; x_wconf 84' lang='lat' dir='ltr'>judicia</span> 
     </span>
     <span class='ocr_line' id='line_1_83' title="bbox 1327 2248 2359 2298; baseline -0.002 -10"><span class='ocrx_word' id='word_1_529' title='bbox 1327 2251 1457 2288; x_wconf 83' lang='lat' dir='ltr'>felicia</span> <span class='ocrx_word' id='word_1_530' title='bbox 1484 2252 1735 2298; x_wconf 79' lang='lat' dir='ltr'>spreverunt,</span> <span class='ocrx_word' id='word_1_531' title='bbox 1765 2252 1803 2286; x_wconf 89' lang='lat' dir='ltr'>et</span> <span class='ocrx_word' id='word_1_532' title='bbox 1825 2249 1976 2296; x_wconf 89' lang='lat' dir='ltr'>judicia</span> <span class='ocrx_word' id='word_1_533' title='bbox 2007 2248 2179 2285; x_wconf 86' lang='lat' dir='ltr'>infelicia</span> <span class='ocrx_word' id='word_1_534' title='bbox 2205 2258 2359 2286; x_wconf 85' lang='lat' dir='ltr'>merue-</span> 
     </span>
     <span class='ocr_line' id='line_1_84' title="bbox 1328 2310 2360 2358; baseline -0.003 -8"><span class='ocrx_word' id='word_1_535' title='bbox 1328 2316 1431 2350; x_wconf 87' lang='lat' dir='ltr'>runt.</span> <span class='ocrx_word' id='word_1_536' title='bbox 1452 2315 1599 2350; x_wconf 84' lang='lat' dir='ltr'>Rursus</span> <span class='ocrx_word' id='word_1_537' title='bbox 1620 2312 1670 2349; x_wconf 89' lang='lat' dir='ltr'>de</span> <span class='ocrx_word' id='word_1_538' title='bbox 1697 2312 1808 2349; x_wconf 89' lang='lat' dir='ltr'>tertio</span> <span class='ocrx_word' id='word_1_539' title='bbox 1830 2312 1880 2347; x_wconf 88' lang='lat'>¹⁰:</span> <span class='ocrx_word' id='word_1_540' title='bbox 1908 2315 1974 2348; x_wconf 85' lang='lat' dir='ltr'>«A</span> <span class='ocrx_word' id='word_1_541' title='bbox 1990 2310 2150 2358; x_wconf 89' lang='lat' dir='ltr'>judiciis</span> <span class='ocrx_word' id='word_1_542' title='bbox 2177 2310 2250 2347; x_wconf 90' lang='lat' dir='ltr'>tuis</span> <span class='ocrx_word' id='word_1_543' title='bbox 2278 2320 2360 2347; x_wconf 90' lang='lat' dir='ltr'>non</span> 
     </span>
     <span class='ocr_line' id='line_1_85' title="bbox 1330 2372 2360 2425; baseline -0.003 -13"><span class='ocrx_word' id='word_1_544' title='bbox 1330 2375 1545 2421; x_wconf 84' lang='lat' dir='ltr'>declinavi,</span> <span class='ocrx_word' id='word_1_545' title='bbox 1573 2375 1666 2422; x_wconf 86' lang='lat' dir='ltr'>quia</span> <span class='ocrx_word' id='word_1_546' title='bbox 1692 2377 1732 2411; x_wconf 93' lang='lat' dir='ltr'>tu</span> <span class='ocrx_word' id='word_1_547' title='bbox 1760 2374 1889 2425; x_wconf 80' lang='lat' dir='ltr'>legem</span> <span class='ocrx_word' id='word_1_548' title='bbox 1917 2373 2082 2421; x_wconf 81' lang='lat' dir='ltr'>posuisti</span> <span class='ocrx_word' id='word_1_549' title='bbox 2111 2372 2232 2409; x_wconf 89' lang='lat' dir='ltr'>mihi:</span> <span class='ocrx_word' id='word_1_550' title='bbox 2259 2385 2277 2407; x_wconf 69' lang='grc' dir='ltr'>ιι</span> <span class='ocrx_word' id='word_1_551' title='bbox 2298 2373 2360 2409; x_wconf 89' lang='lat' dir='ltr'>cui</span> 
     </span>
     <span class='ocr_line' id='line_1_86' title="bbox 1329 2436 2361 2485; baseline -0.002 -11"><span class='ocrx_word' id='word_1_552' title='bbox 1329 2448 1521 2485; x_wconf 83' lang='lat' dir='ltr'>namque,</span> <span class='ocrx_word' id='word_1_553' title='bbox 1555 2449 1710 2485; x_wconf 80' lang='lat' dir='ltr'>quaeso,</span> <span class='ocrx_word' id='word_1_554' title='bbox 1745 2436 1871 2484; x_wconf 85' lang='lat' dir='ltr'>magis</span> <span class='ocrx_word' id='word_1_555' title='bbox 1901 2436 1977 2473; x_wconf 84' lang='lat' dir='ltr'>hoc</span> <span class='ocrx_word' id='word_1_556' title='bbox 2013 2436 2208 2482; x_wconf 87' lang='lat' dir='ltr'>congruit,</span> <span class='ocrx_word' id='word_1_557' title='bbox 2240 2445 2361 2483; x_wconf 86' lang='lat' dir='ltr'>quam</span> 
     </span>
     <span class='ocr_line' id='line_1_87' title="bbox 1330 2496 2362 2547; baseline -0.004 -10"><span class='ocrx_word' id='word_1_558' title='bbox 1330 2500 1517 2547; x_wconf 60' lang='lat' dir='ltr'>angelicae</span> <span class='ocrx_word' id='word_1_559' title='bbox 1546 2500 1770 2536; x_wconf 77' lang='lat' dir='ltr'>sanctitati?</span> <span class='ocrx_word' id='word_1_560' title='bbox 1789 2499 1866 2536; x_wconf 90' lang='lat' dir='ltr'>Sed</span> <span class='ocrx_word' id='word_1_561' title='bbox 1893 2497 2091 2546; x_wconf 85' lang='lat' dir='ltr'>numquid</span> <span class='ocrx_word' id='word_1_562' title='bbox 2116 2496 2246 2544; x_wconf 84' lang='lat' dir='ltr'>angeli</span> <span class='ocrx_word' id='word_1_563' title='bbox 2273 2499 2362 2534; x_wconf 81' lang='lat' dir='ltr'>sunt</span> 
     </span>
     <span class='ocr_line' id='line_1_88' title="bbox 1331 2557 2361 2609; baseline -0.004 -10"><span class='ocrx_word' id='word_1_564' title='bbox 1331 2562 1404 2599; x_wconf 87' lang='lat' dir='ltr'>sub</span> <span class='ocrx_word' id='word_1_565' title='bbox 1436 2562 1550 2609; x_wconf 70' lang='lat' dir='ltr'>lege?</span> <span class='ocrx_word' id='word_1_566' title='bbox 1581 2561 1717 2609; x_wconf 86' lang='lat' dir='ltr'>Utique</span> <span class='ocrx_word' id='word_1_567' title='bbox 1726 2574 1738 2608; x_wconf 82' lang='lat'>3</span> <span class='ocrx_word' id='word_1_568' title='bbox 1767 2560 1836 2597; x_wconf 89' lang='lat' dir='ltr'>sed</span> <span class='ocrx_word' id='word_1_569' title='bbox 1863 2559 2051 2597; x_wconf 84' lang='lat' dir='ltr'>libertatis</span> <span class='ocrx_word' id='word_1_570' title='bbox 2081 2558 2282 2607; x_wconf 84' lang='lat' dir='ltr'>perfectae,</span> <span class='ocrx_word' id='word_1_571' title='bbox 2311 2557 2361 2595; x_wconf 84' lang='lat' dir='ltr'>de</span> 
     </span>
     <span class='ocr_line' id='line_1_89' title="bbox 1333 2620 2362 2672; baseline -0.003 -11"><span class='ocrx_word' id='word_1_572' title='bbox 1333 2635 1414 2672; x_wconf 86' lang='lat' dir='ltr'>qua</span> <span class='ocrx_word' id='word_1_573' title='bbox 1433 2624 1614 2660; x_wconf 88' lang='lat' dir='ltr'>scribitur</span> <span class='ocrx_word' id='word_1_574' title='bbox 1633 2624 1684 2660; x_wconf 85' lang='lat' dir='ltr'>ab</span> <span class='ocrx_word' id='word_1_575' title='bbox 1706 2623 1922 2670; x_wconf 85' lang='lat' dir='ltr'>Augustino</span> <span class='ocrx_word' id='word_1_576' title='bbox 1943 2622 1967 2644; x_wconf 85' lang='lat'>¹¹</span> <span class='ocrx_word' id='word_1_577' title='bbox 1985 2634 1993 2659; x_wconf 90' lang='lat'>:</span> <span class='ocrx_word' id='word_1_578' title='bbox 2021 2634 2038 2656; x_wconf 66' lang='grc' dir='ltr'>(ι</span> <span class='ocrx_word' id='word_1_579' title='bbox 2061 2621 2234 2659; x_wconf 89' lang='lat' dir='ltr'>Libertas</span> <span class='ocrx_word' id='word_1_580' title='bbox 2252 2620 2362 2658; x_wconf 83' lang='lat' dir='ltr'>nulla</span> 
     </span>
     <span class='ocr_line' id='line_1_90' title="bbox 1332 2683 2363 2732; baseline -0.004 -8"><span class='ocrx_word' id='word_1_581' title='bbox 1332 2697 1426 2724; x_wconf 86' lang='lat' dir='ltr'>vera</span> <span class='ocrx_word' id='word_1_582' title='bbox 1455 2688 1534 2732; x_wconf 87' lang='lat' dir='ltr'>est,</span> <span class='ocrx_word' id='word_1_583' title='bbox 1563 2686 1637 2724; x_wconf 89' lang='lat' dir='ltr'>nisi</span> <span class='ocrx_word' id='word_1_584' title='bbox 1662 2686 1882 2731; x_wconf 88' lang='lat' dir='ltr'>bonorum,</span> <span class='ocrx_word' id='word_1_585' title='bbox 1903 2688 1940 2723; x_wconf 90' lang='lat' dir='ltr'>et</span> <span class='ocrx_word' id='word_1_586' title='bbox 1966 2684 2045 2732; x_wconf 86' lang='lat' dir='ltr'>legi</span> <span class='ocrx_word' id='word_1_587' title='bbox 2064 2687 2216 2722; x_wconf 82' lang='lat' dir='ltr'>aeternae</span> <span class='ocrx_word' id='word_1_588' title='bbox 2235 2683 2363 2721; x_wconf 82' lang='lat' dir='ltr'>adhae-</span> 
     </span>
     <span class='ocr_line' id='line_1_91' title="bbox 1332 2749 1554 2786; baseline -0.005 0"><span class='ocrx_word' id='word_1_589' title='bbox 1332 2749 1515 2786; x_wconf 79' lang='lat' dir='ltr'>rentium.</span> <span class='ocrx_word' id='word_1_590' title='bbox 1538 2763 1554 2781; x_wconf 90' lang='lat'>»</span> 
     </span>
    </p>

    <p class='ocr_par' dir='ltr' id='par_1_15' title="bbox 1670 2796 2024 2832">
     <span class='ocr_line' id='line_1_92' title="bbox 1670 2796 2024 2832; baseline 0 -1"><span class='ocrx_word' id='word_1_591' title='bbox 1670 2796 1857 2832; x_wconf 82' lang='lat' dir='ltr'>Articulus</span> <span class='ocrx_word' id='word_1_592' title='bbox 1884 2796 2024 2832; x_wconf 80' lang='lat' dir='ltr'>tertius.</span> 
     </span>
    </p>

    <p class='ocr_par' dir='ltr' id='par_1_16' title="bbox 1331 2870 2371 3354">
     <span class='ocr_line' id='line_1_93' title="bbox 1380 2870 2364 2920; baseline -0.005 -8"><span class='ocrx_word' id='word_1_593' title='bbox 1380 2874 1439 2912; x_wconf 86' lang='lat' dir='ltr'>Ad</span> <span class='ocrx_word' id='word_1_594' title='bbox 1463 2873 1618 2910; x_wconf 87' lang='lat' dir='ltr'>tertium</span> <span class='ocrx_word' id='word_1_595' title='bbox 1636 2872 1813 2919; x_wconf 84' lang='lat' dir='ltr'>refertur,</span> <span class='ocrx_word' id='word_1_596' title='bbox 1843 2872 1954 2920; x_wconf 87' lang='lat' dir='ltr'>quod</span> <span class='ocrx_word' id='word_1_597' title='bbox 1977 2870 2237 2909; x_wconf 87' lang='lat' dir='ltr'>subinfertur:</span> <span class='ocrx_word' id='word_1_598' title='bbox 2258 2871 2306 2908; x_wconf 79' lang='lat' dir='ltr'>Et</span> <span class='ocrx_word' id='word_1_599' title='bbox 2323 2872 2364 2907; x_wconf 82' lang='lat' dir='ltr'>in</span> 
     </span>
     <span class='ocr_line' id='line_1_94' title="bbox 1333 2932 2366 2981; baseline -0.003 -8"><span class='ocrx_word' id='word_1_600' title='bbox 1333 2939 1487 2973; x_wconf 72' lang='lat' dir='ltr'>veritate</span> <span class='ocrx_word' id='word_1_601' title='bbox 1509 2939 1583 2972; x_wconf 76' lang='lat' dir='ltr'>tua.</span> <span class='ocrx_word' id='word_1_602' title='bbox 1612 2935 1695 2979; x_wconf 86' lang='lat' dir='ltr'>Qua</span> <span class='ocrx_word' id='word_1_603' title='bbox 1722 2935 1911 2972; x_wconf 76' lang='lat' dir='ltr'>veritate?</span> <span class='ocrx_word' id='word_1_604' title='bbox 1942 2936 2028 2972; x_wconf 90' lang='lat' dir='ltr'>Non</span> <span class='ocrx_word' id='word_1_605' title='bbox 2053 2933 2268 2981; x_wconf 87' lang='lat' dir='ltr'>indicante,</span> <span class='ocrx_word' id='word_1_606' title='bbox 2295 2932 2366 2970; x_wconf 88' lang='lat' dir='ltr'>sed</span> 
     </span>
     <span class='ocr_line' id='line_1_95' title="bbox 1331 2994 2367 3045; baseline -0.002 -11"><span class='ocrx_word' id='word_1_607' title='bbox 1331 2997 1553 3045; x_wconf 80' lang='lat' dir='ltr'>judicante3</span> <span class='ocrx_word' id='word_1_608' title='bbox 1571 3007 1652 3034; x_wconf 88' lang='lat' dir='ltr'>non</span> <span class='ocrx_word' id='word_1_609' title='bbox 1673 2996 1803 3034; x_wconf 88' lang='lat' dir='ltr'>indice</span> <span class='ocrx_word' id='word_1_610' title='bbox 1824 2996 2011 3043; x_wconf 86' lang='lat' dir='ltr'>scientiae,</span> <span class='ocrx_word' id='word_1_611' title='bbox 2032 2996 2103 3033; x_wconf 91' lang='lat' dir='ltr'>sed</span> <span class='ocrx_word' id='word_1_612' title='bbox 2117 2994 2251 3043; x_wconf 86' lang='lat' dir='ltr'>judice</span> <span class='ocrx_word' id='word_1_613' title='bbox 2270 3004 2367 3032; x_wconf 86' lang='lat' dir='ltr'>con-</span> 
     </span>
     <span class='ocr_line' id='line_1_96' title="bbox 1338 3056 2370 3106; baseline -0.002 -10"><span class='ocrx_word' id='word_1_614' title='bbox 1338 3059 1519 3096; x_wconf 86' lang='lat' dir='ltr'>scientiae.</span> <span class='ocrx_word' id='word_1_615' title='bbox 1542 3059 1607 3096; x_wconf 87' lang='lat' dir='ltr'>Hic</span> <span class='ocrx_word' id='word_1_616' title='bbox 1635 3061 1692 3096; x_wconf 88' lang='lat' dir='ltr'>est</span> <span class='ocrx_word' id='word_1_617' title='bbox 1715 3058 1886 3096; x_wconf 84' lang='lat' dir='ltr'>veritatis</span> <span class='ocrx_word' id='word_1_618' title='bbox 1910 3058 2064 3104; x_wconf 88' lang='lat' dir='ltr'>radius,</span> <span class='ocrx_word' id='word_1_619' title='bbox 2084 3068 2166 3095; x_wconf 93' lang='lat' dir='ltr'>non</span> <span class='ocrx_word' id='word_1_620' title='bbox 2191 3056 2370 3106; x_wconf 81' lang='lat' dir='ltr'>specula·</span> 
     </span>
     <span class='ocr_line' id='line_1_97' title="bbox 1340 3119 2371 3169; baseline -0.003 -10"><span class='ocrx_word' id='word_1_621' title='bbox 1340 3122 1467 3169; x_wconf 86' lang='lat' dir='ltr'>tivus,</span> <span class='ocrx_word' id='word_1_622' title='bbox 1493 3122 1564 3159; x_wconf 88' lang='lat' dir='ltr'>sed</span> <span class='ocrx_word' id='word_1_623' title='bbox 1590 3121 1737 3159; x_wconf 85' lang='lat' dir='ltr'>activus</span> <span class='ocrx_word' id='word_1_624' title='bbox 1746 3134 1757 3168; x_wconf 84' lang='lat'>3</span> <span class='ocrx_word' id='word_1_625' title='bbox 1784 3131 1865 3158; x_wconf 87' lang='lat' dir='ltr'>non</span> <span class='ocrx_word' id='word_1_626' title='bbox 1897 3120 2131 3158; x_wconf 87' lang='lat' dir='ltr'>indicativus</span> <span class='ocrx_word' id='word_1_627' title='bbox 2155 3119 2371 3157; x_wconf 90' lang='lat' dir='ltr'>coelestium</span> 
     </span>
     <span class='ocr_line' id='line_1_98' title="bbox 1345 3179 2370 3231; baseline -0.003 -10"><span class='ocrx_word' id='word_1_628' title='bbox 1345 3184 1592 3222; x_wconf 88' lang='lat' dir='ltr'>decretorum</span> <span class='ocrx_word' id='word_1_629' title='bbox 1603 3212 1616 3231; x_wconf 90' lang='lat'>,</span> <span class='ocrx_word' id='word_1_630' title='bbox 1646 3184 1715 3221; x_wconf 91' lang='lat' dir='ltr'>sed</span> <span class='ocrx_word' id='word_1_631' title='bbox 1737 3182 1976 3231; x_wconf 85' lang='lat' dir='ltr'>judicativus</span> <span class='ocrx_word' id='word_1_632' title='bbox 1994 3182 2231 3220; x_wconf 84' lang='lat' dir='ltr'>terrestrium</span> <span class='ocrx_word' id='word_1_633' title='bbox 2250 3179 2370 3220; x_wconf 75' lang='lat' dir='ltr'>delic-</span> 
     </span>
     <span class='ocr_line' id='line_1_99' title="bbox 1344 3243 2371 3293; baseline -0.005 -10"><span class='ocrx_word' id='word_1_634' title='bbox 1344 3249 1487 3283; x_wconf 90' lang='lat' dir='ltr'>torum.</span> <span class='ocrx_word' id='word_1_635' title='bbox 1510 3249 1553 3283; x_wconf 86' lang='lat' dir='ltr'>Et</span> <span class='ocrx_word' id='word_1_636' title='bbox 1571 3248 1664 3283; x_wconf 88' lang='lat' dir='ltr'>nota</span> <span class='ocrx_word' id='word_1_637' title='bbox 1683 3245 1733 3283; x_wconf 90' lang='lat' dir='ltr'>de</span> <span class='ocrx_word' id='word_1_638' title='bbox 1751 3245 1912 3282; x_wconf 86' lang='lat' dir='ltr'>veritate</span> <span class='ocrx_word' id='word_1_639' title='bbox 1925 3244 2140 3293; x_wconf 80' lang='lat' dir='ltr'>proposita,</span> <span class='ocrx_word' id='word_1_640' title='bbox 2159 3243 2269 3291; x_wconf 90' lang='lat' dir='ltr'>quod</span> <span class='ocrx_word' id='word_1_641' title='bbox 2286 3243 2371 3290; x_wconf 83' lang='lat' dir='ltr'>ipsa</span> 
     </span>
     <span class='ocr_line' id='line_1_100' title="bbox 1342 3305 2370 3354; baseline -0.005 -9"><span class='ocrx_word' id='word_1_642' title='bbox 1342 3307 1538 3354; x_wconf 87' lang='lat' dir='ltr'>judicium</span> <span class='ocrx_word' id='word_1_643' title='bbox 1557 3308 1706 3353; x_wconf 89' lang='lat' dir='ltr'>educit,</span> <span class='ocrx_word' id='word_1_644' title='bbox 1730 3308 1878 3354; x_wconf 88' lang='lat' dir='ltr'>justum</span> <span class='ocrx_word' id='word_1_645' title='bbox 1903 3306 2080 3352; x_wconf 86' lang='lat' dir='ltr'>deducit,</span> <span class='ocrx_word' id='word_1_646' title='bbox 2099 3305 2140 3342; x_wconf 92' lang='lat' dir='ltr'>in</span> <span class='ocrx_word' id='word_1_647' title='bbox 2158 3308 2370 3353; x_wconf 86' lang='lat' dir='ltr'>supernam</span> 
     </span>
    </p>
   </div>
   <div class='ocr_carea' id='block_1_15' title="bbox 1340 3401 2370 3530">
    <p class='ocr_par' dir='ltr' id='par_1_17' title="bbox 1340 3401 2370 3530">
     <span class='ocr_line' id='line_1_101' title="bbox 1344 3401 2370 3446; baseline -0.004 -10"><span class='ocrx_word' id='word_1_648' title='bbox 1344 3407 1551 3446; x_wconf 69' lang='lat' dir='ltr'>Xi,18.-7</span> <span class='ocrx_word' id='word_1_649' title='bbox 1574 3405 1663 3439; x_wconf 84' lang='lat' dir='ltr'>Psal.</span> <span class='ocrx_word' id='word_1_650' title='bbox 1684 3412 1782 3446; x_wconf 78' lang='lat' dir='ltr'>xviii,</span> <span class='ocrx_word' id='word_1_651' title='bbox 1807 3406 1857 3445; x_wconf 83' lang='lat'>10,</span> <span class='ocrx_word' id='word_1_652' title='bbox 1882 3406 1934 3437; x_wconf 81' lang='lat'>11.</span> <span class='ocrx_word' id='word_1_653' title='bbox 1951 3420 1991 3427; x_wconf 95' lang='lat'>—</span> <span class='ocrx_word' id='word_1_654' title='bbox 2011 3401 2127 3435; x_wconf 81' lang='lat' dir='ltr'>⁸Psal.</span> <span class='ocrx_word' id='word_1_655' title='bbox 2143 3401 2370 3443; x_wconf 82' lang='lat' dir='ltr'>hoc‚160.——</span> 
     </span>
     <span class='ocr_line' id='line_1_102' title="bbox 1340 3447 2369 3530; baseline -0.002 -47"><span class='ocrx_word' id='word_1_656' title='bbox 1340 3452 1477 3530; x_wconf 52' lang='lat' dir='ltr'>i‘stlbild„</span> <span class='ocrx_word' id='word_1_657' title='bbox 1498 3455 1569 3485; x_wconf 75' lang='lat'>118.</span> <span class='ocrx_word' id='word_1_658' title='bbox 1590 3469 1629 3477; x_wconf 90' lang='lat'>—</span> <span class='ocrx_word' id='word_1_659' title='bbox 1651 3453 1678 3476; x_wconf 82' lang='lat'>¹⁰</span> <span class='ocrx_word' id='word_1_660' title='bbox 1702 3451 1801 3492; x_wconf 64' lang='lat' dir='ltr'>ibid„</span> <span class='ocrx_word' id='word_1_661' title='bbox 1821 3451 1892 3482; x_wconf 72' lang='lat'>102.</span> <span class='ocrx_word' id='word_1_662' title='bbox 1913 3467 1948 3473; x_wconf 96' lang='lat'>—</span> <span class='ocrx_word' id='word_1_663' title='bbox 1971 3449 1996 3470; x_wconf 89' lang='lat'>¹¹</span> <span class='ocrx_word' id='word_1_664' title='bbox 2018 3451 2117 3490; x_wconf 60' lang='lat' dir='ltr'>Aug„</span> <span class='ocrx_word' id='word_1_665' title='bbox 2136 3448 2176 3480; x_wconf 85' lang='lat' dir='ltr'>de</span> <span class='ocrx_word' id='word_1_666' title='bbox 2194 3447 2254 3481; x_wconf 75' lang='lat' dir='ltr'>lib.</span> <span class='ocrx_word' id='word_1_667' title='bbox 2273 3447 2369 3490; x_wconf 65' lang='lat' dir='ltr'>Arb„</span> 
     </span>
    </p>
   </div>
  </div>
 </body>
</html>
