2633 3878
76 586 215 614 saeculum

96 629 203 662 saeculi,

95 671 174 704 quid.

119 1202 215 1228 Smen-

75 1241 135 1268 lum
176 1243 217 1269 t'u-

101 1286 197 1309 turum

92 1327 110 1350 t:
120 1325 196 1359 iplici

90 1367 195 1392 actioni

87 1406 203 1440 deputa-

89 1452 160 1476 tum.

239 302 315 340 378

561 429 744 465 Articulus
770 432 930 475 quartus.

285 515 481 557 Quantum
501 511 553 548 ad
582 514 762 559 quartam
789 511 1077 556 obedientiam,
1097 510 1263 558 perscri-

237 577 340 612 bitur
363 589 370 612 r
397 578 438 612 Ec
464 579 500 612 in
521 577 686 612 screatum
711 577 846 612 soeculi‘.
869 574 969 619 Quid
996 575 1052 610 est
1075 573 1263 609 saeculum

236 638 379 683 saecufi,
398 638 469 674 nisi
491 638 677 675 saeculum
697 637 990 674 subsecutivum
1010 635 1165 671 saeeuli?
1184 637 1262 672 Hoc

236 703 366 736 autem
398 703 451 736 est
481 700 666 737 sseeulum
695 699 890 742 sut-irum,
916 697 1093 745 praeseuti
1120 697 1262 733 saeculo

235 773 518 799 successurum.
555 762 654 799 Illud
685 761 874 796 saeeulum
903 760 1068 807 pertinet
1100 760 1150 795 ad
1179 770 1264 796 mo-

236 835 322 860 rum
350 823 726 869 remunerationem,
755 822 852 858 sicut
876 822 979 859 istud
1007 822 1059 858 ad
1085 832 1263 869 perseve-

236 887 427 922 rationem
458 898 465 921 :
499 886 597 921 illud
633 885 685 921 ad
722 885 989 921 obedientiam
1023 885 1260 930 aeternalem,

235 948 331 984 sieut
345 948 446 984 istud
461 947 511 984 ad
529 947 796 984 obedientiam
811 947 1079 995 temporalem.
1098 948 1126 983 O
1142 957 1263 994 quam

237 1010 351 1047 beata
383 1010 451 1046 illa
484 1010 731 1054 obedientia,
759 1009 799 1045 in
828 1020 906 1057 qua
934 1009 1044 1045 nulla
1076 1008 1259 1055 gravitas,

235 1072 305 1108 sed
332 1072 449 1119 plena
478 1073 667 1117 suavitas3
708 1082 828 1119 quam
866 1071 1075 1118 imperabit
1108 1081 1264 1107 summa

238 1134 414 1179 bonitas,
443 1145 532 1170 cum
563 1133 850 1180 obtemperabit
873 1133 1043 1180 perfecta
1076 1133 1259 1170 charitas!

238 1196 310 1233 Sed
333 1197 572 1241 notandum,
596 1196 703 1244 quod
725 1196 826 1232 illud
847 1196 1052 1241 saeculum,
1074 1196 1185 1243 quod
1206 1195 1264 1232 di-

238 1260 334 1295 citur
366 1259 552 1295 saeculum
584 1258 736 1305 sreculi,
774 1262 829 1295 est
861 1259 1089 1305 deputatum
1122 1258 1264 1306 triplici

239 1322 405 1367 aetioni3
431 1325 471 1357 ut
498 1325 589 1369 pote
617 1321 759 1357 divinoe
789 1321 1001 1357 nobilitatis
1029 1321 1265 1366 laudationi,

238 1383 379 1419 divinae
400 1383 592 1419 civilitatis
618 1384 916 1429 cohabitationi,
950 1384 1092 1420 divinae
1118 1384 1266 1420 hostili-

236 1445 321 1481 tatis
341 1446 644 1482 conturbationi.
668 1446 767 1482 Nihil
788 1446 855 1482 illa
882 1446 1084 1482 nobilitate
1103 1457 1263 1482 venera—

236 1507 375 1553 bilius3
398 1508 496 1543 nihil
523 1507 588 1543 illa
610 1508 792 1544 civilitate
820 1508 1146 1553 desiderabilius3
1167 1508 1265 1544 nihil

235 1570 303 1605 illa
336 1569 542 1606 hostilitate
577 1570 889 1617 vituperabilius.
924 1573 972 1606 De
1005 1570 1134 1618 primo
1171 1570 1265 1606 dici-

236 1631 328 1667 tur¹
355 1643 362 1666 :
389 1645 406 1665 «
430 1631 617 1668 Laudatio
645 1633 728 1679 ejus
754 1635 886 1669 manet
914 1632 954 1668 in
979 1633 1164 1669 saeculum
1193 1644 1263 1669 sae-

236 1693 311 1729 culi
336 1705 344 1729 :
368 1707 384 1727 »
409 1704 496 1730 ecce
519 1693 694 1731 laudatio
714 1694 832 1730 futuri
855 1695 1005 1740 saeculi,
1028 1696 1266 1732 conveniens

238 1756 381 1792 divinae
400 1756 608 1792 nobilitati.
632 1758 681 1792 De
703 1756 876 1792 secundo
891 1757 1073 1804 psallitur
1089 1769 1159 1806 per
1178 1761 1265 1794 Pro-

234 1820 393 1866 phetam
414 1821 427 1841 ‘²
450 1833 457 1856 ;
481 1834 497 1853 α
518 1821 610 1856 Justi
631 1820 916 1857 haereditabunt
935 1823 1091 1866 terram,
1114 1821 1266 1857 inhabi-

237 1882 374 1917 tabunt
394 1882 433 1917 in
454 1882 641 1918 saeculum
661 1882 793 1918 saeculi
815 1893 933 1929 super
953 1893 1055 1928 eam,
1076 1896 1094 1916 n
1119 1883 1266 1919 scilicet

235 1946 377 1979 terram
407 1944 646 1989 viventium,
681 1955 762 1980 non
793 1947 937 1980 terram
968 1944 1220 1981 morientium
1254 1957 1262 1981 ε

235 2017 322 2042 ecce
343 2005 584 2042 hareditatio
606 2008 642 2042 et
661 2006 850 2042 habitatio
870 2006 987 2042 futuri
1006 2007 1147 2048 saeculi,
1172 2017 1264 2043 con-

234 2079 376 2113 gruens
403 2068 545 2103 divinae
574 2068 760 2104 civilitati.
795 2070 842 2105 De
875 2069 985 2105 tertio
1019 2069 1125 2116 apud
1160 2080 1266 2105 eam—

234 2129 324 2165 dem
356 2129 496 2175 lcgitur
525 2130 793 2177 psalmodiam
822 2132 834 2152 ³
865 2144 873 2167 :
915 2144 931 2164 «
960 2131 1198 2168 Erubescant
1229 2135 1265 2168 et

234 2193 516 2229 conturbentur
549 2193 588 2228 in
620 2193 806 2229 saeeulum
840 2193 993 2238 saeculi,
1027 2196 1063 2230 et
1102 2193 1265 2229 confun-

234 2254 389 2300 dantur,
411 2257 447 2290 et
472 2257 633 2301 pereant
661 2267 669 2290 :
695 2269 711 2288 κ)
738 2266 826 2291 ecce
857 2255 1146 2300 erubescentia,
1170 2266 1264 2291 con-

235 2316 425 2361 turbatio,
449 2317 648 2361 confusio,
670 2319 706 2353 et
732 2317 962 2363 periclitatio
981 2317 1098 2353 futuri
1119 2317 1264 2362 saeculi,

235 2382 461 2426 competens
481 2377 625 2414 divinae
646 2379 859 2415 hostilitati.
893 2379 1008 2415 l'lanc
1035 2379 1266 2416 erubescen-

236 2442 287 2477 tia
308 2441 382 2477 sibi
403 2441 588 2488 compctit
612 2443 773 2488 propter
789 2441 1002 2486 justitiam,
1026 2452 1146 2488 quam
1168 2442 1266 2478 omi-

235 2504 301 2547 sit3
345 2504 613 2547 conturbatio,
651 2507 812 2552 propter
857 2504 1104 2550 injustitiam,
1144 2515 1265 2551 quam

235 2566 452 2612 ‹foinmisit3
490 2566 692 2611 confusio,
728 2568 888 2613 propter
921 2566 1111 2612 gloriam,
1144 2577 1264 2613 quam

237 2628 449 2673 demeruit3
471 2628 718 2675 periclitatio,
738 2631 899 2676 propter
915 2628 1127 2672 miseriam,
1143 2639 1264 2676 quam

236 2691 464 2736 promeruit.

663 2744 831 2785 Epilogus.

284 2814 341 2850 Ait
368 2826 461 2860 ergo
491 2815 697 2862 Propheta,
723 2826 791 2851 seu
810 2816 941 2863 potius
968 2826 1065 2852 voce
1094 2817 1265 2864 prophe-

238 2875 311 2911 tica
339 2878 414 2911 Deo
444 2876 619 2921 subjecta
650 2876 778 2912 fidelis
810 2877 966 2921 anima,
995 2888 1084 2923 quse
1115 2877 1163 2913 de
1194 2878 1264 2915 illo

237 2947 391 2983 semper
416 2940 565 2983 sperat,
588 2938 648 2973 cui
670 2938 814 2973 servire
836 2938 1032 2974 desiderat
1055 2950 1062 2973 :
1086 2941 1131 2974 Ec
1152 2944 1266 2975 custo-

238 2999 348 3043 diam,
367 2998 534 3034 exterius
554 2998 777 3045 operando,
799 3002 990 3045 quantum
1008 3000 1057 3036 ad
1078 3000 1264 3037 obedien-

239 3061 330 3096 tiam
357 3060 627 3107 corporalem3
650 3063 773 3105 Lenem
807 3065 923 3105 tuam,
953 3061 1113 3098 interius
1140 3063 1266 3099 consi-

239 3124 430 3169 derando,
454 3127 643 3170 quantum
665 3123 714 3157 ad
736 3122 1003 3158 obedientiam
1028 3125 1262 3171 mentalem3

243 3187 281 3219 In
310 3187 497 3230 saeeulum,
527 3184 695 3221 finaliter
728 3185 1040 3231 perseverando,
1074 3190 1265 3232 quantum

240 3247 291 3282 ad
311 3247 577 3283 obedientiam
598 3246 879 3293 temporalem,
903 3248 948 3282 Ec
968 3248 1006 3281 iu
1024 3250 1187 3283 saeculum
1204 3259 1264 3284 sce-

240 3311 324 3353 ruli,
347 3308 686 3344 interminabiliter
706 3311 741 3344 te
762 3308 980 3354 laudando,
1000 3312 1191 3355 quantum
1213 3310 1265 3345 ad

242 3370 507 3406 obedientiam
527 3370 763 3406 aeternalem.

285 3469 290 3483 '
314 3466 407 3497 Psal.
425 3475 480 3506 cx,
501 3469 529 3498 53.
548 3485 584 3489 —
605 3468 615 3485 ²
636 3467 723 3499 Psal.
739 3475 858 3508 xxxvt,
872 3471 922 3500 29.
942 3486 977 3491 —
996 3470 1006 3486 ³²
1027 3468 1114 3499 Psal.
1133 3476 1266 3508 Lxxxu,

246 3514 292 3544 tS.
324 3530 363 3536 -
399 3513 410 3532 '⁴
444 3515 453 3544 l
487 3514 607 3553 Thess„
641 3522 682 3555 ιι,
718 3516 768 3545 12.
802 3533 842 3538 -—
873 3517 883 3535 '²
919 3515 1051 3556 Ephes„
1084 3523 1116 3556 v,
1149 3517 1199 3547 15.
1227 3533 1267 3538 —

243 3560 255 3581 ⁸
275 3561 283 3591 I
310 3560 427 3599 Thess„
450 3568 496 3600 lv,
518 3563 565 3592 12.

933 294 1206 337 EXPOSITIO
1236 292 1289 335 IN
1318 293 1666 335 PSALTERIUM.

1687 466 1907 493 VERSICULUS
1933 467 2014 491 xm.

1384 573 1443 607 45.
1467 572 1511 605 Et
1529 569 1775 614 ambulabam,
1797 572 1867 605 etc.
1890 570 1940 604 De
1961 568 2049 614 lege
2068 568 2255 605 libertatis
2274 579 2363 616 per-

1336 634 1456 679 fectae,
1480 633 1647 681 qualiter
1667 633 1847 668 timorem
1866 635 2060 676 removet,
2083 642 2131 668 ex
2156 633 2365 678 quaterna-

1336 696 1395 732 rio
1414 695 1543 742 primo
1563 694 1710 741 liquet3
1733 693 1900 740 qualiter
1920 697 2048 730 autem
2075 704 2252 729 amorem
2270 704 2363 741 pro-

1337 759 1489 802 movet,
1509 767 1556 791 ex
1575 755 1755 802 praesenti
1786 755 1976 791 sublucet.
1999 757 2082 791 Haec
2107 755 2253 791 amoris
2272 765 2363 802 pro-

1337 818 1459 854 motio
1482 817 1732 864 quadruplici
1759 817 1858 854 solet
1883 817 2033 853 causari
2063 815 2256 853 beneficio
2266 829 2276 863 3
2301 819 2362 853 ut-

1337 884 1427 928 pote
1443 880 1681 917 exhibItione
1697 880 1744 927 (ιι)
1762 879 1956 916 manualis
1976 879 2170 924 efficaciae,
2184 879 2365 917 mentalis

1335 942 1585 991 perspicaciae
1597 971 1608 988 ,
1630 942 1801 979 verbalis
1827 942 2048 988 elegantias,
2066 941 2284 989 personalis
2301 952 2363 979 re-

1336 1005 1520 1042 verentiae
1536 1018 1543 1042 :
1566 1016 1654 1052 quae
1670 1005 1930 1041 subnotantur
1949 1004 1988 1040 in
2005 1004 2078 1041 isto
2095 1004 2364 1051 quaternario,

1337 1067 1406 1103 sed
1427 1067 1566 1103 ordine
1586 1066 1832 1113 retrogrado.
1862 1068 1999 1102 Versus
2017 1066 2187 1113 primm,
2205 1076 2365 1113 respon-

1338 1129 1434 1165 dens
1467 1129 1693 1165 reverentia}
1727 1127 1946 1176 personali,
1979 1127 2152 1164 declarat
2186 1138 2366 1165 reveren-

1337 1191 1432 1227 tiam
1469 1191 1678 1238 praestitam
1709 1190 1873 1235 viatori,
1907 1192 2067 1237 propter
2099 1189 2366 1226 obedientiam

1338 1253 1552 1290 exhibitam
1586 1252 1770 1289 Creatori.
1803 1254 2032 1288 Reverentia
2062 1251 2223 1299 quidem
2254 1252 2366 1288 illum

1339 1315 1516 1352 dilatavit
1541 1314 1710 1350 exterius
1737 1324 1807 1360 per
1833 1313 2178 1349 concomitantiam
2202 1313 2368 1360 popula-

1337 1388 1436 1422 rem,
1458 1377 1648 1424 quoniam
1669 1376 1799 1422 ipsum
1821 1375 2046 1411 obedientia
2063 1375 2285 1411 sublevavit
2303 1385 2367 1411 su-

1337 1440 1470 1488 perius
1498 1450 1568 1486 per
1602 1438 1879 1474 mandatorum
1910 1438 2200 1473 observantiam
2229 1437 2368 1474 saluta—

1338 1513 1436 1538 rem.
1458 1501 1683 1538 Secundum
1701 1500 1797 1544 hoe,
1818 1510 1953 1535 versus
1972 1499 2042 1535 iste
2063 1499 2165 1535 circa
2184 1499 2368 1536 meritum

1338 1563 1564 1600 reverentiae
1584 1562 1738 1599 videtur
1759 1564 1928 1609 quatuor
1949 1561 2165 1607 continere3
2187 1561 2370 1598 videlicet

1340 1625 1428 1673 quis
1456 1629 1641 1667 meretur,
1670 1624 1767 1671 quid
1797 1627 1982 1669 meretur,
2015 1634 2038 1659 a
2070 1634 2150 1671 quo
2183 1625 2366 1668 meretur,

1340 1698 1419 1734 qua
1446 1687 1596 1723 ratione
1622 1689 1805 1723 meretur.
1840 1686 1969 1723 Viator
1996 1686 2141 1733 quippe
2174 1687 2365 1729 meretum

1339 1749 1599 1786 reverentiam
1618 1750 1809 1794 meretur;
1829 1758 1852 1784 a
1869 1750 2048 1784 creatore
2068 1750 2257 1794 meretur:
2278 1747 2370 1783 obe-

1341 1813 1496 1850 dientiae
1514 1812 1665 1849 ratione
1685 1815 1870 1848 meretur.

1673 1917 1860 1952 Articulus
1885 1918 2037 1962 primus.

1387 2003 1433 2036 Et
1455 2000 1689 2036 ambulabam.
1718 2001 1796 2035 Hoc
1823 1999 1964 2035 dicitur
1991 1999 2040 2035 de
2066 1998 2237 2043 viatore,
2259 1998 2371 2044 eujiis

1340 2066 1447 2100 actus
1476 2064 1532 2099 est
1559 2063 1777 2099 ambulare.
1808 2061 1870 2097 Vis
1899 2062 1995 2098 scire
2027 2061 2191 2108 qualiter
2204 2060 2368 2108 ?,plane
2430 2064 2530 2092 Viator

1340 2126 1540 2172 tripliciter
1558 2138 1567 2171 ;
1591 2125 1722 2171 digne,
1744 2126 1875 2168 caute,
1896 2125 2058 2160 honeste
2082 2137 2090 2160 :
2114 2123 2231 2169 digne
2251 2122 2369 2169 siqui-
2395 2113 2520 2173 Ἦζᾛξ]

1341 2189 1432 2224 dem
1452 2199 1523 2234 per
1544 2187 1815 2233 devotionem3
1839 2189 1949 2223 caute
1971 2197 2042 2233 per
2068 2184 2365 2230 discretionem3
2387 2188 2456 2215 beat
2470 2195 2529 2213 am-

1339 2250 1500 2286 honeste
1527 2260 1597 2296 per
1627 2249 2030 2296 circumspectionem.
2071 2250 2118 2284 De
2151 2246 2281 2294 primo
2312 2246 2326 2268 ¹⁶
2357 2228 2501 2282 :hulam

1344 2325 1361 2345 α
1381 2313 1637 2359 Depreeantcs
1656 2322 1746 2355 vos,
1768 2313 1804 2346 et
1823 2310 2070 2346 consolantes
2095 2307 2285 2344 testificati
2306 2318 2368 2343 su-

1340 2385 1441 2419 mUS,
1460 2376 1503 2409 ut
1523 2373 1773 2409 ambularetis
1795 2373 1838 2419 (b)
1862 2372 1980 2418 digne
2004 2375 2101 2416 Deo,
2124 2370 2192 2418 qui
2212 2369 2368 2406 vocavit

1340 2447 1412 2472 vos
1437 2436 1477 2471 in
1507 2446 1623 2471 suum
1650 2445 1839 2481 regnum,
1870 2437 1906 2470 et
1927 2433 2093 2479 gloriam
2117 2445 2125 2468 :
2153 2446 2171 2467 »
2195 2435 2289 2468 Ecce
2311 2432 2368 2467 di-

1342 2499 1468 2544 gnitas
1485 2497 1685 2544 pertinens
1705 2496 1757 2533 ad
1777 2496 2043 2533 devotionem.
2066 2497 2115 2531 De
2137 2494 2311 2531 secundo
2331 2495 2365 2530 ⁵:

1345 2573 1362 2593 «
1383 2560 1538 2605 Videte,
1567 2559 1724 2603 fratres,
1751 2569 1829 2606 quo
1857 2558 1980 2594 modo
2010 2560 2120 2593 caute
2144 2555 2366 2602 ambuletis,

1340 2633 1422 2659 non
1450 2621 1563 2669 quasi
1591 2621 1836 2668 insipientes,
1865 2620 1935 2656 sed
1964 2621 2076 2667 quasi
2102 2619 2324 2666 sapientes:
2347 2631 2364 2652 ι)

1341 2695 1429 2721 ecce
1455 2683 1608 2720 cautela
1633 2685 1811 2731 spectans
1838 2683 1890 2719 ad
1916 2682 2204 2718 discretionem.
2227 2683 2277 2717 De
2298 2682 2370 2717 ter-

1341 2747 1393 2782 tio
1408 2747 1420 2768 ⁶
1435 2759 1443 2782 ι
1458 2759 1474 2779 «
1490 2745 1738 2792 Praecipimus
1754 2745 1884 2789 vobis,
1900 2746 1943 2780 ut
1961 2745 1997 2780 et
2015 2744 2177 2778 honeste
2196 2742 2368 2778 ambule-

1342 2809 1388 2844 tis
1415 2809 1466 2844 ad
1496 2819 1562 2844 eos
1589 2808 1655 2855 qui
1689 2807 1782 2843 foris
1817 2809 1932 2850 sunt,
1969 2808 2005 2841 et
2035 2804 2180 2840 nullius
2217 2803 2370 2850 aliquid

1342 2871 1572 2906 desideretis
1597 2881 1605 2905 :
1629 2883 1646 2903 n
1670 2879 1758 2905 ecce
1784 2869 1966 2905 honestas
1991 2866 2203 2913 respiciens
2223 2865 2274 2901 ad
2295 2864 2369 2901 cir-

1342 2932 1687 2979 cumspectionem.

1654 3037 1845 3072 Articulus
1870 3035 2053 3071 secundus

1390 3125 1432 3157 In
1453 3121 1659 3157 latitudine.
1688 3121 1767 3156 Hoc
1792 3117 1972 3154 scribitur
1999 3116 2048 3153 de
2075 3115 2295 3152 reverentia
2314 3114 2370 3151 di-

1341 3185 1498 3220 latante.
1516 3181 1743 3220 Reverenda
1762 3190 1903 3227 nempe
1920 3189 2089 3226 persona
2108 3177 2148 3213 in
2164 3176 2367 3213 latitudine

1342 3246 1539 3290 ambulat,
1560 3255 1682 3292 quam
1700 3254 1773 3291 pro
1795 3242 1855 3278 sui
1874 3240 2091 3278 reverentia
2110 3238 2265 3276 socialis
2283 3248 2367 3274 am-

1341 3308 1494 3355 plitudo
1523 3307 1669 3343 dilatat.
1696 3308 1780 3342 Haec
1803 3307 1858 3340 est
1883 3302 2046 3339 latitudo
2071 3300 2245 3337 litteralis
2260 3312 2270 3345 3
2298 3298 2368 3335 sed
2387 3346 2424 3373 do
2445 3346 2515 3381 Spm

1343 3373 1399 3405 est
1432 3369 1615 3405 triformis
1649 3365 1814 3403 latitudo
1849 3363 2059 3411 spiritualis
2074 3390 2085 3407 ,
2123 3372 2205 3397 non
2239 3360 2369 3397 minus
2388 3387 2530 3414 tuatistri-

1343 3430 1520 3476 personis
1537 3430 1763 3476 competens
1782 3425 2031 3462 reverendis:
2053 3433 2223 3470 quarum
2239 3421 2369 3469 prima
2389 3428 2501 3456 formis.

2415 3304 2519 3332 Latitu-

1386 3560 1430 3601 (α’)
1445 3561 1524 3593 Coet.
1538 3561 1617 3592 edit.
1634 3557 1918 3592 exhibitiones-
1930 3554 1975 3596 (b)
1994 3555 2073 3587 Caet.
2090 3553 2169 3586 edit.
2180 3551 2367 3584 ambuletis.
