2633 3878
273 312 348 349 376
965 305 1238 347 ExposITlo
1269 305 1321 347 ΙΝ
1351 306 1695 349 PSALTERIUM.

271 400 366 439 tum,
387 395 557 432 veritatis
575 395 943 443 praedicamentum,
961 395 1132 432 veritatis
1146 395 1295 433 emolu-

270 460 459 495 mentum.
471 457 815 501 Quemadmodum
827 458 1061 506 plerumque
1072 457 1298 506 proedicanti

1372 396 1423 433 tio
1443 399 1456 419 ¹³
1478 410 1486 433 :
1513 412 1529 431 «
1563 399 1685 434 llomo
1716 398 1914 443 apostata,
1944 396 2004 432 vir
2031 395 2200 443 inutilis,
2220 399 2396 443 graditur
2416 406 2555 451 qusiata

1373 469 1439 495 ore
1459 469 1657 506 perverso.
1692 472 1710 494 »
1740 460 1862 495 Homo
1893 457 2089 505 siquidem
2117 460 2315 505 apostata,
2337 460 2396 496 vir
2415 446 2557 514 sig-¹⁰⁸⁰*

271 519 475 565 contingit,
497 530 586 555 cum
607 519 692 556 talis
718 520 834 557 timor
861 520 986 557 taliter
1005 530 1072 556 cor
1099 519 1296 567 impingit,

270 580 380 627 quod
409 580 628 627 praedicans
659 592 703 618 os
732 582 979 628 constringit,
1012 581 1180 618 verbum
1211 592 1299 618 con-

269 641 422 688 fringit,
449 644 486 678 et
520 646 718 690 speratum
747 643 986 691 stipendium
1017 653 1098 680 non
1132 643 1296 690 attingit.

271 705 597 753 {inpedimentum
617 709 763 753 spectat
790 706 841 742 ad
861 705 1044 753 culpam,
1066 706 1298 743 instrumen-

270 772 365 813 tum,
383 768 434 804 ad
447 770 646 813 naturam,
662 767 1023 814 praedicamentum,
1041 768 1093 805 ad
1109 769 1295 816 gratiam3

271 829 593 875 emolumentum,
614 830 660 867 ad
681 829 862 876 gloriam.

601 937 791 973 Artz'culus
813 938 968 983 primus.

319 1020 492 1057 veritatis
514 1019 842 1067 impedimentum
862 1020 1079 1056 insinuatur
1092 1048 1104 1064 ,
1123 1029 1212 1056 cum
1232 1029 1299 1067 pe-

272 1085 361 1120 titur
384 1096 391 1120 :
425 1085 470 1119 Ec
497 1094 540 1119 ne
564 1085 729 1128 auferas,
759 1085 856 1129 etc.;
881 1093 924 1120 ac
949 1083 980 1118 si
1007 1084 1139 1130 aperte
1170 1081 1298 1119 dicat:

1371 520 1517 557 inutilis
1536 520 1677 556 dicitur
1686 547 1699 565 ,
1725 521 1793 568 qui
1813 530 1836 556 a
1856 519 1949 557 fidei
1969 519 2130 557 veritate
2150 530 2324 564 aversus,
2346 521 2397 557 ad

1370 582 1545 630 pertidiae
1568 582 1773 618 falsitatem
1800 581 2035 618 convertitur
2059 594 2066 618 :
2096 581 2158 618 hic
2181 583 2312 619 autem
2331 592 2398 619 ore

1371 655 1556 692 perverso
1583 644 1759 690 graditur
1773 672 1784 690 ,
1807 654 1897 680 cum
1918 643 1970 680 ad
1993 644 2070 680 oris
2098 654 2282 691 perversa
2302 643 2400 690 dog-

1372 708 1476 742 mata
1497 705 1721 753 pervcnitur
1745 717 1752 741 τ
1775 716 1863 742 ecce
1884 705 1962 742 oris
1980 705 2224 753 perversitas

1710 810 1899 846 Artz‘culus
1926 811 2068 846 tertius.

1419 897 1594 933 Veritatis
1637 895 1985 943 praedicamentum
2031 897 2265 940 annotatur,
2311 905 2401 931 cum

1373 958 1530 995 additur
1565 971 1573 995 ε
1606 960 1758 995 Verbum
1805 960 1971 994 veritatis
2014 968 2276 1004 usquequaque.
2316 958 2401 994 Haec

1373 1020 1515 1057 veritas
1547 1020 1788 1066 lubricatur,
1823 1031 1912 1056 cum
1946 1022 2107 1068 propter
2143 1030 2401 1068 personarum

1373 1082 1641 1130 acceptionem
1676 1082 1874 1119 remissius
1904 1082 2151 1130 praedicatur.
2186 1084 2229 1118 Et
2261 1083 2400 1119 notan-

271 1148 322 1182 Ne
355 1145 507 1182 auferas
539 1145 648 1192 quod
681 1144 938 1181 auferendum
973 1155 1054 1181 non
1085 1147 1162 1191 est,
1193 1143 1299 1181 aufe-

271 1207 395 1244 rendo
417 1207 526 1254 quod
555 1206 813 1243 auferendum
835 1209 902 1243 est.
930 1207 1101 1243 Verbum
1132 1206 1302 1244 veritatis

272 1268 529 1306 auferendum
560 1279 640 1304 non
671 1272 747 1314 est3
774 1269 1100 1317 impedimentum
1131 1268 1302 1306 veritatis

1375 1145 1471 1181 dum
1503 1144 1604 1180 circa
1635 1144 1804 1181 veritatis
1830 1145 2010 1189 verbum,
2044 1144 2154 1192 quod
2185 1144 2314 1192 ipsum
2347 1146 2404 1180 est
2434 1155 2564 1183 Verbum

1373 1205 1680 1253 proponendum
1694 1234 1705 1252 ,
1739 1206 2019 1253 exponendum
2034 1234 2045 1251 ,
2085 1206 2370 1254 opponendum
2391 1217 2400 1242 :
2423 1197 2563 1265 Βξὲοῑὲῑὲῡ·

1374 1268 1680 1316 proponendum
1707 1269 1840 1316 plane,
1870 1271 2063 1316 quantum
2096 1269 2148 1305 ad
2177 1267 2402 1305 historicam
2442 1278 2543 1314 praedi-

155 2456 223 2480 :siun
238 2462 262 2479 13

137 2495 253 2529 ..mpedit

134 2545 248 2563 cerrec-

138 2583 254 2606 thnem.

161 2835 210 2865 ΟΞ,
231 2836 262 2858 nt

138 2876 247 2900 instru-

124 2917 254 2942 mentum

124 2956 259 2985 verstatss,

154 2999 239 3033 quac

124 3049 187 3068 esse
209 3041 259 3067 de-

125 3083 198 3109 heah

272 1330 530 1367 auferendum
558 1333 624 1367 est.
657 1330 773 1367 Aufer
804 1341 896 1377 ergo
929 1330 1219 1376 auferendum3
1254 1342 1302 1368 ne

273 1393 425 1429 auferas
448 1403 529 1429 non
559 1392 818 1430 auferendum
845 1404 853 1429 :
883 1392 992 1430 aufer
1022 1393 1203 1430 timorem
1222 1403 1303 1430 ma-

271 1455 378 1501 lum;
411 1465 459 1491 nc
492 1455 644 1491 auferas
675 1455 843 1492 verbum
881 1455 1048 1492 bonum.
1080 1455 1155 1492 Sed
1188 1457 1302 1501 nota,

273 1518 383 1564 quod
408 1517 595 1563 contingit
622 1516 819 1554 interdum
850 1516 1002 1554 auferre
1026 1527 1108 1554 non
1127 1517 1304 1554 auferen-

274 1579 388 1625 dum,
409 1582 569 1627 propter
588 1582 770 1624 ventum,
792 1583 953 1628 propter
968 1579 1125 1625 vinum,
1145 1583 1304 1628 propter

275 1639 439 1677 donum.
464 1643 504 1677 ln
533 1644 650 1678 vento
675 1641 846 1688 intellige
873 1642 1086 1678 vanitatem
1095 1654 1105 1688 ;
1135 1641 1176 1678 in
1194 1642 1301 1688 vino,

275 1702 515 1749 voluptatem
527 1715 537 1748 3
560 1704 599 1739 in
620 1703 742 1749 dono,
764 1703 1031 1751 cupiditatem.
1055 1705 1103 1740 Dc
1122 1703 1251 1751 primo
1269 1704 1302 1740 ¹:

280 1778 296 1796 (ι
318 1764 541 1811 iniquitates
565 1768 726 1810 nostrae,
751 1765 861 1813 quasi
882 1767 1039 1811 ventuS,
1062 1765 1305 1801 abstulerunt

277 1836 380 1862 uos:
413 1839 430 1859 »
469 1826 549 1862 istae
579 1827 754 1874 profecto
788 1827 1009 1875 iniquitates
1043 1830 1131 1863 sunt
1159 1827 1306 1875 iniquae

278 1887 482 1933 vanitates,
503 1899 589 1935 quae
608 1888 802 1934 auferunt,
822 1900 890 1926 seu
910 1889 1130 1937 impediunt
1149 1900 1235 1934 nOS,
1256 1900 1306 1926 ne

279 1950 521 1996 corrigamus
543 1951 710 1996 amicos,
736 1951 949 1999 quaerendo
968 1963 1113 1988 vanam
1133 1952 1308 1989 dilectio-

277 2022 393 2057 nem,
422 2011 634 2059 plusquam
663 2023 799 2049 veram
833 2014 1126 2051 correctionem.
1167 2015 1218 2049 De
1250 2023 1308 2050 se-

279 2073 410 2109 cundo
430 2071 444 2092 ²
465 2085 473 2109 :
499 2087 516 2107 (ι
536 2074 752 2111 Fornicatio
766 2102 778 2120 ,
800 2075 937 2112 vinum
957 2078 994 2113 et
1013 2075 1180 2113 ebrietas
1200 2075 1306 2112 aufe·

278 2138 367 2171 runt
398 2146 476 2171 cor.
507 2150 523 2169 »
558 2136 779 2184 Voluptates
807 2137 971 2185 quidem
1003 2138 1184 2175 auferunt
1215 2149 1306 2183 cor,

280 2196 376 2233 dum
395 2197 606 2245 impeditur
627 2201 841 2243 corrector,
863 2211 912 2236 ne
932 2200 1169 2248 impediatur
1189 2200 1309 2237 dilec-

280 2262 364 2304 tor,
389 2259 451 2295 vel
472 2259 644 2296 aufertur
663 2261 852 2297 correctio
868 2289 880 2306 ,
899 2272 948 2298 ne
969 2262 1166 2299 auferatur
1186 2261 1307 2298 dilec-

282 2320 349 2364 tio,
370 2331 439 2356 seu
466 2321 700 2358 dilectorum
726 2322 1022 2361 condelectatio.
1056 2326 1108 2361 De
1130 2325 1241 2362 tertio
1263 2325 1276 2346 ³
1298 2337 1306 2360 :

285 2397 303 2416 α
323 2383 394 2428 Qui
425 2383 491 2420 dat
524 2395 715 2430 munera,
745 2386 919 2423 animam
954 2386 1078 2424 aufert
1112 2387 1308 2435 accipien-

282 2446 390 2483 tium.
415 2460 433 2481 ν)
465 2448 581 2484 Plane
608 2459 679 2496 pcr
702 2459 847 2486 munus
879 2448 1052 2486 aufertur
1071 2450 1241 2496 animus,
1260 2462 1308 2488 ne

282 2512 467 2555 arguatur
503 2511 732 2557 proximus,
772 2511 871 2548 sicut
902 2511 1170 2559 experimento
1210 2513 1310 2551 didi-

282 2571 417 2609 cimus.

596 2621 780 2657 Artc'culus
806 2622 988 2657 secundus.

327 2698 499 2735 Veritatis
521 2699 821 2736 instrumentum
847 2700 1081 2747 declaratur,
1103 2712 1193 2738 cum
1213 2701 1308 2738 dici-

281 2764 341 2796 tur
364 2772 372 2796 :
397 2763 444 2797 De
475 2772 533 2797 ore
562 2772 656 2806 meo,
692 2763 781 2806 etc.‚
801 2764 989 2809 tanquam
1020 2763 1192 2800 veritatis
1218 2774 1309 2800 con-

283 2832 380 2868 gruo
425 2823 694 2859 instrumento.
741 2826 783 2860 Et
830 2824 1070 2870 notandum,
1116 2826 1225 2872 quod
1265 2836 1308 2864 os

281 2886 481 2929 nostrum,
501 2885 552 2920 ad
578 2884 653 2921 hoc
681 2885 791 2931 quod
819 2885 865 2921 sit
890 2895 1110 2931 congruum
1137 2887 1308 2924 veritatis

282 2945 595 2991 instrumentum,
634 2946 751 2982 debet
786 2957 867 2982 esse
901 2957 982 2983 non
1013 2958 1195 2994 pravum,
1226 2959 1307 2986 non

280 3005 490 3052 lubricum,
523 3017 604 3042 non
634 3017 862 3054 perversum
897 3021 904 3043 :
940 3009 1111 3055 pravitas
1142 3010 1309 3057 pertinet

281 3067 331 3104 ad
351 3067 652 3114 detractionem,
675 3068 889 3113 lubricitas,
911 3070 961 3105 ad
981 3070 1304 3119 dissolutionem;

279 3130 525 3177 perversitas,
545 3130 596 3167 ad
610 3130 701 3166 fidei
718 3131 1023 3178 perversionem.
1046 3134 1095 3168 De
1115 3133 1243 3180 primo
1263 3134 1275 3154 ⁴
1294 3148 1304 3171 .-

283 3206 299 3225 «
322 3194 491 3228 Remove
515 3202 538 3228 a
557 3194 591 3228 te
612 3203 655 3228 os
674 3202 861 3240 pravum,
884 3196 920 3229 et
939 3193 1181 3232 detrahentia
1198 3195 1306 3233 labia

279 3253 417 3299 procul
444 3253 518 3289 sint
545 3264 569 3290 a
597 3256 633 3290 te
656 3266 663 3290 :
693 3268 710 3289 n
747 3264 836 3291 ecee
857 3255 935 3291 oris
962 3255 1145 3302 pravitas.
1175 3258 1224 3294 De
1251 3269 1305 3294 se-

280 3313 409 3351 cundo
430 3316 442 3336 ⁵
464 3327 472 3350 :
493 3328 510 3350 α
528 3317 577 3353 Os
594 3315 792 3352 lubricum
811 3319 995 3364 operatur
1013 3317 1160 3363 ruinas,
1175 3331 1192 3351 »
1211 3319 1304 3366 quia

278 3375 463 3412 nimirum
503 3376 707 3414 dissolutio
741 3377 1038 3415 dissolutionem
1068 3382 1226 3425 generat
1263 3380 1303 3417 in

279 3436 410 3472 animo
442 3437 659 3475 auditoris:
683 3449 772 3476 ecce
804 3440 882 3476 oris
910 3440 1123 3478 lubricitas.
1154 3443 1203 3478 De
1230 3444 1303 3478 ter-

321 3520 331 3539 ¹
352 3519 428 3557 lsa.‚
450 3528 543 3562 Lx1v,
563 3522 591 3552 6.
615 3537 651 3545 -
670 3522 683 3543 ²
701 3522 785 3562 Ose„
807 3530 854 3564 IV,
878 3526 925 3555 11.
946 3540 985 3547 —
1004 3524 1137 3565 3Ρνου.,
1159 3532 1248 3564 xxn,
1269 3527 1300 3557 9.

277 3582 315 3588 —
332 3565 344 3587 δ
361 3566 472 3606 Prov.,
494 3575 538 3607 w,
558 3569 608 3600 24.
625 3585 664 3592 —
683 3570 696 3591 ⁵
714 3571 826 3610 Proin,
848 3579 938 3611 xxvi,
960 3573 1010 3604 28.
1027 3589 1068 3595 —
1088 3572 1100 3591 ⁶
1119 3572 1229 3613 prov„
1251 3580 1298 3613 vi,

1375 1331 1664 1378 narrationem;
1687 1330 1970 1378 exponendum
1989 1341 2108 1376 sane,
2133 1331 2325 1378 quantum
2351 1329 2404 1366 ad
2424 1320 2560 1348 eandum.

1376 1393 1581 1440 mysticam
1597 1392 1973 1440 interpretationem;
1990 1391 2275 1440 opponendum
2289 1391 2405 1429 etiam

1377 1458 1611 1503 opportune,
1637 1458 1772 1492 contra
1806 1455 2058 1503 sophisticam
2089 1454 2152 1491 vel
2185 1453 2405 1490 haereticam

1377 1516 1735 1554 calumniationem.
1758 1519 1808 1553 De
1836 1517 1965 1565 primo
1987 1516 2080 1553 dicit
2098 1515 2259 1562 Paulus,
2281 1515 2406 1552 domi-

1377 1580 1473 1615 nicae
1510 1579 1765 1627 apparitionis
1800 1582 1836 1616 et
1869 1590 1948 1615 suae
1977 1578 2244 1616 conversionis
2271 1588 2406 1615 narra-

1377 1644 1438 1677 tor
1458 1641 1471 1663 ⁷
1490 1653 1498 1677 :
1526 1641 1732 1678 «Veritatis
1753 1643 1787 1677 ct
1806 1641 2025 1678 sobrietatis
2044 1640 2166 1678 verba
2186 1640 2402 1688 eloquor.»

1379 1704 1429 1739 De
1450 1702 1622 1739 secundo
1643 1703 1775 1739 scribit
1794 1702 2002 1750 Apostolus
2019 1703 2033 1725 ⁸
2055 1714 2063 1739 :
2091 1702 2292 1741 «Sollicite
2312 1712 2407 1739 cura

1379 1764 1547 1812 teipsum
1571 1764 1822 1812 probabilem
1851 1764 2037 1802 exhibere
2069 1766 2160 1811 Deo,
2182 1763 2407 1812 operarium

1379 1827 1760 1874 irreprehensibilem
1777 1856 1786 1872 ,
1824 1829 1924 1879 recte
1966 1828 2197 1863 tractantem
2241 1826 2409 1863 verbum

1380 1888 1563 1925 veritatis,
1594 1903 1611 1923 »
1636 1892 1706 1926 Per
1724 1892 1871 1926 rectam
1895 1888 2006 1926 verbi
2028 1888 2297 1925 tractationem
2322 1887 2411 1924 insi-

1381 1954 1476 1986 nuat
1505 1951 1711 1998 mysticam
1740 1951 2112 1999 interpretationem.
2144 1953 2195 1987 De
2222 1949 2333 1987 tertio
2363 1951 2408 1987 ⁹:

1386 2026 1403 2045 «
1425 2014 1507 2049 Non
1523 2013 1769 2050 contradicas
1787 2013 1909 2050 verbo
1927 2012 2097 2049 veritatis
2115 2012 2197 2049 ullo
2217 2011 2353 2059 modo,
2375 2014 2412 2049 et

1382 2074 1590 2111 mendacio
1605 2075 1877 2112 ineruditionis
1897 2077 1970 2111 tuae
1989 2074 2248 2120 confundere;
2261 2087 2279 2109 »
2299 2073 2411 2121 quasi

1384 2137 1488 2174 dicat
1526 2150 1534 2174 ;
1568 2140 1652 2175 Non
1686 2138 1931 2175 contradicas
1970 2138 2094 2174 verbo
2132 2136 2303 2174 veritatis
2339 2135 2410 2173 tibi

1384 2200 1589 2248 opposito:
1609 2200 1678 2236 sed
1698 2200 1883 2237 erubesce
1910 2200 1959 2236 de
1986 2199 2108 2236 verbo
2129 2198 2304 2235 falsitatis
2325 2208 2348 2235 a
2374 2199 2410 2235 te

1383 2261 1599 2309 proposito.

1708 2357 1899 2393 Articulus
1924 2359 2086 2403 quartus.

1433 2447 1606 2484 Veritatis
1623 2448 1932 2485 emolumentum
1948 2447 2193 2492 subnotatur,
2211 2456 2301 2482 cum
2321 2445 2413 2481 sub-

1385 2510 1490 2547 ditur
1528 2523 1536 2547 :
1578 2511 1674 2554 Quia
1713 2513 1752 2546 in
1794 2511 1945 2556 judiciis
1985 2511 2058 2548 tuis
2091 2509 2357 2557 >supersperavi
2401 2520 2410 2544 :

1384 2575 1466 2611 haec
1509 2577 1598 2611 sunt
1629 2574 1778 2622 judicia
1810 2575 2006 2622 justorum
2051 2572 2325 2619 retributoria,
2371 2572 2413 2608 in

1386 2637 1530 2684 quibus
1557 2638 1649 2684 justi
1685 2637 1825 2673 merito
1862 2639 2163 2685 supersperant,
2197 2635 2290 2684 qnia
2327 2645 2411 2672 me-

1384 2699 1501 2735 ritum
1545 2699 1722 2747 ipsorum
1769 2701 1965 2747 superant.
2023 2698 2098 2736 Sed
2143 2701 2236 2735 nota
2253 2726 2265 2744 ,
2310 2697 2413 2734 circa

1380 2761 1529 2807 judicia
1551 2763 1787 2806 memorata,
1822 2761 1931 2809 quod
1961 2763 2049 2797 sunt
2075 2759 2299 2797 defectuum
2317 2769 2411 2808 pur-

1384 2822 1536 2868 gativa,
1564 2827 1792 2870 aspectuum
1820 2822 2103 2867 illuminativa,
2125 2821 2335 2858 affectuum
2353 2820 2411 2856 in·

1384 2882 1623 2921 flammativa
1661 2896 1668 2920 :
1711 2887 1870 2931 propter
1896 2883 2095 2930 primum,
2134 2883 2411 2930 comparantur

1385 2957 1518 2993 aquce5
1551 2949 1710 2994 propter
1742 2945 1972 2991 seeundum,
2008 2945 2085 2981 luci
2096 2957 2108 2991 3
2147 2947 2306 2992 propter
2337 2946 2410 2981 ter-

1384 3007 1503 3054 tium,
1530 3008 1623 3054 igni.
1658 3010 1707 3045 De
1736 3007 1864 3056 primo
1887 3009 1916 3030 ¹⁰
1946 3019 1955 3042 z
1981 3020 1998 3041 ιι
2017 3006 2268 3044 Revelabitur
2297 3006 2409 3054 quasi

1383 3081 1486 3118 aqua
1499 3071 1708 3117 Judieium,
1728 3072 1764 3106 et
1773 3069 1919 3116 Justitia
1935 3069 2047 3117 quasi
2066 3071 2212 3106 torrens
2228 3068 2338 3106 fortis
2359 3080 2367 3104 :
2385 3081 2402 3103 »

1382 3134 1420 3170 in
1451 3145 1530 3182 quo
1562 3136 1689 3182 potest
1712 3133 1876 3180 intelligi
1906 3133 2088 3180 purgatio
2116 3131 2246 3169 cordis
2267 3133 2305 3169 et
2323 3141 2407 3168 cor-

1381 3197 1500 3243 poris.
1529 3199 1579 3233 De
1608 3196 1781 3234 secundo
1802 3196 1826 3218 ¹¹
1852 3207 1860 3231 :
1886 3207 1902 3229 «
1936 3194 2067 3231 Occidi
2105 3204 2172 3231 eos
2204 3194 2245 3230 in
2275 3193 2406 3231 verbis

1381 3259 1459 3294 oris
1477 3259 1576 3302 mci,
1597 3261 1633 3295 et
1653 3258 1801 3304 judicia
1826 3268 1915 3294 mea
1929 3285 1940 3302 ,
1960 3255 2073 3304 quasi
2096 3256 2184 3302 lux,
2206 3254 2406 3301 egredien-

1379 3322 1452 3356 tur.
1475 3333 1492 3354 ›>
1515 3320 1615 3364 Quid
1646 3322 1701 3357 est
1732 3319 1859 3356 occidi
1886 3319 1927 3355 in
1959 3317 2089 3355 verbis
2117 3317 2196 3354 oris
2215 3315 2301 3362 Dei,
2330 3315 2404 3352 nisi

1378 3381 1594 3418 intellectus
1618 3380 1745 3428 frangi
1767 3381 1808 3417 in
1827 3379 2062 3427 obsequium
2080 3378 2174 3415 fidei
2193 3378 2211 3413 Τ
2238 3379 2281 3414 Et
2306 3377 2405 3425 quid

1379 3445 1434 3479 est
1459 3443 1609 3489 judicia
1641 3442 1752 3490 quasi
1784 3441 1911 3478 lucem
1946 3439 2098 3486 egredi,
2127 3437 2210 3475 nisi'
2226 3441 2404 3486 aspectus

1378 3527 1428 3558 12.
1445 3544 1485 3550 —
1499 3527 1513 3548 ⁷
1530 3528 1614 3559 Act..
1638 3534 1734 3564 xxvi,
1754 3527 1805 3557 25.
1822 3542 1861 3548 —
1877 3526 1888 3543 ὅ
1907 3526 1929 3556 ΙΙ
1955 3524 2048 3563 Tim„
2073 3531 2110 3564 Π,
2134 3526 2236 3556 13⁰.—
2255 3524 2269 3546 ⁹
2285 3524 2400 3565 Eccli.,

1378 3581 1425 3613 lv,
1449 3575 1499 3605 30.
1524 3591 1558 3598 -
1583 3575 1606 3596 ’⁰
1624 3575 1736 3614 Amos,
1754 3580 1786 3613 v,
1809 3574 1858 3605 24.
1879 3589 1919 3596 -
1940 3572 1964 3594 ¹¹
1986 3571 2070 3612 Oce.²
2094 3579 2138 3612 vi,
2156 3572 2185 3603 5.
