2633 3878
172 275 223 313 538
865 258 1312 307 ILLUMINATIONES
1342 257 1604 301 ECCLESIAE

172 374 297 412 nem;
324 372 497 410 verum,
535 356 616 398 nisi
649 355 874 398 credideris
902 355 1042 408 ipsum
1063 350 1199 393 cruci-

173 434 329 482 fixum,
346 443 431 472 non
450 428 718 482 consequeris
734 427 932 480 gratiam.
952 425 1070 466 Unde
1089 423 1199 476 Apo·

174 504 306 545 stolus
338 501 435 543 dicit
462 501 472 522 ¹
500 515 507 540 :
539 499 665 541 «Non
686 511 739 539 ex
765 498 964 551 operibus
994 495 1196 549 justitiae,

174 588 271 629 qua·
289 574 464 614 fecimus
481 584 578 622 nos,
598 571 669 612 sed
686 570 916 611 secuudum
937 579 1059 608 suam
1078 566 1200 606 mise-

175 646 396 687 ricordiam
414 645 552 686 salvos
572 655 650 683 nos
669 642 784 692 fecit,
810 653 884 694 per
898 641 1115 681 lavacrum
1133 649 1197 678 re·

174 717 476 771 generationis,
493 718 531 757 et
551 712 838 755 renovationis
854 711 1036 765 Spiritus
1053 708 1198 759 sancti,

175 801 302 843 quem
325 788 470 829 effudit
500 787 543 826 in
564 785 683 825 nobis
703 784 754 836 (a)
777 782 943 824 abunde
961 793 1037 835 per
1057 780 1201 821 Jesum

175 861 388 901 Christum
420 858 682 899 Salvatorem
714 856 938 904 nostrum,
975 854 1023 893 ut
1043 850 1200 904 justifi-

176 932 255 972 cati
275 931 412 984 gratia
432 929 563 982 ipsius
577 960 586 977 ,
605 926 794 968 liaeredes
815 925 947 965 simus
967 922 1200 964 secundum

175 1016 292 1057 spem
309 1002 405 1043 vitae
422 1003 607 1042 aeternae.
619 1014 637 1037 ›)
658 998 840 1052 Spiritus
855 998 1036 1047 sanctus,
1054 993 1127 1048 qui
1142 994 1202 1034 est

176 1075 294 1115 dator
304 1074 553 1122 formarum,
569 1072 610 1111 et
622 1069 870 1111 distributor
879 1067 1201 1115 charismatum,

175 1157 295 1187 amor
317 1148 379 1185 est
410 1143 636 1197 procedens
656 1154 680 1182 a
700 1140 821 1182 Patre
854 1141 895 1180 et
920 1138 1040 1180 Filio.
1073 1136 1204 1187 Quid-

175 1217 276 1270 quid
307 1216 442 1268 igitur
471 1217 573 1267 agat
604 1214 754 1264 Pater,
787 1211 993 1266 quidquid
1019 1209 1204 1263 patiatur

174 1288 204 1330 1³
208 1289 305 1329 ilius
321 1321 331 1340 ,
354 1300 439 1328 non
464 1286 627 1340 proficit
647 1285 699 1326 ad
718 1284 896 1325 salutem
925 1282 1015 1323 sine
1044 1280 1205 1334 Spiritu

176 1362 333 1401 sancto.
358 1359 570 1404 Secundo,
595 1356 775 1411 Spiritus
796 1356 966 1396 sanctus
982 1354 1045 1394 est
1066 1364 1204 1392 nexus

176 1431 310 1472 Patris
332 1434 370 1471 et
399 1430 517 1481 Filii,
549 1431 719 1470 nectens
752 1439 828 1467 nos
860 1424 973 1466 Patri
1011 1425 1051 1463 et
1081 1422 1200 1463 Filio.

177 1502 293 1544 Unde
313 1501 530 1555 Apostolus
550 1500 647 1542 dicit
666 1504 679 1525 ²
702 1513 710 1539 :
740 1514 758 1537 α
781 1497 920 1539 Gratia
941 1495 1107 1537 Domini
1126 1506 1203 1536 no-

177 1575 253 1615 stri
270 1574 368 1616 Jesu
389 1573 554 1624 Christi,
579 1575 619 1613 et
638 1571 819 1613 charitas
839 1569 925 1621 Dei,
949 1571 990 1609 et
1009 1579 1201 1609 commu-

178 1647 329 1688 nicatio
349 1646 480 1687 sancti
500 1645 683 1698 Spiritus
705 1643 757 1683 sit
776 1654 875 1683 cum
904 1640 1105 1681 omnibus
1126 1651 1202 1681 vo-

178 1720 254 1770 bis,
273 1719 451 1759 Amen.»
474 1717 516 1759 Si
531 1717 664 1770 igitur
675 1716 739 1757 vis
756 1714 912 1755 habere
931 1723 1119 1753 amorem
1135 1723 1206 1764 pa-

178 1790 348 1832 ternalis
368 1789 586 1843 principii,
621 1790 662 1828 et
684 1798 873 1827 amorem
897 1783 1024 1826 Verbi
1055 1782 1205 1837 prolati

178 1876 203 1904 a
222 1862 425 1916 principio
439 1893 449 1912 ,
480 1864 519 1902 et
540 1872 729 1901 amorem
750 1857 932 1912 Spiritus
954 1856 1087 1897 sancti
1115 1855 1205 1908 spi—

180 1935 258 1976 rati
279 1947 304 1974 a
323 1933 487 1975 duobus
514 1945 600 1973 uno
620 1931 848 1985 principio,
873 1929 982 1969 habe
1003 1927 1202 1980 gratiam.

179 2005 297 2047 [nde
326 2006 462 2058 igitur
495 2005 631 2045 oritur
665 2003 834 2056 gratia?
867 2001 983 2043 Certe
1003 2013 1078 2054 per
1098 1999 1205 2042 Ver-

179 2079 282 2119 bum
300 2078 586 2127 incarnatum,
620 2087 693 2129 per
711 2074 899 2116 Verbum
928 2072 1203 2121 crucifixum,

180 2153 219 2190 ct
240 2162 314 2203 per
335 2150 514 2190 verbum
539 2147 807 2201 inspiratum.
829 2144 992 2186 Mobilis
1018 2143 1206 2183 influen-

182 2222 234 2262 tia
257 2233 353 2274 qnae
376 2234 401 2261 a
417 2220 554 2262 Verbo
573 2220 789 2260 incarnato
808 2217 937 2257 habet
957 2215 1170 2267 originem
1192 2228 1200 2253 :

180 2293 343 2334 custodi
372 2293 508 2345 igitur
528 2291 798 2343 temetipsum
818 2291 858 2330 et
878 2288 1068 2346 animam
1086 2288 1206 2326 tuam

182 2365 369 2406 sollicite.
392 2364 598 2418 Abjicitur
620 2363 756 2416 gratia
775 2395 784 2413 ,
808 2373 905 2415 quae
926 2362 988 2401 est
1007 2359 1094 2400 vita
1113 2357 1206 2398 ani-

179 2450 289 2488 mae,
312 2437 362 2477 de
386 2437 522 2477 medio
543 2448 618 2488 per
643 2436 873 2489 peccatum.
896 2431 1118 2472 Peccatum
1147 2431 1208 2470 est

180 2521 256 2549 sua
276 2511 422 2561 sponte
453 2508 741 2549 introductum
770 2506 815 2546 in
834 2503 1081 2557 'thalamum
1113 2501 1205 2542 ani-

181 2591 263 2621 mae
278 2612 291 2631 ,
314 2579 548 2632 pretiosum
581 2578 730 2631 gratiae
768 2577 1019 2617 thesaurum
1048 2574 1209 2615 exhau-

182 2652 307 2692 riens,
327 2652 430 2692 Cum
450 2651 545 2704 quis
563 2662 637 2702 per
656 2649 838 2703 gratiam
860 2648 1015 2700 dignus
1034 2646 1207 2687 effectus

182 2725 244 2764 est
263 2722 350 2763 vita
370 2725 528 2763 aeterna
541 2753 550 2771 ,
577 2722 754 2762 efficitur
773 2732 848 2773 per
868 2720 1087 2772 peccatum
1107 2718 1144 2758 di
1151 2729 1208 2769 g-

185 2807 266 2835 nus
285 2796 421 2835 morte
447 2796 619 2834 aeterna.
645 2792 762 2833 Unde
792 2790 1017 2844 Apostolus
1037 2788 1137 2829 dicit
1159 2788 1172 2810 ³
1196 2802 1204 2828 :

190 2882 208 2905 «
224 2865 392 2905 Irritam
412 2865 507 2918 quis
525 2864 680 2905 faciens
695 2864 835 2915 legem
857 2861 1004 2914 Moysi,
1017 2861 1105 2900 sine
1123 2858 1209 2899 ulla

184 2936 449 2977 miseratione
468 2936 654 2986 duobus,
676 2935 746 2977 vel
764 2934 898 2974 tribus
917 2932 1094 2973 testibus
1115 2943 1206 2971 mo-

183 3008 292 3048 ritur
315 3022 324 3048 :
350 3009 507 3061 quanto
538 3008 674 3060 magis
707 3005 860 3060 putatis
887 3004 1092 3045 deteriora
1118 3014 1206 3042 me-

183 3079 267 3120 reri
288 3078 505 3132 supplicia,
526 3078 600 3131 qui
620 3078 775 3119 Filium
793 3076 864 3118 Dei
883 3074 1207 3125 conculcaverit,

189 3152 228 3191 et
254 3149 511 3202 sanguinem
528 3147 765 3189 testamenti
792 3147 998 3200 pollutum
1019 3145 1206 3195 duxerit,

190 3223 230 3261 et
249 3220 422 3273 Spiritui
442 3219 593 3273 gratiae
614 3219 909 3261 contumeliam
927 3217 1094 3269 fecerit?
1114 3232 1132 3255 >³
1158 3216 1210 3257 Et

190 3291 382 3344 sequitur
404 3291 417 3312 ὃ
445 3304 455 3333 :
489 3307 508 3331 «
528 3291 691 3332 Rursus
708 3290 1007 3341 crucifigentes
1027 3288 1210 3329 sibimet-

186 3362 287 3415 ipsis
308 3362 459 3404 Fiiium
483 3362 577 3415 Dei,
601 3365 640 3404 et
653 3361 833 3404 ostentui
854 3361 1068 3401 habentes.
1084 3373 1103 3397 n
1129 3359 1210 3400 Pro

230 3448 240 3469 1
264 3448 339 3486 Tit„
360 3455 411 3486 111,
434 3451 558 3480 5-1-
583 3449 594 3467 ²
618 3449 644 3481 ll
667 3448 757 3488 Corn,
778 3454 856 3486 xin,
882 3448 927 3477 13.
949 3463 987 3469 —
1011 3446 1025 3468 ³
1044 3444 1155 3484 Hebr.‚
1176 3453 1210 3484 x,

189 3496 246 3533 28,
273 3497 323 3526 29.
350 3512 391 3518 —
421 3496 431 3514 ‘
460 3495 574 3534 Hebr„
602 3504 654 3535 Vi,
685 3497 715 3527 6.
740 3512 782 3518 -
809 3496 819 3513 '³
846 3493 962 3531 Ecclz‘.,
992 3501 1070 3531 ΧΧι,
1093 3494 1146 3524 22.
1170 3509 1212 3515 -

190 3542 201 3560 ⁶
223 3541 349 3580 Galat„
372 3550 394 3581 l,
417 3544 466 3582 15,
490 3544 587 3575 16.—
607 3544 616 3562 ⁷
631 3546 729 3584 Aug„
752 3542 859 3582 Confi,
880 3541 937 3572 lib.
955 3541 996 3581 X,
1014 3550 1042 3571 c.
1066 3547 1209 3570 xxix.—

191 3590 201 3607 ³
218 3589 332 3630 Rern„
346 3590 379 3622 in
396 3590 505 3631 Cant.‚
526 3599 626 3623 serm.
650 3599 728 3632 xm,
744 3590 778 3622 in
797 3589 948 3631 princ.-—
967 3588 978 3606 '³
998 3587 1121 3626 Eccle„
1139 3595 1163 3627 1,
1179 3588 1211 3618 7.

1272 350 1360 391 toto
1385 349 1585 391 universo
1605 359 1691 389 non
1722 347 1893 389 deberet
1921 346 2049 389 homo
2080 350 2299 401 peccatum

1273 421 1451 462 mortale
1469 419 1744 470 committere,
1764 418 2077 472 peremptivum
2094 419 2300 462 nobilissi-

1273 504 1356 533 mae
1371 492 1485 534 vitae.
1501 491 1644 533 Voluit
1659 490 1792 531 Filius
1805 490 1877 532 Dei
1890 490 2056 541 tentari,
2068 491 2115 531 ut
2135 490 2300 533 doceret

1274 564 1365 604 vias
1384 562 1619 616 repulsivas
1632 564 1913 615 peccatorum.
1937 560 2054 602 Unde
2075 562 2303 604 Ecclesias-

1275 635 1383 676 ticus
1401 634 1497 674 dicit
1511 637 1523 658 ⁵
1546 646 1555 674 :
1578 632 1736 681 «Quasi
1755 645 1780 672 a
1797 631 1899 672 facie
1918 632 2077 672 colubri
2089 632 2192 683 fuge
2210 644 2302 685 pec-

1274 709 1388 756 cata,
1409 707 1449 746 et
1468 705 1502 745 si
1522 703 1744 745 accesseris
1764 703 1816 743 ad
1836 703 1907 744 illa
1923 735 1933 754 ,
1957 703 2186 757 suscipient
2206 707 2259 745 te.
2277 718 2297 742 n

1273 775 1422 818 Vidisti
1439 788 1562 828 ergo,
1584 775 1679 828 quis
1695 774 1875 814 sitortus
1893 775 2068 826 gratiae;
2092 775 2187 817 vide
2208 775 2304 828 quis

1275 848 1327 888 sit
1348 861 1452 889 usus
1475 847 1637 900 gratiae.
1665 847 1775 888 Usus
1795 849 1938 886 autem
1957 847 2108 899 gratiae
2129 850 2191 888 est
2213 860 2305 901 pro—

1277 919 1464 962 niotivus
1484 920 1529 959 in
1550 919 1787 973 profectum
1806 918 2073 959 meritorium
2094 919 2302 972 operatio-

1275 1002 1395 1031 num.
1422 991 1664 1043 Requiritur
1685 992 1827 1031 autem
1848 990 1900 1031 ad
1931 990 2177 1043 hujusmodi
2205 1002 2303 1044 pro-

1276 1063 1533 1113 motionem,
1555 1062 1670 1116 quod
1689 1074 1792 1102 usus
1823 1061 1973 1114 gratiae
1994 1061 2046 1102 sit
2074 1060 2208 1101 fidelis
2236 1074 2304 1103 re-

1277 1136 1421 1187 spectu
1441 1133 1631 1186 Domini,
1660 1134 1797 1176 virilis
1817 1133 1861 1174 in
1889 1146 1953 1185 se,
1990 1135 2031 1174 et
2056 1132 2241 1174 liberalis
2260 1133 2306 1174 in

1276 1207 1537 1260 proximum.

1330 1277 1458 1319 Debet
1476 1277 1609 1330 igitur
1637 1289 1737 1318 usus
1770 1276 1919 1329 gratiae
1948 1276 2084 1318 fidelis
2116 1287 2205 1318 esse
2237 1289 2303 1318 re-

1279 1351 1424 1401 spectu
1438 1348 1618 1389 Domini.
1632 1348 1749 1389 Unde
1763 1348 1991 1401 Apostolus
2006 1348 2104 1389 dicit
2118 1348 2130 1370 ⁶
2149 1363 2157 1389 :
2173 1348 2307 1389 «Cum

1277 1419 1433 1473 placuit
1453 1420 1516 1472 ei,
1541 1419 1615 1473 qui
1635 1432 1703 1460 me
1731 1419 1979 1472 segregavit
1999 1419 2050 1460 de
2069 1421 2191 1460 utero
2210 1431 2308 1460 ma-

1275 1491 1352 1532 tris
1375 1503 1480 1532 meae
1496 1523 1508 1542 ,
1533 1493 1574 1532 et
1592 1491 1760 1534 vocavit
1781 1503 1855 1544 per
1875 1489 2060 1543 gratiam
2082 1502 2203 1531 suam
2217 1522 2228 1542 ‚
2260 1492 2309 1532 ut

1277 1563 1485 1605 revelaret
1497 1563 1653 1604 Filium
1668 1576 1796 1604 suum
1816 1564 1859 1604 in
1873 1575 1941 1603 me
1954 1595 1965 1614 ,
1979 1565 2028 1604 ut
2041 1562 2308 1615 evangeliZa-

1277 1646 1369 1676 rem
1380 1635 1499 1675 illum
1514 1635 1559 1675 in
1575 1634 1790 1687 gentibus,
1802 1634 2001 1675 continuo
2013 1646 2099 1674 non
2114 1634 2307 1687 acquievi

1279 1706 1395 1746 carni
1415 1708 1456 1747 et
1477 1706 1691 1758 sanguini.
1708 1720 1727 1743 ›)
1761 1705 1935 1756 Quando
1967 1705 2122 1758 quaeris
2148 1705 2308 1758 aliquid

1278 1779 1433 1831 praeter
1473 1777 1606 1818 Deum
1634 1809 1643 1829 ,
1679 1776 1792 1830 quod
1818 1788 1905 1817 non
1939 1776 2095 1829 quaeris
2133 1778 2304 1830 propter

1279 1848 1429 1900 Deum,
1450 1861 1539 1890 non
1556 1861 1599 1890 es
1615 1848 1750 1889 fidelis
1772 1848 1870 1888 Deo.
1890 1847 2008 1888 Unde
2024 1847 2306 1900 Augustinus,

1279 1919 1324 1959 in
1355 1920 1462 1961 libro
1509 1920 1848 1972 Conses'sionum
1883 1918 1943 1959 ait
1968 1919 1981 1940 ⁷
2009 1932 2017 1960 :
2051 1933 2070 1957 c<
2101 1917 2239 1959 Minus
2269 1919 2311 1960 te

1280 1995 1420 2042 amat,
1451 1992 1525 2046 qui
1554 1995 1694 2033 tecum
1723 1990 1882 2044 aliquid
1915 1991 2052 2042 amat,
2080 1991 2195 2044 quod
2226 2003 2312 2032 non

1280 2066 1451 2117 propter
1490 2066 1530 2105 te
1561 2066 1692 2105 amat.
1714 2079 1733 2102 ›>
1772 2064 1867 2104 Ideo
1907 2062 2005 2103 dicit
2031 2062 2259 2116 Apostolus
2301 2077 2308 2101 :

1287 2151 1305 2175 α
1316 2135 1408 2176 Non
1422 2135 1614 2189 acquievi
1630 2135 1747 2176 carni
1764 2137 1804 2176 et
1819 2133 2036 2186 sanguini,
2046 2149 2064 2172 n
2082 2134 2123 2175 id
2137 2136 2214 2183 est,
2227 2146 2313 2175 non

1282 2206 1461 2260 quaesivi
1494 2207 1729 2247 humanam
1766 2206 1964 2258 gloriam,
2000 2205 2072 2246 sed
2106 2205 2309 2247 divinam.

1282 2278 1538 2331 Perspectivi
1548 2279 1707 2329 dicunt,
1718 2278 1830 2332 quod
1840 2278 1873 2318 si
1885 2277 2028 2318 radius
2041 2278 2315 2331 perpendicu-

1281 2350 1382 2391 laris
1402 2350 1520 2391 cadat
1547 2362 1674 2404 super
1694 2362 1845 2403 corpus
1865 2352 2024 2390 tersum
2047 2351 2086 2390 et
2106 2350 2283 2403 politum
2301 2382 2311 2401 ,

1282 2435 1450 2463 necesse
1470 2425 1531 2463 est
1560 2423 1672 2476 quod
1692 2435 1768 2476 per
1789 2422 1981 2464 eamdem
2000 2422 2117 2463 viam
2134 2454 2144 2473 ,
2173 2424 2214 2462 et
2239 2435 2313 2476 per

1283 2494 1482 2535 eumdem
1497 2494 1707 2535 incessum
1715 2495 1955 2536 reflectatur
1967 2493 2010 2533 in
2023 2505 2148 2535 suum
2161 2494 2313 2548 princi-

1287 2565 1401 2617 pium
1407 2580 1416 2616 ;
1433 2578 1520 2606 non
1531 2566 1589 2606 sic
1602 2567 1652 2608 de
1664 2567 1782 2608 radio
1796 2566 1842 2620 (c)
1854 2565 2105 2606 incidentiae.
2120 2565 2313 2606 influxus

1283 2636 1434 2688 gratiae
1457 2637 1589 2689 gratis
1610 2637 1717 2678 datae
1741 2641 1803 2678 est
1828 2637 1936 2678 sicut
1955 2637 2101 2678 radius
2122 2637 2312 2678 inciden-

1283 2707 1352 2748 tiae
1363 2722 1373 2758 ;
1391 2708 1582 2748 influxus
1595 2709 1745 2760 gratiae
1763 2711 1935 2760 gratum
1952 2708 2155 2758 facientis,
2176 2711 2236 2748 est
2256 2709 2311 2749 si-

1284 2780 1354 2818 cut
1379 2778 1521 2819 radius
1541 2778 1914 2831 perpendicularis.
1937 2778 2016 2828 Qui
2039 2779 2221 2830 gratiam
2242 2780 2313 2820 Dei

1283 2848 1470 2902 suscipit,
1482 2861 1648 2889 necesse
1660 2850 1720 2889 est
1730 2852 1774 2889 ut
1787 2848 1870 2890 Deo
1885 2849 2067 2901 gratiam
2081 2852 2121 2890 et
2132 2849 2314 2902 gloriam

1283 2919 1444 2961 reddat.
1472 2935 1491 2960 c(
1510 2919 1638 2972 Origo
1661 2920 1841 2961 fontium
1863 2922 1904 2961 et
1923 2921 2151 2962 fluminum
2170 2934 2310 2973 mare3

1284 2992 1406 3044 origo
1420 2992 1628 3034 virtutum
1641 2994 1682 3033 et
1699 2992 1973 3033 scientiarum
1987 2995 2048 3033 est
2065 2992 2269 3043 Christus,
2289 3007 2307 3029 ›)

1284 3063 1341 3104 ait
1356 3062 1596 3104 Bernardus
1614 3063 1641 3104 ⁸.
1663 3078 1682 3102 <‹
1694 3063 1758 3104 Ad
1778 3063 1918 3105 locum
1934 3064 2046 3105 unde
2068 3065 2226 3105 exeunt
2236 3064 2314 3105 ssu-

1285 3135 1416 3186 mina,
1435 3136 1721 3187 revertuntur,
1737 3136 1949 3177 utiterum
1960 3136 2095 3176 fluant
2107 3167 2120 3186 ,
2132 3149 2151 3174 ))
2174 3135 2314 3189 inquit

1286 3206 1557 3250 Ecclesiastes
1578 3209 1608 3247 ⁹.
1631 3206 1748 3248 Sicut
1762 3207 1855 3248 fons
1873 3220 1959 3249 non
1978 3208 2105 3249 hahet
2125 3206 2313 3248 duratio-

1286 3289 1400 3326 nem,
1423 3277 1503 3317 nisi
1523 3277 1676 3319 haheat
1698 3279 1942 3320 continuam
1962 3277 2314 3332 conjunctionem

1286 3361 1385 3390 cum
1404 3361 1483 3389 sua
1501 3349 1690 3402 origine;
1721 3349 1780 3391 sic
1799 3363 1876 3392 nec
1894 3351 1971 3392 lux
2004 3351 2154 3403 gratiae
2179 3350 2315 3403 potest
2343 3358 2458 3386 Gratia-

1287 3421 1434 3474 vigere
1462 3421 1508 3461 in
1540 3421 1708 3472 anima,
1739 3421 1819 3462 nisi
1857 3435 1931 3476 per
1962 3422 2249 3465 reversionem
2269 3421 2313 3462 in
2333 3402 2472 3477 afflati]

1331 3533 1375 3575 (α)
1397 3532 1494 3574 Vulq.
1513 3542 1586 3566 nos.
1613 3553 1648 3557 -
1675 3535 1721 3578 (h)
1741 3536 1896 3568 Fortasse
1915 3535 2102 3578 leqendum,
2116 3534 2257 3569 Nobilis.
2275 3550 2315 3558 —

1290 3583 1331 3625 (c)
1356 3580 1445 3613 Edit.
1470 3581 1547 3613 Ven.
1567 3581 1645 3614 alio.
