<?xml version="1.0" encoding="UTF-8"?>
<!DOCTYPE html PUBLIC "-//W3C//DTD XHTML 1.0 Transitional//EN"
    "http://www.w3.org/TR/xhtml1/DTD/xhtml1-transitional.dtd">
<html xmlns="http://www.w3.org/1999/xhtml" xml:lang="en" lang="en">
 <head>
  <title>
</title>
<meta http-equiv="Content-Type" content="text/html;charset=utf-8" />
  <meta name='ocr-system' content='tesseract 3.04.00' />
  <meta name='ocr-capabilities' content='ocr_page ocr_carea ocr_par ocr_line ocrx_word'/>
</head>
<body>
  <div class='ocr_page' id='page_1' title='image "./operaomniasixtiv09bonauoft_0361.png"; bbox 0 0 2633 3878; ppageno 0'>
   <div class='ocr_carea' id='block_1_1' title="bbox 1133 208 1576 252">
    <p class='ocr_par' dir='ltr' id='par_1_1' title="bbox 1133 208 1576 252">
     <span class='ocr_line' id='line_1_1' title="bbox 1133 208 1576 252; baseline -0.002 -1"><span class='ocrx_word' id='word_1_1' title='bbox 1133 208 1375 252; x_wconf 86' lang='lat' dir='ltr'><strong>PSALMUS</strong></span> <span class='ocrx_word' id='word_1_2' title='bbox 1403 209 1576 252; x_wconf 90' lang='lat' dir='ltr'>CXVIII.</span> 
     </span>
    </p>
   </div>
   <div class='ocr_carea' id='block_1_2' title="bbox 614 343 992 388">
    <p class='ocr_par' dir='ltr' id='par_1_2' title="bbox 614 343 992 388">
     <span class='ocr_line' id='line_1_2' title="bbox 614 343 992 388; baseline -0.003 -10"><span class='ocrx_word' id='word_1_3' title='bbox 614 343 802 378; x_wconf 74' lang='lat' dir='ltr'><strong>Articulus</strong></span> <span class='ocrx_word' id='word_1_4' title='bbox 828 343 992 388; x_wconf 79' lang='lat' dir='ltr'><strong>quartus.</strong></span> 
     </span>
    </p>
   </div>
   <div class='ocr_carea' id='block_1_3' title="bbox 283 422 1333 2277">
    <p class='ocr_par' dir='ltr' id='par_1_3' title="bbox 283 422 1329 1841">
     <span class='ocr_line' id='line_1_3' title="bbox 336 422 1323 473; baseline -0.004 -10"><span class='ocrx_word' id='word_1_5' title='bbox 336 426 394 463; x_wconf 82' lang='lat' dir='ltr'><strong>Ad</strong></span> <span class='ocrx_word' id='word_1_6' title='bbox 420 427 605 473; x_wconf 85' lang='lat' dir='ltr'><strong>quartum</strong></span> <span class='ocrx_word' id='word_1_7' title='bbox 626 425 889 471; x_wconf 77' lang='lat' dir='ltr'><strong>retorquetur,</strong></span> <span class='ocrx_word' id='word_1_8' title='bbox 911 422 1024 470; x_wconf 89' lang='lat' dir='ltr'><strong>quod</strong></span> <span class='ocrx_word' id='word_1_9' title='bbox 1048 423 1225 470; x_wconf 86' lang='lat' dir='ltr'><strong>sequitur</strong></span> <span class='ocrx_word' id='word_1_10' title='bbox 1248 434 1256 459; x_wconf 92' lang='lat'>:</span> <span class='ocrx_word' id='word_1_11' title='bbox 1278 425 1323 459; x_wconf 85' lang='lat' dir='ltr'><strong>In</strong></span> 
     </span>
     <span class='ocr_line' id='line_1_4' title="bbox 288 484 1321 532; baseline -0.005 -7"><span class='ocrx_word' id='word_1_12' title='bbox 288 488 517 525; x_wconf 68' lang='lat' dir='ltr'><strong>custodiendo</strong></span> <span class='ocrx_word' id='word_1_13' title='bbox 533 496 705 523; x_wconf 79' lang='lat' dir='ltr'><strong><em>sermones</em></strong></span> <span class='ocrx_word' id='word_1_14' title='bbox 720 490 810 522; x_wconf 76' lang='lat' dir='ltr'><strong>tuos.</strong></span> <span class='ocrx_word' id='word_1_15' title='bbox 827 487 922 522; x_wconf 88' lang='lat' dir='ltr'><strong>Ecce</strong></span> <span class='ocrx_word' id='word_1_16' title='bbox 938 484 1160 522; x_wconf 89' lang='lat' dir='ltr'><strong>remedium</strong></span> <span class='ocrx_word' id='word_1_17' title='bbox 1177 484 1321 532; x_wconf 71' lang='lat' dir='ltr'><strong>culpae,</strong></span> 
     </span>
     <span class='ocr_line' id='line_1_5' title="bbox 287 545 1320 596; baseline -0.006 -9"><span class='ocrx_word' id='word_1_18' title='bbox 287 550 469 587; x_wconf 87' lang='lat' dir='ltr'><strong>videlicet</strong></span> <span class='ocrx_word' id='word_1_19' title='bbox 486 549 602 586; x_wconf 85' lang='lat' dir='ltr'><strong>labor</strong></span> <span class='ocrx_word' id='word_1_20' title='bbox 619 547 855 596; x_wconf 63' lang='lat' dir='ltr'><strong>poenitentiae</strong></span> <span class='ocrx_word' id='word_1_21' title='bbox 869 575 881 592; x_wconf 90' lang='lat'><strong>,</strong></span> <span class='ocrx_word' id='word_1_22' title='bbox 896 547 967 595; x_wconf 88' lang='lat' dir='ltr'><strong>qui</strong></span> <span class='ocrx_word' id='word_1_23' title='bbox 985 546 1173 583; x_wconf 83' lang='lat' dir='ltr'><strong>suadetur</strong></span> <span class='ocrx_word' id='word_1_24' title='bbox 1193 545 1320 582; x_wconf 83' lang='lat' dir='ltr'><strong>domi-</strong></span> 
     </span>
     <span class='ocr_line' id='line_1_6' title="bbox 288 608 1323 658; baseline -0.005 -9"><span class='ocrx_word' id='word_1_25' title='bbox 288 613 375 650; x_wconf 92' lang='lat' dir='ltr'><strong>nico</strong></span> <span class='ocrx_word' id='word_1_26' title='bbox 396 621 601 656; x_wconf 82' lang='lat' dir='ltr'><strong>sermone,</strong></span> <span class='ocrx_word' id='word_1_27' title='bbox 627 610 725 646; x_wconf 88' lang='lat' dir='ltr'><strong>sicut</strong></span> <span class='ocrx_word' id='word_1_28' title='bbox 753 612 861 658; x_wconf 88' lang='lat' dir='ltr'><strong>patet</strong></span> <span class='ocrx_word' id='word_1_29' title='bbox 881 609 891 630; x_wconf 88' lang='lat'><strong>¹</strong></span> <span class='ocrx_word' id='word_1_30' title='bbox 915 620 924 646; x_wconf 75' lang='grc' dir='ltr'>ε</span> <span class='ocrx_word' id='word_1_31' title='bbox 952 608 1256 654; x_wconf 79' lang='lat' dir='ltr'><strong>«poenitemini,</strong></span> <span class='ocrx_word' id='word_1_32' title='bbox 1286 611 1323 644; x_wconf 88' lang='lat' dir='ltr'><strong>et</strong></span> 
     </span>
     <span class='ocr_line' id='line_1_7' title="bbox 287 670 1322 719; baseline -0.007 -7"><span class='ocrx_word' id='word_1_33' title='bbox 287 675 432 712; x_wconf 84' lang='lat' dir='ltr'><strong>credite</strong></span> <span class='ocrx_word' id='word_1_34' title='bbox 462 672 688 719; x_wconf 86' lang='lat' dir='ltr'><strong>Evangelio.</strong></span> <span class='ocrx_word' id='word_1_35' title='bbox 710 685 728 707; x_wconf 72' lang='lat'><strong>1)</strong></span> <span class='ocrx_word' id='word_1_36' title='bbox 751 673 795 709; x_wconf 88' lang='lat' dir='ltr'><strong>Et</strong></span> <span class='ocrx_word' id='word_1_37' title='bbox 822 674 916 709; x_wconf 88' lang='lat' dir='ltr'><strong>nota</strong></span> <span class='ocrx_word' id='word_1_38' title='bbox 932 699 944 718; x_wconf 89' lang='lat'><strong>,</strong></span> <span class='ocrx_word' id='word_1_39' title='bbox 975 670 1087 719; x_wconf 88' lang='lat' dir='ltr'><strong>quod</strong></span> <span class='ocrx_word' id='word_1_40' title='bbox 1119 679 1322 706; x_wconf 87' lang='lat' dir='ltr'><strong>sermones</strong></span> 
     </span>
     <span class='ocr_line' id='line_1_8' title="bbox 286 731 1323 783; baseline -0.005 -10"><span class='ocrx_word' id='word_1_41' title='bbox 286 735 515 783; x_wconf 82' lang='lat' dir='ltr'><strong>hujusmodi</strong></span> <span class='ocrx_word' id='word_1_42' title='bbox 534 735 682 772; x_wconf 87' lang='lat' dir='ltr'><strong>debent</strong></span> <span class='ocrx_word' id='word_1_43' title='bbox 701 745 783 771; x_wconf 90' lang='lat' dir='ltr'><strong>esse</strong></span> <span class='ocrx_word' id='word_1_44' title='bbox 811 733 1068 782; x_wconf 77' lang='lat' dir='ltr'><strong>penetrativi,</strong></span> <span class='ocrx_word' id='word_1_45' title='bbox 1099 731 1323 769; x_wconf 81' lang='lat' dir='ltr'><strong>laetificativi</strong></span> 
     </span>
     <span class='ocr_line' id='line_1_9' title="bbox 287 795 1321 844; baseline -0.005 -9"><span class='ocrx_word' id='word_1_46' title='bbox 287 801 324 835; x_wconf 92' lang='lat' dir='ltr'><strong>et</strong></span> <span class='ocrx_word' id='word_1_47' title='bbox 350 797 574 835; x_wconf 84' lang='lat' dir='ltr'><strong>aedificativi</strong></span> <span class='ocrx_word' id='word_1_48' title='bbox 593 808 602 834; x_wconf 73' lang='grc' dir='ltr'>ε</span> <span class='ocrx_word' id='word_1_49' title='bbox 623 796 857 844; x_wconf 85' lang='lat' dir='ltr'><strong>penetrativi</strong></span> <span class='ocrx_word' id='word_1_50' title='bbox 888 795 979 833; x_wconf 92' lang='lat' dir='ltr'><strong>dico</strong></span> <span class='ocrx_word' id='word_1_51' title='bbox 993 823 1004 841; x_wconf 90' lang='lat'><strong>,</strong></span> <span class='ocrx_word' id='word_1_52' title='bbox 1033 797 1194 842; x_wconf 87' lang='lat' dir='ltr'><strong>propter</strong></span> <span class='ocrx_word' id='word_1_53' title='bbox 1213 805 1321 831; x_wconf 90' lang='lat' dir='ltr'><strong>com-</strong></span> 
     </span>
     <span class='ocr_line' id='line_1_10' title="bbox 286 855 1322 908; baseline -0.005 -11"><span class='ocrx_word' id='word_1_54' title='bbox 286 860 542 908; x_wconf 91' lang='lat' dir='ltr'><strong>punctionem</strong></span> <span class='ocrx_word' id='word_1_55' title='bbox 553 871 564 905; x_wconf 85' lang='lat'>3</span> <span class='ocrx_word' id='word_1_56' title='bbox 609 857 859 904; x_wconf 81' lang='lat' dir='ltr'><strong>laetifieativi,</strong></span> <span class='ocrx_word' id='word_1_57' title='bbox 891 859 1052 905; x_wconf 90' lang='lat' dir='ltr'><strong>propter</strong></span> <span class='ocrx_word' id='word_1_58' title='bbox 1084 855 1322 893; x_wconf 87' lang='lat' dir='ltr'><strong>consolatio-</strong></span> 
     </span>
     <span class='ocr_line' id='line_1_11' title="bbox 285 919 1325 969; baseline -0.002 -11"><span class='ocrx_word' id='word_1_59' title='bbox 285 932 377 958; x_wconf 87' lang='lat' dir='ltr'><strong>nem</strong></span> <span class='ocrx_word' id='word_1_60' title='bbox 391 936 402 969; x_wconf 82' lang='lat'>3</span> <span class='ocrx_word' id='word_1_61' title='bbox 423 921 672 966; x_wconf 83' lang='lat' dir='ltr'><strong>aedificativi,</strong></span> <span class='ocrx_word' id='word_1_62' title='bbox 692 923 854 969; x_wconf 89' lang='lat' dir='ltr'><strong>propter</strong></span> <span class='ocrx_word' id='word_1_63' title='bbox 883 931 1042 957; x_wconf 86' lang='lat' dir='ltr'><strong>morum</strong></span> <span class='ocrx_word' id='word_1_64' title='bbox 1070 919 1325 968; x_wconf 91' lang='lat' dir='ltr'><strong>compositio-</strong></span> 
     </span>
     <span class='ocr_line' id='line_1_12' title="bbox 284 981 1324 1032; baseline -0.002 -12"><span class='ocrx_word' id='word_1_65' title='bbox 284 994 390 1021; x_wconf 88' lang='lat' dir='ltr'><strong>nem.</strong></span> <span class='ocrx_word' id='word_1_66' title='bbox 413 986 464 1020; x_wconf 89' lang='lat' dir='ltr'><strong>De</strong></span> <span class='ocrx_word' id='word_1_67' title='bbox 483 984 613 1032; x_wconf 87' lang='lat' dir='ltr'><strong>primo</strong></span> <span class='ocrx_word' id='word_1_68' title='bbox 630 982 643 1003; x_wconf 78' lang='lat'><strong>²</strong></span> <span class='ocrx_word' id='word_1_69' title='bbox 664 995 673 1020; x_wconf 94' lang='lat'><strong>:</strong></span> <span class='ocrx_word' id='word_1_70' title='bbox 699 994 717 1017; x_wconf 84' lang='lat'>«</span> <span class='ocrx_word' id='word_1_71' title='bbox 736 983 855 1019; x_wconf 82' lang='lat' dir='ltr'><strong>ViVus</strong></span> <span class='ocrx_word' id='word_1_72' title='bbox 875 986 932 1019; x_wconf 88' lang='lat' dir='ltr'><strong>est</strong></span> <span class='ocrx_word' id='word_1_73' title='bbox 947 993 1076 1019; x_wconf 86' lang='lat' dir='ltr'><strong>sermo</strong></span> <span class='ocrx_word' id='word_1_74' title='bbox 1099 982 1191 1028; x_wconf 89' lang='lat' dir='ltr'><strong>Dei,</strong></span> <span class='ocrx_word' id='word_1_75' title='bbox 1214 984 1252 1018; x_wconf 87' lang='lat' dir='ltr'><strong>et</strong></span> <span class='ocrx_word' id='word_1_76' title='bbox 1271 981 1324 1018; x_wconf 88' lang='lat' dir='ltr'><strong>ef-</strong></span> 
     </span>
     <span class='ocr_line' id='line_1_13' title="bbox 283 1044 1317 1093; baseline -0.002 -12"><span class='ocrx_word' id='word_1_77' title='bbox 283 1045 386 1082; x_wconf 82' lang='lat' dir='ltr'><strong>sseax</strong></span> <span class='ocrx_word' id='word_1_78' title='bbox 404 1073 417 1090; x_wconf 90' lang='lat'><strong>,</strong></span> <span class='ocrx_word' id='word_1_79' title='bbox 445 1048 482 1082; x_wconf 88' lang='lat' dir='ltr'><strong>et</strong></span> <span class='ocrx_word' id='word_1_80' title='bbox 499 1044 784 1093; x_wconf 86' lang='lat' dir='ltr'><strong>penetrabilior</strong></span> <span class='ocrx_word' id='word_1_81' title='bbox 803 1045 913 1081; x_wconf 88' lang='lat' dir='ltr'><strong>omni</strong></span> <span class='ocrx_word' id='word_1_82' title='bbox 938 1044 1073 1091; x_wconf 87' lang='lat' dir='ltr'><strong>gladio</strong></span> <span class='ocrx_word' id='word_1_83' title='bbox 1104 1044 1317 1091; x_wconf 79' lang='lat' dir='ltr'><strong>ancipiti.»</strong></span> 
     </span>
     <span class='ocr_line' id='line_1_14' title="bbox 289 1106 1323 1155; baseline -0.002 -11"><span class='ocrx_word' id='word_1_84' title='bbox 289 1109 400 1144; x_wconf 76' lang='lat' dir='ltr'><strong>Vivus</strong></span> <span class='ocrx_word' id='word_1_85' title='bbox 421 1108 575 1154; x_wconf 88' lang='lat' dir='ltr'><strong>dicitur,</strong></span> <span class='ocrx_word' id='word_1_86' title='bbox 595 1110 788 1155; x_wconf 87' lang='lat' dir='ltr'><strong>quantum</strong></span> <span class='ocrx_word' id='word_1_87' title='bbox 816 1107 869 1144; x_wconf 90' lang='lat' dir='ltr'><strong>ad</strong></span> <span class='ocrx_word' id='word_1_88' title='bbox 895 1118 1055 1144; x_wconf 91' lang='lat' dir='ltr'><strong>sensum</strong></span> <span class='ocrx_word' id='word_1_89' title='bbox 1082 1106 1292 1153; x_wconf 86' lang='lat' dir='ltr'><strong>agnitionis</strong></span> <span class='ocrx_word' id='word_1_90' title='bbox 1313 1120 1323 1150; x_wconf 91' lang='lat'>;</span> 
     </span>
     <span class='ocr_line' id='line_1_15' title="bbox 285 1170 1326 1219; baseline -0.002 -11"><span class='ocrx_word' id='word_1_91' title='bbox 285 1173 412 1217; x_wconf 76' lang='lat' dir='ltr'><strong>effieaoe</strong></span> <span class='ocrx_word' id='word_1_92' title='bbox 426 1199 438 1217; x_wconf 91' lang='lat'><strong>,</strong></span> <span class='ocrx_word' id='word_1_93' title='bbox 460 1173 654 1219; x_wconf 89' lang='lat' dir='ltr'><strong>quantum</strong></span> <span class='ocrx_word' id='word_1_94' title='bbox 672 1171 725 1208; x_wconf 86' lang='lat' dir='ltr'><strong>ad</strong></span> <span class='ocrx_word' id='word_1_95' title='bbox 744 1174 899 1208; x_wconf 91' lang='lat' dir='ltr'><strong>motum</strong></span> <span class='ocrx_word' id='word_1_96' title='bbox 918 1170 1083 1207; x_wconf 85' lang='lat' dir='ltr'><strong>aetionis</strong></span> <span class='ocrx_word' id='word_1_97' title='bbox 1098 1182 1110 1216; x_wconf 87' lang='lat'>;</span> <span class='ocrx_word' id='word_1_98' title='bbox 1132 1170 1203 1207; x_wconf 91' lang='lat' dir='ltr'><strong>sed</strong></span> <span class='ocrx_word' id='word_1_99' title='bbox 1218 1181 1326 1217; x_wconf 84' lang='lat' dir='ltr'><strong>pene-</strong></span> 
     </span>
     <span class='ocr_line' id='line_1_16' title="bbox 286 1232 1325 1280; baseline -0.002 -10"><span class='ocrx_word' id='word_1_100' title='bbox 286 1235 454 1270; x_wconf 72' lang='lat' dir='ltr'><strong>trabilior</strong></span> <span class='ocrx_word' id='word_1_101' title='bbox 467 1236 566 1270; x_wconf 74' lang='lat' dir='ltr'><strong>omni</strong></span> <span class='ocrx_word' id='word_1_102' title='bbox 582 1235 705 1280; x_wconf 63' lang='lat' dir='ltr'><strong>gladio</strong></span> <span class='ocrx_word' id='word_1_103' title='bbox 718 1236 892 1280; x_wconf 73' lang='lat' dir='ltr'><strong>ancipiti,</strong></span> <span class='ocrx_word' id='word_1_104' title='bbox 914 1234 1106 1280; x_wconf 88' lang='lat' dir='ltr'><strong>quantum</strong></span> <span class='ocrx_word' id='word_1_105' title='bbox 1120 1232 1173 1268; x_wconf 85' lang='lat' dir='ltr'><strong>ad</strong></span> <span class='ocrx_word' id='word_1_106' title='bbox 1190 1232 1325 1279; x_wconf 89' lang='lat' dir='ltr'><strong>planc-</strong></span> 
     </span>
     <span class='ocr_line' id='line_1_17' title="bbox 286 1294 1326 1343; baseline -0.001 -11"><span class='ocrx_word' id='word_1_107' title='bbox 286 1298 370 1332; x_wconf 90' lang='lat' dir='ltr'><strong>tum</strong></span> <span class='ocrx_word' id='word_1_108' title='bbox 390 1295 719 1343; x_wconf 82' lang='lat' dir='ltr'><strong>compunctionis.</strong></span> <span class='ocrx_word' id='word_1_109' title='bbox 741 1297 793 1332; x_wconf 91' lang='lat' dir='ltr'><strong>De</strong></span> <span class='ocrx_word' id='word_1_110' title='bbox 815 1295 1002 1341; x_wconf 60' lang='lat' dir='ltr'><strong>2secundo</strong></span> <span class='ocrx_word' id='word_1_111' title='bbox 1018 1295 1032 1318; x_wconf 83' lang='lat'><strong>³</strong></span> <span class='ocrx_word' id='word_1_112' title='bbox 1056 1307 1064 1330; x_wconf 80' lang='lat'>2</span> <span class='ocrx_word' id='word_1_113' title='bbox 1091 1307 1109 1328; x_wconf 89' lang='lat'>«</span> <span class='ocrx_word' id='word_1_114' title='bbox 1126 1296 1266 1331; x_wconf 81' lang='lat' dir='ltr'><strong>Moeror</strong></span> <span class='ocrx_word' id='word_1_115' title='bbox 1283 1294 1326 1331; x_wconf 90' lang='lat' dir='ltr'><strong>in</strong></span> 
     </span>
     <span class='ocr_line' id='line_1_18' title="bbox 288 1357 1324 1404; baseline -0.002 -9"><span class='ocrx_word' id='word_1_116' title='bbox 288 1358 407 1396; x_wconf 87' lang='lat' dir='ltr'><strong>corde</strong></span> <span class='ocrx_word' id='word_1_117' title='bbox 434 1358 508 1395; x_wconf 87' lang='lat' dir='ltr'><strong>viri</strong></span> <span class='ocrx_word' id='word_1_118' title='bbox 536 1358 762 1395; x_wconf 81' lang='lat' dir='ltr'><strong>humiliabit</strong></span> <span class='ocrx_word' id='word_1_119' title='bbox 791 1369 905 1404; x_wconf 90' lang='lat' dir='ltr'><strong>eum,</strong></span> <span class='ocrx_word' id='word_1_120' title='bbox 937 1359 974 1394; x_wconf 86' lang='lat' dir='ltr'><strong>et</strong></span> <span class='ocrx_word' id='word_1_121' title='bbox 1004 1367 1184 1394; x_wconf 88' lang='lat' dir='ltr'><strong>sermone</strong></span> <span class='ocrx_word' id='word_1_122' title='bbox 1215 1357 1324 1394; x_wconf 90' lang='lat' dir='ltr'><strong>bono</strong></span> 
     </span>
     <span class='ocr_line' id='line_1_19' title="bbox 287 1419 1325 1467; baseline -0.001 -11"><span class='ocrx_word' id='word_1_123' title='bbox 287 1420 562 1457; x_wconf 76' lang='lat' dir='ltr'><strong>laetifieabitur.</strong></span> <span class='ocrx_word' id='word_1_124' title='bbox 581 1433 598 1455; x_wconf 84' lang='lat'>»</span> <span class='ocrx_word' id='word_1_125' title='bbox 629 1420 803 1457; x_wconf 89' lang='lat' dir='ltr'><strong>Primum</strong></span> <span class='ocrx_word' id='word_1_126' title='bbox 831 1420 998 1467; x_wconf 88' lang='lat' dir='ltr'><strong>pertinet</strong></span> <span class='ocrx_word' id='word_1_127' title='bbox 1027 1419 1080 1455; x_wconf 87' lang='lat' dir='ltr'><strong>ad</strong></span> <span class='ocrx_word' id='word_1_128' title='bbox 1110 1430 1325 1467; x_wconf 87' lang='lat' dir='ltr'><strong>compunc-</strong></span> 
     </span>
     <span class='ocr_line' id='line_1_20' title="bbox 288 1482 1326 1529; baseline -0.001 -9"><span class='ocrx_word' id='word_1_129' title='bbox 288 1484 436 1520; x_wconf 86' lang='lat' dir='ltr'><strong>tionem</strong></span> <span class='ocrx_word' id='word_1_130' title='bbox 446 1496 457 1529; x_wconf 79' lang='lat'><em>3</em></span> <span class='ocrx_word' id='word_1_131' title='bbox 484 1483 704 1520; x_wconf 90' lang='lat' dir='ltr'><strong>secundum</strong></span> <span class='ocrx_word' id='word_1_132' title='bbox 739 1483 792 1519; x_wconf 89' lang='lat' dir='ltr'><strong>ad</strong></span> <span class='ocrx_word' id='word_1_133' title='bbox 818 1482 1146 1519; x_wconf 80' lang='lat' dir='ltr'><strong>consolationem.</strong></span> <span class='ocrx_word' id='word_1_134' title='bbox 1179 1484 1231 1519; x_wconf 89' lang='lat' dir='ltr'><strong>De</strong></span> <span class='ocrx_word' id='word_1_135' title='bbox 1252 1485 1326 1519; x_wconf 87' lang='lat' dir='ltr'><strong>ter-</strong></span> 
     </span>
     <span class='ocr_line' id='line_1_21' title="bbox 289 1545 1328 1583; baseline -0.001 0"><span class='ocrx_word' id='word_1_136' title='bbox 289 1546 366 1583; x_wconf 75' lang='lat' dir='ltr'><strong>tio&#39;⁴</strong></span> <span class='ocrx_word' id='word_1_137' title='bbox 388 1558 397 1581; x_wconf 88' lang='lat'><strong>:</strong></span> <span class='ocrx_word' id='word_1_138' title='bbox 423 1557 442 1580; x_wconf 75' lang='lat' dir='ltr'><strong>c&lt;</strong></span> <span class='ocrx_word' id='word_1_139' title='bbox 461 1545 595 1582; x_wconf 87' lang='lat' dir='ltr'><strong>Omnis</strong></span> <span class='ocrx_word' id='word_1_140' title='bbox 616 1555 746 1582; x_wconf 89' lang='lat' dir='ltr'><strong>sermo</strong></span> <span class='ocrx_word' id='word_1_141' title='bbox 766 1545 895 1581; x_wconf 88' lang='lat' dir='ltr'><strong>malus</strong></span> <span class='ocrx_word' id='word_1_142' title='bbox 912 1555 960 1581; x_wconf 76' lang='lat' dir='ltr'><strong>ex</strong></span> <span class='ocrx_word' id='word_1_143' title='bbox 993 1555 1061 1581; x_wconf 89' lang='lat' dir='ltr'><strong>ore</strong></span> <span class='ocrx_word' id='word_1_144' title='bbox 1087 1546 1215 1581; x_wconf 88' lang='lat' dir='ltr'><strong>vestro</strong></span> <span class='ocrx_word' id='word_1_145' title='bbox 1245 1555 1328 1582; x_wconf 90' lang='lat' dir='ltr'><strong>non</strong></span> 
     </span>
     <span class='ocr_line' id='line_1_22' title="bbox 288 1596 1328 1655; baseline -0.002 -11"><span class='ocrx_word' id='word_1_146' title='bbox 288 1607 503 1655; x_wconf 85' lang='lat' dir='ltr'><strong>procedat;</strong></span> <span class='ocrx_word' id='word_1_147' title='bbox 525 1606 596 1643; x_wconf 93' lang='lat' dir='ltr'><strong>sed</strong></span> <span class='ocrx_word' id='word_1_148' title='bbox 615 1607 647 1643; x_wconf 90' lang='lat' dir='ltr'><strong>si</strong></span> <span class='ocrx_word' id='word_1_149' title='bbox 674 1607 764 1654; x_wconf 91' lang='lat' dir='ltr'><strong>quis</strong></span> <span class='ocrx_word' id='word_1_150' title='bbox 783 1607 914 1644; x_wconf 89' lang='lat' dir='ltr'><strong>bonus</strong></span> <span class='ocrx_word' id='word_1_151' title='bbox 940 1596 1069 1643; x_wconf 80' lang='lat' dir='ltr'><strong>estad</strong></span> <span class='ocrx_word' id='word_1_152' title='bbox 1100 1606 1328 1643; x_wconf 85' lang='lat' dir='ltr'><strong>aedificatio-</strong></span> 
     </span>
     <span class='ocr_line' id='line_1_23' title="bbox 289 1668 1328 1716; baseline -0.001 -10"><span class='ocrx_word' id='word_1_153' title='bbox 289 1679 383 1706; x_wconf 91' lang='lat' dir='ltr'><strong>nem</strong></span> <span class='ocrx_word' id='word_1_154' title='bbox 411 1669 528 1716; x_wconf 90' lang='lat' dir='ltr'><strong>fidei,</strong></span> <span class='ocrx_word' id='word_1_155' title='bbox 564 1671 608 1706; x_wconf 90' lang='lat' dir='ltr'><strong>ut</strong></span> <span class='ocrx_word' id='word_1_156' title='bbox 639 1669 704 1706; x_wconf 84' lang='lat' dir='ltr'><strong>det</strong></span> <span class='ocrx_word' id='word_1_157' title='bbox 723 1669 892 1716; x_wconf 82' lang='lat' dir='ltr'><strong>gratiam</strong></span> <span class='ocrx_word' id='word_1_158' title='bbox 911 1668 1210 1706; x_wconf 64' lang='lat' dir='ltr'><strong>audientibus»</strong></span> <span class='ocrx_word' id='word_1_159' title='bbox 1232 1670 1328 1706; x_wconf 87' lang='lat' dir='ltr'><strong>Ecce</strong></span> 
     </span>
     <span class='ocr_line' id='line_1_24' title="bbox 290 1730 1329 1779; baseline 0 -12"><span class='ocrx_word' id='word_1_160' title='bbox 290 1731 483 1769; x_wconf 89' lang='lat' dir='ltr'><strong>sermonis</strong></span> <span class='ocrx_word' id='word_1_161' title='bbox 517 1731 732 1779; x_wconf 88' lang='lat' dir='ltr'><strong>corruptivi</strong></span> <span class='ocrx_word' id='word_1_162' title='bbox 765 1731 959 1769; x_wconf 83' lang='lat' dir='ltr'><strong>dissuasio</strong></span> <span class='ocrx_word' id='word_1_163' title='bbox 979 1759 992 1776; x_wconf 87' lang='lat'><strong>,</strong></span> <span class='ocrx_word' id='word_1_164' title='bbox 1026 1733 1063 1768; x_wconf 88' lang='lat' dir='ltr'><strong>et</strong></span> <span class='ocrx_word' id='word_1_165' title='bbox 1106 1730 1329 1768; x_wconf 76' lang='lat' dir='ltr'><strong>aedificativi</strong></span> 
     </span>
     <span class='ocr_line' id='line_1_25' title="bbox 291 1793 507 1841; baseline -0.005 -11"><span class='ocrx_word' id='word_1_166' title='bbox 291 1793 507 1841; x_wconf 86' lang='lat' dir='ltr'><strong>persuasio.</strong></span> 
     </span>
    </p>

    <p class='ocr_par' dir='ltr' id='par_1_4' title="bbox 723 1847 898 1889">
     <span class='ocr_line' id='line_1_26' title="bbox 723 1847 898 1889; baseline 0 -10"><span class='ocrx_word' id='word_1_167' title='bbox 723 1847 898 1889; x_wconf 84' lang='lat' dir='ltr'><strong>Epilogus.</strong></span> 
     </span>
    </p>

    <p class='ocr_par' dir='ltr' id='par_1_5' title="bbox 294 1918 1333 2277">
     <span class='ocr_line' id='line_1_27' title="bbox 340 1918 1331 1968; baseline 0.001 -14"><span class='ocrx_word' id='word_1_168' title='bbox 340 1918 401 1955; x_wconf 87' lang='lat' dir='ltr'><strong>Ait</strong></span> <span class='ocrx_word' id='word_1_169' title='bbox 420 1927 515 1965; x_wconf 84' lang='lat' dir='ltr'><strong>ergo</strong></span> <span class='ocrx_word' id='word_1_170' title='bbox 536 1919 730 1966; x_wconf 86' lang='lat' dir='ltr'><strong>Propheta</strong></span> <span class='ocrx_word' id='word_1_171' title='bbox 748 1920 790 1956; x_wconf 92' lang='lat' dir='ltr'><strong>in</strong></span> <span class='ocrx_word' id='word_1_172' title='bbox 808 1920 1034 1968; x_wconf 78' lang='lat' dir='ltr'><strong>poenitentis</strong></span> <span class='ocrx_word' id='word_1_173' title='bbox 1054 1929 1225 1966; x_wconf 91' lang='lat' dir='ltr'><strong>persona</strong></span> <span class='ocrx_word' id='word_1_174' title='bbox 1245 1931 1254 1955; x_wconf 90' lang='lat'>:</span> <span class='ocrx_word' id='word_1_175' title='bbox 1286 1921 1331 1955; x_wconf 76' lang='lat' dir='ltr'><strong>In</strong></span> 
     </span>
     <span class='ocr_line' id='line_1_28' title="bbox 294 1981 1331 2030; baseline 0.001 -14"><span class='ocrx_word' id='word_1_176' title='bbox 294 1991 361 2027; x_wconf 82' lang='lat' dir='ltr'><strong>quo</strong></span> <span class='ocrx_word' id='word_1_177' title='bbox 380 1982 557 2027; x_wconf 73' lang='lat' dir='ltr'><strong>corriyit?</strong></span> <span class='ocrx_word' id='word_1_178' title='bbox 581 1981 652 2018; x_wconf 89' lang='lat' dir='ltr'><strong>ubi</strong></span> <span class='ocrx_word' id='word_1_179' title='bbox 673 1982 883 2019; x_wconf 80' lang='lat' dir='ltr'><strong>consiIIum</strong></span> <span class='ocrx_word' id='word_1_180' title='bbox 913 1982 1077 2030; x_wconf 83' lang='lat' dir='ltr'><strong>quaerIt,</strong></span> <span class='ocrx_word' id='word_1_181' title='bbox 1106 1984 1144 2019; x_wconf 87' lang='lat' dir='ltr'><strong>et</strong></span> <span class='ocrx_word' id='word_1_182' title='bbox 1167 1981 1331 2018; x_wconf 87' lang='lat' dir='ltr'><strong>rationis</strong></span> 
     </span>
     <span class='ocr_line' id='line_1_29' title="bbox 295 2043 1332 2092; baseline 0.002 -14"><span class='ocrx_word' id='word_1_183' title='bbox 295 2045 497 2090; x_wconf 81' lang='lat' dir='ltr'><strong>stuporem</strong></span> <span class='ocrx_word' id='word_1_184' title='bbox 534 2044 658 2091; x_wconf 89' lang='lat' dir='ltr'><strong>aperit</strong></span> <span class='ocrx_word' id='word_1_185' title='bbox 678 2057 689 2091; x_wconf 93' lang='lat'>;</span> <span class='ocrx_word' id='word_1_186' title='bbox 724 2045 1014 2090; x_wconf 66' lang='lat' dir='ltr'><strong>Adolescenctor,</strong></span> <span class='ocrx_word' id='word_1_187' title='bbox 1045 2043 1115 2081; x_wconf 92' lang='lat' dir='ltr'><strong>ubi</strong></span> <span class='ocrx_word' id='word_1_188' title='bbox 1149 2043 1332 2092; x_wconf 81' lang='lat' dir='ltr'><strong>proditur</strong></span> 
     </span>
     <span class='ocr_line' id='line_1_30' title="bbox 294 2106 1332 2153; baseline 0.001 -12"><span class='ocrx_word' id='word_1_189' title='bbox 294 2107 489 2151; x_wconf 87' lang='lat' dir='ltr'><strong>peccator,</strong></span> <span class='ocrx_word' id='word_1_190' title='bbox 519 2107 556 2142; x_wconf 87' lang='lat' dir='ltr'><strong>et</strong></span> <span class='ocrx_word' id='word_1_191' title='bbox 577 2106 795 2143; x_wconf 88' lang='lat' dir='ltr'><strong>ostenditur</strong></span> <span class='ocrx_word' id='word_1_192' title='bbox 820 2106 1037 2144; x_wconf 84' lang='lat' dir='ltr'><strong>affectionis</strong></span> <span class='ocrx_word' id='word_1_193' title='bbox 1064 2106 1200 2153; x_wconf 91' lang='lat' dir='ltr'><strong>dolor;</strong></span> <span class='ocrx_word' id='word_1_194' title='bbox 1225 2108 1332 2143; x_wconf 68' lang='lat' dir='ltr'><strong>Viam</strong></span> 
     </span>
     <span class='ocr_line' id='line_1_31' title="bbox 295 2167 1332 2217; baseline 0 -14"><span class='ocrx_word' id='word_1_195' title='bbox 295 2177 421 2213; x_wconf 82' lang='lat' dir='ltr'><strong>suam,</strong></span> <span class='ocrx_word' id='word_1_196' title='bbox 439 2167 510 2204; x_wconf 89' lang='lat' dir='ltr'><strong>ubi</strong></span> <span class='ocrx_word' id='word_1_197' title='bbox 529 2168 691 2216; x_wconf 88' lang='lat' dir='ltr'><strong>culpam</strong></span> <span class='ocrx_word' id='word_1_198' title='bbox 712 2169 881 2215; x_wconf 87' lang='lat' dir='ltr'><strong>detegit,</strong></span> <span class='ocrx_word' id='word_1_199' title='bbox 902 2171 939 2206; x_wconf 88' lang='lat' dir='ltr'><strong>et</strong></span> <span class='ocrx_word' id='word_1_200' title='bbox 961 2169 1160 2217; x_wconf 89' lang='lat' dir='ltr'><strong>pudorem</strong></span> <span class='ocrx_word' id='word_1_201' title='bbox 1179 2167 1332 2206; x_wconf 86' lang='lat' dir='ltr'><strong>confes-</strong></span> 
     </span>
     <span class='ocr_line' id='line_1_32' title="bbox 296 2229 1333 2277; baseline 0.001 -12"><span class='ocrx_word' id='word_1_202' title='bbox 296 2229 416 2267; x_wconf 88' lang='lat' dir='ltr'><strong>sionis</strong></span> <span class='ocrx_word' id='word_1_203' title='bbox 435 2229 586 2277; x_wconf 79' lang='lat' dir='ltr'><strong>innuit3</strong></span> <span class='ocrx_word' id='word_1_204' title='bbox 614 2233 658 2267; x_wconf 85' lang='lat' dir='ltr'><strong>In</strong></span> <span class='ocrx_word' id='word_1_205' title='bbox 683 2232 912 2268; x_wconf 78' lang='lat' dir='ltr'><strong>custodiendo</strong></span> <span class='ocrx_word' id='word_1_206' title='bbox 939 2242 1111 2268; x_wconf 77' lang='lat' dir='ltr'><strong>sermones</strong></span> <span class='ocrx_word' id='word_1_207' title='bbox 1138 2234 1237 2274; x_wconf 84' lang='lat' dir='ltr'><strong>tuos,</strong></span> <span class='ocrx_word' id='word_1_208' title='bbox 1267 2230 1333 2267; x_wconf 92' lang='lat' dir='ltr'><strong>hic</strong></span> 
     </span>
    </p>
   </div>
   <div class='ocr_carea' id='block_1_4' title="bbox 295 2291 1335 2393">
    <p class='ocr_par' dir='ltr' id='par_1_6' title="bbox 295 2291 1335 2393">
     <span class='ocr_line' id='line_1_33' title="bbox 295 2291 1335 2342; baseline 0.002 -14"><span class='ocrx_word' id='word_1_209' title='bbox 295 2291 488 2339; x_wconf 88' lang='lat' dir='ltr'><strong>reperitur</strong></span> <span class='ocrx_word' id='word_1_210' title='bbox 511 2293 732 2330; x_wconf 89' lang='lat' dir='ltr'><strong>remedium</strong></span> <span class='ocrx_word' id='word_1_211' title='bbox 762 2294 1122 2342; x_wconf 76' lang='lat' dir='ltr'><strong>praevaricationis,</strong></span> <span class='ocrx_word' id='word_1_212' title='bbox 1149 2292 1335 2332; x_wconf 87' lang='lat' dir='ltr'><strong>videlicet</strong></span> 
     </span>
     <span class='ocr_line' id='line_1_34' title="bbox 297 2354 827 2393; baseline 0.002 -3"><span class='ocrx_word' id='word_1_213' title='bbox 297 2354 526 2391; x_wconf 85' lang='lat' dir='ltr'><strong>exercitium</strong></span> <span class='ocrx_word' id='word_1_214' title='bbox 542 2355 827 2393; x_wconf 87' lang='lat' dir='ltr'><strong>satisfactionis.</strong></span> 
     </span>
    </p>
   </div>
   <div class='ocr_carea' id='block_1_5' title="bbox 668 2502 958 2530">
    <p class='ocr_par' dir='ltr' id='par_1_7' title="bbox 668 2502 958 2530">
     <span class='ocr_line' id='line_1_35' title="bbox 668 2502 958 2530; baseline 0.003 -2"><span class='ocrx_word' id='word_1_215' title='bbox 668 2502 890 2530; x_wconf 78' lang='lat' dir='ltr'>VBRSICULUS</span> <span class='ocrx_word' id='word_1_216' title='bbox 917 2504 958 2529; x_wconf 82' lang='lat' dir='ltr'><strong>X.</strong></span> 
     </span>
    </p>
   </div>
   <div class='ocr_carea' id='block_1_6' title="bbox 299 2604 1337 3218">
    <p class='ocr_par' dir='ltr' id='par_1_8' title="bbox 299 2604 1337 3218">
     <span class='ocr_line' id='line_1_36' title="bbox 347 2604 1334 2655; baseline 0.004 -14"><span class='ocrx_word' id='word_1_217' title='bbox 347 2606 392 2641; x_wconf 86' lang='lat' dir='ltr'><strong>In</strong></span> <span class='ocrx_word' id='word_1_218' title='bbox 411 2607 484 2641; x_wconf 78' lang='lat' dir='ltr'><strong>toto</strong></span> <span class='ocrx_word' id='word_1_219' title='bbox 507 2604 609 2641; x_wconf 84' lang='lat' dir='ltr'><strong>corde</strong></span> <span class='ocrx_word' id='word_1_220' title='bbox 627 2615 723 2650; x_wconf 74' lang='lat' dir='ltr'><strong>meo,</strong></span> <span class='ocrx_word' id='word_1_221' title='bbox 745 2608 818 2642; x_wconf 87' lang='lat' dir='ltr'><strong>etc.</strong></span> <span class='ocrx_word' id='word_1_222' title='bbox 837 2608 978 2644; x_wconf 81' lang='lat' dir='ltr'><strong>Versus</strong></span> <span class='ocrx_word' id='word_1_223' title='bbox 997 2607 1226 2655; x_wconf 84' lang='lat' dir='ltr'><strong>proecedens</strong></span> <span class='ocrx_word' id='word_1_224' title='bbox 1243 2618 1334 2655; x_wconf 90' lang='lat' dir='ltr'><strong>per-</strong></span> 
     </span>
     <span class='ocr_line' id='line_1_37' title="bbox 301 2667 1335 2717; baseline 0.004 -15"><span class='ocrx_word' id='word_1_225' title='bbox 301 2667 449 2705; x_wconf 86' lang='lat' dir='ltr'><strong>tinebat</strong></span> <span class='ocrx_word' id='word_1_226' title='bbox 473 2667 525 2704; x_wconf 87' lang='lat' dir='ltr'><strong>ad</strong></span> <span class='ocrx_word' id='word_1_227' title='bbox 544 2667 775 2716; x_wconf 88' lang='lat' dir='ltr'><strong>poenitentes</strong></span> <span class='ocrx_word' id='word_1_228' title='bbox 808 2679 856 2706; x_wconf 84' lang='lat' dir='ltr'><strong>ex</strong></span> <span class='ocrx_word' id='word_1_229' title='bbox 888 2669 1028 2706; x_wconf 90' lang='lat' dir='ltr'><strong>dolore</strong></span> <span class='ocrx_word' id='word_1_230' title='bbox 1057 2670 1182 2717; x_wconf 84' lang='lat' dir='ltr'><strong>culpae</strong></span> <span class='ocrx_word' id='word_1_231' title='bbox 1211 2670 1335 2717; x_wconf 92' lang='lat' dir='ltr'><strong>suspi-</strong></span> 
     </span>
     <span class='ocr_line' id='line_1_38' title="bbox 299 2731 1335 2780; baseline 0.005 -15"><span class='ocrx_word' id='word_1_232' title='bbox 299 2733 451 2776; x_wconf 79' lang='lat' dir='ltr'><strong>rante53</strong></span> <span class='ocrx_word' id='word_1_233' title='bbox 481 2740 617 2766; x_wconf 87' lang='lat' dir='ltr'><strong>versus</strong></span> <span class='ocrx_word' id='word_1_234' title='bbox 638 2741 808 2778; x_wconf 64' lang='lat' dir='ltr'><strong>praesens</strong></span> <span class='ocrx_word' id='word_1_235' title='bbox 838 2731 1006 2779; x_wconf 89' lang='lat' dir='ltr'><strong>pertinet</strong></span> <span class='ocrx_word' id='word_1_236' title='bbox 1030 2732 1082 2769; x_wconf 89' lang='lat' dir='ltr'><strong>ad</strong></span> <span class='ocrx_word' id='word_1_237' title='bbox 1102 2732 1335 2780; x_wconf 88' lang='lat' dir='ltr'><strong>poenitentes</strong></span> 
     </span>
     <span class='ocr_line' id='line_1_39' title="bbox 302 2792 1335 2841; baseline 0.004 -13"><span class='ocrx_word' id='word_1_238' title='bbox 302 2803 349 2828; x_wconf 81' lang='lat' dir='ltr'><strong>ex</strong></span> <span class='ocrx_word' id='word_1_239' title='bbox 369 2792 508 2829; x_wconf 89' lang='lat' dir='ltr'><strong>timore</strong></span> <span class='ocrx_word' id='word_1_240' title='bbox 530 2803 658 2841; x_wconf 76' lang='lat' dir='ltr'><strong>poence</strong></span> <span class='ocrx_word' id='word_1_241' title='bbox 671 2793 922 2841; x_wconf 86' lang='lat' dir='ltr'><strong>suspirantes.</strong></span> <span class='ocrx_word' id='word_1_242' title='bbox 935 2794 1044 2831; x_wconf 89' lang='lat' dir='ltr'><strong>Unde</strong></span> <span class='ocrx_word' id='word_1_243' title='bbox 1063 2795 1105 2832; x_wconf 91' lang='lat' dir='ltr'><strong>in</strong></span> <span class='ocrx_word' id='word_1_244' title='bbox 1124 2806 1242 2832; x_wconf 90' lang='lat' dir='ltr'><strong>versu</strong></span> <span class='ocrx_word' id='word_1_245' title='bbox 1261 2796 1335 2833; x_wconf 84' lang='lat' dir='ltr'><strong>isto</strong></span> 
     </span>
     <span class='ocr_line' id='line_1_40' title="bbox 301 2855 1337 2906; baseline 0.004 -15"><span class='ocrx_word' id='word_1_246' title='bbox 301 2857 460 2892; x_wconf 90' lang='lat' dir='ltr'><strong>notatur</strong></span> <span class='ocrx_word' id='word_1_247' title='bbox 480 2855 703 2902; x_wconf 86' lang='lat' dir='ltr'><strong>poenitentis</strong></span> <span class='ocrx_word' id='word_1_248' title='bbox 728 2866 775 2892; x_wconf 84' lang='lat' dir='ltr'><strong>ex</strong></span> <span class='ocrx_word' id='word_1_249' title='bbox 794 2857 935 2893; x_wconf 89' lang='lat' dir='ltr'><strong>timore</strong></span> <span class='ocrx_word' id='word_1_250' title='bbox 953 2868 1080 2905; x_wconf 81' lang='lat' dir='ltr'><strong>poenae</strong></span> <span class='ocrx_word' id='word_1_251' title='bbox 1106 2858 1337 2906; x_wconf 83' lang='lat' dir='ltr'><strong>suspirantis</strong></span> 
     </span>
     <span class='ocr_line' id='line_1_41' title="bbox 303 2920 1337 2969; baseline 0.005 -13"><span class='ocrx_word' id='word_1_252' title='bbox 303 2921 404 2957; x_wconf 85' lang='lat' dir='ltr'><strong>actio</strong></span> <span class='ocrx_word' id='word_1_253' title='bbox 420 2920 689 2968; x_wconf 83' lang='lat' dir='ltr'><strong>quadruplex3</strong></span> <span class='ocrx_word' id='word_1_254' title='bbox 711 2932 883 2969; x_wconf 87' lang='lat' dir='ltr'><strong>quarum</strong></span> <span class='ocrx_word' id='word_1_255' title='bbox 901 2922 1031 2969; x_wconf 89' lang='lat' dir='ltr'><strong>prima</strong></span> <span class='ocrx_word' id='word_1_256' title='bbox 1045 2925 1101 2959; x_wconf 85' lang='lat' dir='ltr'><strong>est</strong></span> <span class='ocrx_word' id='word_1_257' title='bbox 1114 2923 1244 2961; x_wconf 89' lang='lat' dir='ltr'><strong>cordis</strong></span> <span class='ocrx_word' id='word_1_258' title='bbox 1261 2924 1337 2961; x_wconf 89' lang='lat' dir='ltr'><strong>dis-</strong></span> 
     </span>
     <span class='ocr_line' id='line_1_42' title="bbox 304 2983 1336 3032; baseline 0.004 -13"><span class='ocrx_word' id='word_1_259' title='bbox 304 2983 436 3020; x_wconf 84' lang='lat' dir='ltr'><strong>tinctio</strong></span> <span class='ocrx_word' id='word_1_260' title='bbox 455 2995 465 3029; x_wconf 89' lang='lat'>;</span> <span class='ocrx_word' id='word_1_261' title='bbox 488 2983 662 3020; x_wconf 87' lang='lat' dir='ltr'><strong>secunda</strong></span> <span class='ocrx_word' id='word_1_262' title='bbox 681 2983 849 3020; x_wconf 89' lang='lat' dir='ltr'><strong>distincti</strong></span> <span class='ocrx_word' id='word_1_263' title='bbox 874 2984 1064 3021; x_wconf 89' lang='lat' dir='ltr'><strong>discussio</strong></span> <span class='ocrx_word' id='word_1_264' title='bbox 1089 2998 1100 3032; x_wconf 81' lang='lat'>3</span> <span class='ocrx_word' id='word_1_265' title='bbox 1120 2986 1231 3023; x_wconf 89' lang='lat' dir='ltr'><strong>tertia</strong></span> <span class='ocrx_word' id='word_1_266' title='bbox 1259 2986 1336 3023; x_wconf 91' lang='lat' dir='ltr'><strong>dis-</strong></span> 
     </span>
     <span class='ocr_line' id='line_1_43' title="bbox 305 3045 1337 3095; baseline 0.006 -15"><span class='ocrx_word' id='word_1_267' title='bbox 305 3045 480 3082; x_wconf 85' lang='lat' dir='ltr'><strong>cutientis</strong></span> <span class='ocrx_word' id='word_1_268' title='bbox 492 3045 725 3093; x_wconf 87' lang='lat' dir='ltr'><strong>trepidatio;</strong></span> <span class='ocrx_word' id='word_1_269' title='bbox 748 3050 887 3094; x_wconf 89' lang='lat' dir='ltr'><strong>quarta</strong></span> <span class='ocrx_word' id='word_1_270' title='bbox 906 3047 1136 3095; x_wconf 86' lang='lat' dir='ltr'><strong>trepidantis</strong></span> <span class='ocrx_word' id='word_1_271' title='bbox 1154 3049 1337 3087; x_wconf 82' lang='lat' dir='ltr'><strong>humilia-</strong></span> 
     </span>
     <span class='ocr_line' id='line_1_44' title="bbox 306 3107 1335 3158; baseline 0.006 -15"><span class='ocrx_word' id='word_1_272' title='bbox 306 3107 374 3144; x_wconf 85' lang='lat' dir='ltr'><strong>tio.</strong></span> <span class='ocrx_word' id='word_1_273' title='bbox 390 3107 518 3145; x_wconf 89' lang='lat' dir='ltr'><strong>Prima</strong></span> <span class='ocrx_word' id='word_1_274' title='bbox 538 3110 593 3145; x_wconf 89' lang='lat' dir='ltr'><strong>est</strong></span> <span class='ocrx_word' id='word_1_275' title='bbox 612 3109 811 3155; x_wconf 74' lang='lat' dir='ltr'><strong>studiosa5</strong></span> <span class='ocrx_word' id='word_1_276' title='bbox 829 3110 1004 3147; x_wconf 86' lang='lat' dir='ltr'><strong>secunda</strong></span> <span class='ocrx_word' id='word_1_277' title='bbox 1017 3109 1242 3158; x_wconf 83' lang='lat' dir='ltr'><strong>laboriosa3</strong></span> <span class='ocrx_word' id='word_1_278' title='bbox 1260 3113 1335 3149; x_wconf 88' lang='lat' dir='ltr'><strong>ter-</strong></span> 
     </span>
     <span class='ocr_line' id='line_1_45' title="bbox 306 3170 968 3218; baseline 0.005 -12"><span class='ocrx_word' id='word_1_279' title='bbox 306 3170 359 3207; x_wconf 82' lang='lat' dir='ltr'><strong>tia</strong></span> <span class='ocrx_word' id='word_1_280' title='bbox 372 3170 565 3218; x_wconf 87' lang='lat' dir='ltr'><strong>luctuosa,</strong></span> <span class='ocrx_word' id='word_1_281' title='bbox 580 3173 618 3208; x_wconf 91' lang='lat' dir='ltr'><strong>et</strong></span> <span class='ocrx_word' id='word_1_282' title='bbox 632 3173 771 3218; x_wconf 81' lang='lat' dir='ltr'><strong>quarta</strong></span> <span class='ocrx_word' id='word_1_283' title='bbox 785 3171 968 3218; x_wconf 84' lang='lat' dir='ltr'><strong>gratiosa.</strong></span> 
     </span>
    </p>
   </div>
   <div class='ocr_carea' id='block_1_7' title="bbox 639 3276 1007 3323">
    <p class='ocr_par' dir='ltr' id='par_1_9' title="bbox 639 3276 1007 3323">
     <span class='ocr_line' id='line_1_46' title="bbox 639 3276 1007 3323; baseline 0.003 -11"><span class='ocrx_word' id='word_1_284' title='bbox 639 3276 830 3312; x_wconf 82' lang='lat' dir='ltr'><strong>Articulus</strong></span> <span class='ocrx_word' id='word_1_285' title='bbox 852 3278 1007 3323; x_wconf 81' lang='lat' dir='ltr'><strong>primus.</strong></span> 
     </span>
    </p>
   </div>
   <div class='ocr_carea' id='block_1_8' title="bbox 354 3359 1338 3407">
    <p class='ocr_par' dir='ltr' id='par_1_10' title="bbox 354 3359 1338 3407">
     <span class='ocr_line' id='line_1_47' title="bbox 354 3359 1338 3407; baseline 0.005 -11"><span class='ocrx_word' id='word_1_286' title='bbox 354 3359 484 3397; x_wconf 82' lang='lat' dir='ltr'><strong>Prima</strong></span> <span class='ocrx_word' id='word_1_287' title='bbox 513 3360 686 3406; x_wconf 90' lang='lat' dir='ltr'><strong>notatur,</strong></span> <span class='ocrx_word' id='word_1_288' title='bbox 712 3370 803 3396; x_wconf 89' lang='lat' dir='ltr'><strong>eum</strong></span> <span class='ocrx_word' id='word_1_289' title='bbox 835 3359 979 3396; x_wconf 91' lang='lat' dir='ltr'><strong>dicitur</strong></span> <span class='ocrx_word' id='word_1_290' title='bbox 1000 3371 1009 3396; x_wconf 74' lang='grc' dir='ltr'>ε</span> <span class='ocrx_word' id='word_1_291' title='bbox 1031 3362 1075 3397; x_wconf 85' lang='grc' dir='ltr'><strong>1η</strong></span> <span class='ocrx_word' id='word_1_292' title='bbox 1106 3363 1179 3398; x_wconf 83' lang='lat' dir='ltr'><strong>toto</strong></span> <span class='ocrx_word' id='word_1_293' title='bbox 1208 3363 1338 3407; x_wconf 83' lang='lat' dir='ltr'><strong>corde,-</strong></span> 
     </span>
    </p>
   </div>
   <div class='ocr_carea' id='block_1_9' title="bbox 309 3443 1340 3536">
    <p class='ocr_par' dir='ltr' id='par_1_11' title="bbox 309 3443 1340 3536">
     <span class='ocr_line' id='line_1_48' title="bbox 353 3443 1338 3487; baseline 0.004 -12"><span class='ocrx_word' id='word_1_294' title='bbox 353 3444 494 3483; x_wconf 77' lang='lat' dir='ltr'><strong>¹Marc.‚</strong></span> <span class='ocrx_word' id='word_1_295' title='bbox 515 3451 541 3483; x_wconf 91' lang='lat'><strong>1,</strong></span> <span class='ocrx_word' id='word_1_296' title='bbox 563 3445 614 3476; x_wconf 78' lang='lat'><strong>¹5.</strong></span> <span class='ocrx_word' id='word_1_297' title='bbox 630 3460 669 3466; x_wconf 93' lang='lat'><em>—</em></span> <span class='ocrx_word' id='word_1_298' title='bbox 690 3443 700 3462; x_wconf 77' lang='lat'>²</span> <span class='ocrx_word' id='word_1_299' title='bbox 718 3443 899 3484; x_wconf 76' lang='lat' dir='ltr'><strong>11ebr.,1v‚</strong></span> <span class='ocrx_word' id='word_1_300' title='bbox 921 3445 971 3476; x_wconf 77' lang='lat'><strong>12.</strong></span> <span class='ocrx_word' id='word_1_301' title='bbox 985 3461 1026 3469; x_wconf 89' lang='lat'>—</span> <span class='ocrx_word' id='word_1_302' title='bbox 1042 3444 1053 3462; x_wconf 85' lang='lat'>³</span> <span class='ocrx_word' id='word_1_303' title='bbox 1069 3445 1180 3484; x_wconf 88' lang='lat' dir='ltr'><strong>Prov.,</strong></span> <span class='ocrx_word' id='word_1_304' title='bbox 1201 3453 1264 3487; x_wconf 78' lang='lat' dir='ltr'><strong>xii,</strong></span> <span class='ocrx_word' id='word_1_305' title='bbox 1285 3448 1338 3479; x_wconf 81' lang='lat'><strong>25.</strong></span> 
     </span>
     <span class='ocr_line' id='line_1_49' title="bbox 309 3490 1340 3536; baseline 0.006 -15"><span class='ocrx_word' id='word_1_306' title='bbox 309 3506 348 3513; x_wconf 92' lang='lat'><strong>·-</strong></span> <span class='ocrx_word' id='word_1_307' title='bbox 370 3491 378 3509; x_wconf 78' lang='lat'>⁸</span> <span class='ocrx_word' id='word_1_308' title='bbox 399 3490 531 3531; x_wconf 51' lang='lat' dir='ltr'><strong>Ephe&amp;²</strong></span> <span class='ocrx_word' id='word_1_309' title='bbox 552 3498 598 3531; x_wconf 83' lang='lat' dir='ltr'><strong>lv,</strong></span> <span class='ocrx_word' id='word_1_310' title='bbox 622 3492 670 3523; x_wconf 82' lang='lat'><strong>19.</strong></span> <span class='ocrx_word' id='word_1_311' title='bbox 692 3507 732 3516; x_wconf 90' lang='lat'><strong>--</strong></span> <span class='ocrx_word' id='word_1_312' title='bbox 759 3491 772 3512; x_wconf 66' lang='grc' dir='ltr'>ὓ</span> <span class='ocrx_word' id='word_1_313' title='bbox 793 3492 904 3531; x_wconf 80' lang='grc' dir='ltr'><em>Ρνου.,</em></span> <span class='ocrx_word' id='word_1_314' title='bbox 930 3499 968 3532; x_wconf 85' lang='lat'><strong>11,</strong></span> <span class='ocrx_word' id='word_1_315' title='bbox 995 3494 1048 3523; x_wconf 80' lang='lat'><strong>21.</strong></span> <span class='ocrx_word' id='word_1_316' title='bbox 1067 3508 1108 3516; x_wconf 89' lang='lat'><strong>—</strong></span> <span class='ocrx_word' id='word_1_317' title='bbox 1133 3493 1146 3514; x_wconf 77' lang='lat'><strong>⁶</strong></span> <span class='ocrx_word' id='word_1_318' title='bbox 1166 3493 1285 3534; x_wconf 83' lang='lat' dir='ltr'><strong>Eccli.‚</strong></span> <span class='ocrx_word' id='word_1_319' title='bbox 1313 3503 1340 3536; x_wconf 90' lang='lat'><strong>1,</strong></span> 
     </span>
    </p>
   </div>
   <div class='ocr_carea' id='block_1_10' title="bbox 2356 213 2428 252">
    <p class='ocr_par' dir='ltr' id='par_1_12' title="bbox 2356 213 2428 252">
     <span class='ocr_line' id='line_1_50' title="bbox 2356 213 2428 252; baseline 0.028 -2"><span class='ocrx_word' id='word_1_320' title='bbox 2356 213 2428 252; x_wconf 83' lang='lat'><strong>331</strong></span> 
     </span>
    </p>
   </div>
   <div class='ocr_carea' id='block_1_11' title="bbox 1394 299 2432 410">
    <p class='ocr_par' dir='ltr' id='par_1_13' title="bbox 1394 299 2432 410">
     <span class='ocr_line' id='line_1_51' title="bbox 1394 299 2432 349; baseline 0.001 -13"><span class='ocrx_word' id='word_1_321' title='bbox 1394 310 1476 336; x_wconf 93' lang='lat' dir='ltr'><strong>non</strong></span> <span class='ocrx_word' id='word_1_322' title='bbox 1496 299 1537 336; x_wconf 89' lang='lat' dir='ltr'><strong>in</strong></span> <span class='ocrx_word' id='word_1_323' title='bbox 1556 299 1687 337; x_wconf 84' lang='lat' dir='ltr'><strong>cordis</strong></span> <span class='ocrx_word' id='word_1_324' title='bbox 1706 303 1840 348; x_wconf 81' lang='lat' dir='ltr'><strong>parte3</strong></span> <span class='ocrx_word' id='word_1_325' title='bbox 1874 310 1946 349; x_wconf 88' lang='lat' dir='ltr'><strong>per</strong></span> <span class='ocrx_word' id='word_1_326' title='bbox 1966 301 2077 349; x_wconf 84' lang='lat' dir='ltr'><strong>quod</strong></span> <span class='ocrx_word' id='word_1_327' title='bbox 2095 301 2271 339; x_wconf 88' lang='lat' dir='ltr'><strong>innuitur</strong></span> <span class='ocrx_word' id='word_1_328' title='bbox 2299 300 2432 338; x_wconf 89' lang='lat' dir='ltr'><strong>cordis</strong></span> 
     </span>
     <span class='ocr_line' id='line_1_52' title="bbox 1396 361 2429 410; baseline 0.003 -12"><span class='ocrx_word' id='word_1_329' title='bbox 1396 361 1612 408; x_wconf 90' lang='lat' dir='ltr'><strong>distinctio,</strong></span> <span class='ocrx_word' id='word_1_330' title='bbox 1641 373 1729 410; x_wconf 83' lang='lat' dir='ltr'><strong>quae</strong></span> <span class='ocrx_word' id='word_1_331' title='bbox 1748 373 1830 400; x_wconf 92' lang='lat' dir='ltr'><strong>non</strong></span> <span class='ocrx_word' id='word_1_332' title='bbox 1849 363 2018 401; x_wconf 88' lang='lat' dir='ltr'><strong>habetur</strong></span> <span class='ocrx_word' id='word_1_333' title='bbox 2037 364 2120 401; x_wconf 90' lang='lat' dir='ltr'><strong>sine</strong></span> <span class='ocrx_word' id='word_1_334' title='bbox 2141 365 2286 402; x_wconf 89' lang='lat' dir='ltr'><strong>studio.</strong></span> <span class='ocrx_word' id='word_1_335' title='bbox 2321 364 2429 401; x_wconf 85' lang='lat' dir='ltr'><strong>Unde</strong></span> 
     </span>
    </p>
   </div>
   <div class='ocr_carea' id='block_1_12' title="bbox 1394 424 2591 474">
    <p class='ocr_par' dir='ltr' id='par_1_14' title="bbox 1394 424 2591 474">
     <span class='ocr_line' id='line_1_53' title="bbox 1394 424 2591 474; baseline 0.001 -13"><span class='ocrx_word' id='word_1_336' title='bbox 1394 427 1507 469; x_wconf 87' lang='lat' dir='ltr'><strong>nota,</strong></span> <span class='ocrx_word' id='word_1_337' title='bbox 1529 424 1641 472; x_wconf 86' lang='lat' dir='ltr'><strong>quod</strong></span> <span class='ocrx_word' id='word_1_338' title='bbox 1657 435 1738 470; x_wconf 91' lang='lat' dir='ltr'><strong>cor,</strong></span> <span class='ocrx_word' id='word_1_339' title='bbox 1759 427 1956 472; x_wconf 86' lang='lat' dir='ltr'><strong>quantum</strong></span> <span class='ocrx_word' id='word_1_340' title='bbox 1977 426 2029 462; x_wconf 93' lang='lat' dir='ltr'><strong>ad</strong></span> <span class='ocrx_word' id='word_1_341' title='bbox 2050 437 2222 473; x_wconf 83' lang='lat' dir='ltr'><strong>praesens</strong></span> <span class='ocrx_word' id='word_1_342' title='bbox 2241 426 2427 474; x_wconf 88' lang='lat' dir='ltr'><strong>pertinet,</strong></span> <span class='ocrx_word' id='word_1_343' title='bbox 2468 431 2524 457; x_wconf 78' lang='lat' dir='ltr'><strong>Cor</strong></span> <span class='ocrx_word' id='word_1_344' title='bbox 2544 432 2591 457; x_wconf 72' lang='lat' dir='ltr'><strong>tri-</strong></span> 
     </span>
    </p>
   </div>
   <div class='ocr_carea' id='block_1_13' title="bbox 1394 472 2579 598">
    <p class='ocr_par' dir='ltr' id='par_1_15' title="bbox 1394 472 2579 598">
     <span class='ocr_line' id='line_1_54' title="bbox 1396 472 2574 538; baseline 0.001 -15"><span class='ocrx_word' id='word_1_345' title='bbox 1396 486 1646 533; x_wconf 83' lang='lat' dir='ltr'><strong>distinguitur</strong></span> <span class='ocrx_word' id='word_1_346' title='bbox 1664 486 1873 530; x_wconf 82' lang='lat' dir='ltr'><strong>trifariam3</strong></span> <span class='ocrx_word' id='word_1_347' title='bbox 1891 486 2075 524; x_wconf 87' lang='lat' dir='ltr'><strong>videlicet</strong></span> <span class='ocrx_word' id='word_1_348' title='bbox 2093 488 2133 524; x_wconf 88' lang='lat' dir='ltr'><strong>in</strong></span> <span class='ocrx_word' id='word_1_349' title='bbox 2145 491 2300 535; x_wconf 85' lang='lat' dir='ltr'><strong>partem</strong></span> <span class='ocrx_word' id='word_1_350' title='bbox 2316 488 2430 525; x_wconf 88' lang='lat' dir='ltr'><strong>intel·</strong></span> <span class='ocrx_word' id='word_1_351' title='bbox 2461 472 2574 538; x_wconf 42' lang='lat' dir='ltr'><strong>{migr</strong></span> 
     </span>
     <span class='ocr_line' id='line_1_55' title="bbox 1394 548 2579 598; baseline 0.003 -13"><span class='ocrx_word' id='word_1_352' title='bbox 1394 548 1602 596; x_wconf 89' lang='lat' dir='ltr'><strong>lectivam,</strong></span> <span class='ocrx_word' id='word_1_353' title='bbox 1635 548 1858 586; x_wconf 80' lang='lat' dir='ltr'><strong>affectivam</strong></span> <span class='ocrx_word' id='word_1_354' title='bbox 1875 577 1887 596; x_wconf 86' lang='lat'><strong>,</strong></span> <span class='ocrx_word' id='word_1_355' title='bbox 1917 552 1954 586; x_wconf 92' lang='lat' dir='ltr'><strong>et</strong></span> <span class='ocrx_word' id='word_1_356' title='bbox 1987 549 2236 586; x_wconf 85' lang='lat' dir='ltr'><strong>effectivam:</strong></span> <span class='ocrx_word' id='word_1_357' title='bbox 2261 561 2432 598; x_wconf 85' lang='lat' dir='ltr'><strong>quarum</strong></span> <span class='ocrx_word' id='word_1_358' title='bbox 2468 554 2579 589; x_wconf 71' lang='lat' dir='ltr'><strong>guitur.</strong></span> 
     </span>
    </p>
   </div>
   <div class='ocr_carea' id='block_1_14' title="bbox 1394 611 2438 1778">
    <p class='ocr_par' dir='ltr' id='par_1_16' title="bbox 1394 611 2438 1778">
     <span class='ocr_line' id='line_1_56' title="bbox 1394 611 2432 659; baseline 0.002 -12"><span class='ocrx_word' id='word_1_359' title='bbox 1394 611 1523 658; x_wconf 89' lang='lat' dir='ltr'><strong>prima</strong></span> <span class='ocrx_word' id='word_1_360' title='bbox 1543 613 1599 648; x_wconf 88' lang='lat' dir='ltr'><strong>est</strong></span> <span class='ocrx_word' id='word_1_361' title='bbox 1617 611 1860 657; x_wconf 80' lang='lat' dir='ltr'><strong>deliberans,</strong></span> <span class='ocrx_word' id='word_1_362' title='bbox 1881 611 2056 648; x_wconf 89' lang='lat' dir='ltr'><strong>secunda</strong></span> <span class='ocrx_word' id='word_1_363' title='bbox 2076 611 2297 659; x_wconf 88' lang='lat' dir='ltr'><strong>imperans,</strong></span> <span class='ocrx_word' id='word_1_364' title='bbox 2320 613 2432 649; x_wconf 86' lang='lat' dir='ltr'><strong>tertia</strong></span> 
     </span>
     <span class='ocr_line' id='line_1_57' title="bbox 1396 672 2432 721; baseline 0.002 -12"><span class='ocrx_word' id='word_1_365' title='bbox 1396 683 1577 720; x_wconf 86' lang='lat' dir='ltr'><strong>operans.</strong></span> <span class='ocrx_word' id='word_1_366' title='bbox 1601 675 1651 710; x_wconf 89' lang='lat' dir='ltr'><strong>De</strong></span> <span class='ocrx_word' id='word_1_367' title='bbox 1670 674 1800 721; x_wconf 90' lang='lat' dir='ltr'><strong>prima</strong></span> <span class='ocrx_word' id='word_1_368' title='bbox 1819 672 1960 710; x_wconf 91' lang='lat' dir='ltr'><strong>dicitur</strong></span> <span class='ocrx_word' id='word_1_369' title='bbox 1977 674 1990 695; x_wconf 79' lang='lat'>⁵</span> <span class='ocrx_word' id='word_1_370' title='bbox 2012 684 2020 709; x_wconf 73' lang='grc' dir='ltr'>ε</span> <span class='ocrx_word' id='word_1_371' title='bbox 2048 673 2119 710; x_wconf 86' lang='lat' dir='ltr'><strong>«Si</strong></span> <span class='ocrx_word' id='word_1_372' title='bbox 2144 673 2345 710; x_wconf 85' lang='lat' dir='ltr'><strong>intraverit</strong></span> <span class='ocrx_word' id='word_1_373' title='bbox 2372 685 2432 711; x_wconf 86' lang='lat' dir='ltr'><strong>sa-</strong></span> 
     </span>
     <span class='ocr_line' id='line_1_58' title="bbox 1394 734 2431 782; baseline 0.003 -13"><span class='ocrx_word' id='word_1_374' title='bbox 1394 734 1541 781; x_wconf 86' lang='lat' dir='ltr'><strong>pientia</strong></span> <span class='ocrx_word' id='word_1_375' title='bbox 1567 745 1634 771; x_wconf 90' lang='lat' dir='ltr'><strong>eor</strong></span> <span class='ocrx_word' id='word_1_376' title='bbox 1662 737 1798 781; x_wconf 89' lang='lat' dir='ltr'><strong>tuum,</strong></span> <span class='ocrx_word' id='word_1_377' title='bbox 1824 737 1861 771; x_wconf 89' lang='lat' dir='ltr'><strong>et</strong></span> <span class='ocrx_word' id='word_1_378' title='bbox 1886 734 2046 771; x_wconf 88' lang='lat' dir='ltr'><strong>scientia</strong></span> <span class='ocrx_word' id='word_1_379' title='bbox 2070 734 2210 771; x_wconf 82' lang='lat' dir='ltr'><strong>animae</strong></span> <span class='ocrx_word' id='word_1_380' title='bbox 2241 737 2318 771; x_wconf 85' lang='lat' dir='ltr'><strong>tuae</strong></span> <span class='ocrx_word' id='word_1_381' title='bbox 2347 735 2431 782; x_wconf 78' lang='lat' dir='ltr'><strong>pla·</strong></span> 
     </span>
     <span class='ocr_line' id='line_1_59' title="bbox 1396 795 2433 844; baseline 0.001 -12"><span class='ocrx_word' id='word_1_382' title='bbox 1396 795 1539 842; x_wconf 89' lang='lat' dir='ltr'><strong>cuerit,</strong></span> <span class='ocrx_word' id='word_1_383' title='bbox 1573 796 1783 833; x_wconf 89' lang='lat' dir='ltr'><strong>consilium</strong></span> <span class='ocrx_word' id='word_1_384' title='bbox 1817 797 2010 834; x_wconf 80' lang='lat' dir='ltr'><strong>custodiet</strong></span> <span class='ocrx_word' id='word_1_385' title='bbox 2040 798 2091 833; x_wconf 90' lang='lat' dir='ltr'><strong>te.</strong></span> <span class='ocrx_word' id='word_1_386' title='bbox 2110 811 2127 830; x_wconf 68' lang='grc' dir='ltr'><strong>η</strong></span> <span class='ocrx_word' id='word_1_387' title='bbox 2153 796 2220 833; x_wconf 88' lang='lat' dir='ltr'><strong>Hic</strong></span> <span class='ocrx_word' id='word_1_388' title='bbox 2245 797 2433 844; x_wconf 87' lang='lat' dir='ltr'><strong>accipitur</strong></span> 
     </span>
     <span class='ocr_line' id='line_1_60' title="bbox 1397 858 2434 906; baseline 0 -11"><span class='ocrx_word' id='word_1_389' title='bbox 1397 867 1465 895; x_wconf 90' lang='lat' dir='ltr'><strong>cor</strong></span> <span class='ocrx_word' id='word_1_390' title='bbox 1482 869 1557 906; x_wconf 91' lang='lat' dir='ltr'><strong>pro</strong></span> <span class='ocrx_word' id='word_1_391' title='bbox 1589 860 1699 906; x_wconf 86' lang='lat' dir='ltr'><strong>parte</strong></span> <span class='ocrx_word' id='word_1_392' title='bbox 1718 858 1978 904; x_wconf 86' lang='lat' dir='ltr'><strong>intellectiva,</strong></span> <span class='ocrx_word' id='word_1_393' title='bbox 2004 858 2056 895; x_wconf 91' lang='lat' dir='ltr'><strong>ad</strong></span> <span class='ocrx_word' id='word_1_394' title='bbox 2088 869 2211 906; x_wconf 83' lang='lat' dir='ltr'><strong>quam</strong></span> <span class='ocrx_word' id='word_1_395' title='bbox 2237 858 2434 906; x_wconf 86' lang='lat' dir='ltr'><strong>pertinent</strong></span> 
     </span>
     <span class='ocr_line' id='line_1_61' title="bbox 1397 920 2434 969; baseline 0.001 -12"><span class='ocrx_word' id='word_1_396' title='bbox 1397 920 1625 958; x_wconf 85' lang='lat' dir='ltr'><strong>divinorum</strong></span> <span class='ocrx_word' id='word_1_397' title='bbox 1644 921 1857 969; x_wconf 86' lang='lat' dir='ltr'><strong>sapientia,</strong></span> <span class='ocrx_word' id='word_1_398' title='bbox 1884 921 2155 958; x_wconf 89' lang='lat' dir='ltr'><strong>humanorum</strong></span> <span class='ocrx_word' id='word_1_399' title='bbox 2181 920 2368 966; x_wconf 86' lang='lat' dir='ltr'><strong>seientia,</strong></span> <span class='ocrx_word' id='word_1_400' title='bbox 2396 924 2434 958; x_wconf 91' lang='lat' dir='ltr'><strong>et</strong></span> 
     </span>
     <span class='ocr_line' id='line_1_62' title="bbox 1397 981 2428 1030; baseline -0.001 -11"><span class='ocrx_word' id='word_1_401' title='bbox 1397 983 1646 1030; x_wconf 85' lang='lat' dir='ltr'><strong>agendorum</strong></span> <span class='ocrx_word' id='word_1_402' title='bbox 1677 982 1854 1020; x_wconf 89' lang='lat' dir='ltr'><strong>consilia.</strong></span> <span class='ocrx_word' id='word_1_403' title='bbox 1890 985 1941 1019; x_wconf 89' lang='lat' dir='ltr'><strong>De</strong></span> <span class='ocrx_word' id='word_1_404' title='bbox 1979 982 2156 1019; x_wconf 88' lang='lat' dir='ltr'><strong>secunda</strong></span> <span class='ocrx_word' id='word_1_405' title='bbox 2183 981 2366 1019; x_wconf 88' lang='lat' dir='ltr'><strong>scribitur</strong></span> <span class='ocrx_word' id='word_1_406' title='bbox 2385 981 2428 1018; x_wconf 74' lang='lat'><strong>⁶:</strong></span> 
     </span>
     <span class='ocr_line' id='line_1_63' title="bbox 1402 1043 2434 1092; baseline 0 -12"><span class='ocrx_word' id='word_1_407' title='bbox 1402 1058 1420 1080; x_wconf 87' lang='lat'>«</span> <span class='ocrx_word' id='word_1_408' title='bbox 1439 1045 1683 1092; x_wconf 86' lang='lat' dir='ltr'><strong>Religiositas</strong></span> <span class='ocrx_word' id='word_1_409' title='bbox 1703 1044 1918 1090; x_wconf 90' lang='lat' dir='ltr'><strong>custodiet,</strong></span> <span class='ocrx_word' id='word_1_410' title='bbox 1940 1047 1977 1081; x_wconf 91' lang='lat' dir='ltr'><strong>et</strong></span> <span class='ocrx_word' id='word_1_411' title='bbox 2006 1043 2237 1091; x_wconf 86' lang='lat' dir='ltr'><strong>justificabit</strong></span> <span class='ocrx_word' id='word_1_412' title='bbox 2260 1054 2344 1090; x_wconf 91' lang='lat' dir='ltr'><strong>cor,</strong></span> <span class='ocrx_word' id='word_1_413' title='bbox 2371 1044 2434 1090; x_wconf 85' lang='lat' dir='ltr'><strong>ju-</strong></span> 
     </span>
     <span class='ocr_line' id='line_1_64' title="bbox 1398 1106 2432 1156; baseline -0.003 -11"><span class='ocrx_word' id='word_1_414' title='bbox 1398 1108 1640 1146; x_wconf 87' lang='lat' dir='ltr'><strong>cunditatem</strong></span> <span class='ocrx_word' id='word_1_415' title='bbox 1659 1111 1776 1156; x_wconf 88' lang='lat' dir='ltr'><strong>atque</strong></span> <span class='ocrx_word' id='word_1_416' title='bbox 1805 1107 1998 1155; x_wconf 86' lang='lat' dir='ltr'><strong>gaudium</strong></span> <span class='ocrx_word' id='word_1_417' title='bbox 2018 1107 2142 1145; x_wconf 86' lang='lat' dir='ltr'><strong>dabit.</strong></span> <span class='ocrx_word' id='word_1_418' title='bbox 2160 1120 2178 1141; x_wconf 92' lang='lat'>»</span> <span class='ocrx_word' id='word_1_419' title='bbox 2204 1107 2269 1143; x_wconf 85' lang='lat' dir='ltr'><strong>Hic</strong></span> <span class='ocrx_word' id='word_1_420' title='bbox 2289 1106 2432 1153; x_wconf 88' lang='lat' dir='ltr'><strong>aecipi-</strong></span> 
     </span>
     <span class='ocr_line' id='line_1_65' title="bbox 1398 1168 2434 1218; baseline -0.003 -11"><span class='ocrx_word' id='word_1_421' title='bbox 1398 1172 1460 1207; x_wconf 90' lang='lat' dir='ltr'><strong>tur</strong></span> <span class='ocrx_word' id='word_1_422' title='bbox 1481 1181 1548 1207; x_wconf 91' lang='lat' dir='ltr'><strong>eor</strong></span> <span class='ocrx_word' id='word_1_423' title='bbox 1566 1181 1640 1218; x_wconf 91' lang='lat' dir='ltr'><strong>pro</strong></span> <span class='ocrx_word' id='word_1_424' title='bbox 1672 1173 1783 1218; x_wconf 87' lang='lat' dir='ltr'><strong>parte</strong></span> <span class='ocrx_word' id='word_1_425' title='bbox 1803 1170 1982 1208; x_wconf 84' lang='lat' dir='ltr'><strong>affectiva</strong></span> <span class='ocrx_word' id='word_1_426' title='bbox 2001 1198 2014 1216; x_wconf 90' lang='lat'><strong>,</strong></span> <span class='ocrx_word' id='word_1_427' title='bbox 2049 1180 2173 1217; x_wconf 84' lang='lat' dir='ltr'><strong>quam</strong></span> <span class='ocrx_word' id='word_1_428' title='bbox 2200 1168 2434 1215; x_wconf 84' lang='lat' dir='ltr'><strong>religiositas</strong></span> 
     </span>
     <span class='ocr_line' id='line_1_66' title="bbox 1400 1229 2435 1279; baseline -0.005 -9"><span class='ocrx_word' id='word_1_429' title='bbox 1400 1232 1569 1270; x_wconf 90' lang='lat' dir='ltr'><strong>custodit</strong></span> <span class='ocrx_word' id='word_1_430' title='bbox 1588 1244 1612 1270; x_wconf 86' lang='lat' dir='ltr'><strong>a</strong></span> <span class='ocrx_word' id='word_1_431' title='bbox 1632 1233 1837 1270; x_wconf 87' lang='lat' dir='ltr'><strong>desideriis</strong></span> <span class='ocrx_word' id='word_1_432' title='bbox 1857 1232 1971 1270; x_wconf 88' lang='lat' dir='ltr'><strong>malis</strong></span> <span class='ocrx_word' id='word_1_433' title='bbox 1985 1259 1998 1278; x_wconf 91' lang='lat'><strong>,</strong></span> <span class='ocrx_word' id='word_1_434' title='bbox 2014 1231 2201 1279; x_wconf 82' lang='lat' dir='ltr'><strong>justificat</strong></span> <span class='ocrx_word' id='word_1_435' title='bbox 2229 1229 2435 1267; x_wconf 89' lang='lat' dir='ltr'><strong>desideriis</strong></span> 
     </span>
     <span class='ocr_line' id='line_1_67' title="bbox 1398 1292 2435 1342; baseline -0.004 -10"><span class='ocrx_word' id='word_1_436' title='bbox 1398 1295 1535 1341; x_wconf 84' lang='lat' dir='ltr'><strong>honis,</strong></span> <span class='ocrx_word' id='word_1_437' title='bbox 1562 1295 1626 1332; x_wconf 87' lang='lat' dir='ltr'><strong>eui</strong></span> <span class='ocrx_word' id='word_1_438' title='bbox 1646 1298 1682 1332; x_wconf 91' lang='lat' dir='ltr'><strong>et</strong></span> <span class='ocrx_word' id='word_1_439' title='bbox 1706 1295 1996 1342; x_wconf 71' lang='lat' dir='ltr'><strong>¹iucunditatem</strong></span> <span class='ocrx_word' id='word_1_440' title='bbox 2016 1294 2084 1331; x_wconf 89' lang='lat' dir='ltr'><strong>dat</strong></span> <span class='ocrx_word' id='word_1_441' title='bbox 2105 1292 2374 1341; x_wconf 86' lang='lat' dir='ltr'><strong>temporaliter</strong></span> <span class='ocrx_word' id='word_1_442' title='bbox 2393 1292 2435 1328; x_wconf 91' lang='lat' dir='ltr'><strong>in</strong></span> 
     </span>
     <span class='ocr_line' id='line_1_68' title="bbox 1399 1354 2434 1404; baseline -0.004 -10"><span class='ocrx_word' id='word_1_443' title='bbox 1399 1358 1558 1403; x_wconf 90' lang='lat' dir='ltr'><strong>merito,</strong></span> <span class='ocrx_word' id='word_1_444' title='bbox 1581 1360 1617 1394; x_wconf 90' lang='lat' dir='ltr'><strong>et</strong></span> <span class='ocrx_word' id='word_1_445' title='bbox 1638 1357 1830 1404; x_wconf 87' lang='lat' dir='ltr'><strong>gaudium</strong></span> <span class='ocrx_word' id='word_1_446' title='bbox 1857 1356 2089 1394; x_wconf 66' lang='lat' dir='ltr'><strong>aeternaliter</strong></span> <span class='ocrx_word' id='word_1_447' title='bbox 2107 1356 2150 1393; x_wconf 92' lang='lat' dir='ltr'><strong>in</strong></span> <span class='ocrx_word' id='word_1_448' title='bbox 2175 1354 2353 1403; x_wconf 88' lang='lat' dir='ltr'><strong>praemio.</strong></span> <span class='ocrx_word' id='word_1_449' title='bbox 2381 1356 2434 1390; x_wconf 90' lang='lat' dir='ltr'><strong>De</strong></span> 
     </span>
     <span class='ocr_line' id='line_1_69' title="bbox 1399 1418 2436 1465; baseline -0.004 -9"><span class='ocrx_word' id='word_1_450' title='bbox 1399 1419 1510 1457; x_wconf 87' lang='lat' dir='ltr'><strong>tertia</strong></span> <span class='ocrx_word' id='word_1_451' title='bbox 1529 1419 1672 1465; x_wconf 84' lang='lat' dir='ltr'><strong>legitur</strong></span> <span class='ocrx_word' id='word_1_452' title='bbox 1689 1421 1702 1442; x_wconf 83' lang='lat'><em>⁷</em></span> <span class='ocrx_word' id='word_1_453' title='bbox 1720 1421 1840 1456; x_wconf 89' lang='lat' dir='ltr'><strong>:«Cor</strong></span> <span class='ocrx_word' id='word_1_454' title='bbox 1858 1429 1975 1455; x_wconf 90' lang='lat' dir='ltr'><strong>suum</strong></span> <span class='ocrx_word' id='word_1_455' title='bbox 1995 1418 2105 1456; x_wconf 88' lang='lat' dir='ltr'><strong>dabit</strong></span> <span class='ocrx_word' id='word_1_456' title='bbox 2124 1418 2166 1454; x_wconf 93' lang='lat' dir='ltr'><strong>in</strong></span> <span class='ocrx_word' id='word_1_457' title='bbox 2187 1426 2436 1454; x_wconf 86' lang='lat' dir='ltr'><strong>consumma-</strong></span> 
     </span>
     <span class='ocr_line' id='line_1_70' title="bbox 1400 1480 2433 1530; baseline -0.005 -11"><span class='ocrx_word' id='word_1_458' title='bbox 1400 1483 1549 1519; x_wconf 87' lang='lat' dir='ltr'><strong>tionem</strong></span> <span class='ocrx_word' id='word_1_459' title='bbox 1581 1492 1760 1530; x_wconf 91' lang='lat' dir='ltr'><strong>operum.</strong></span> <span class='ocrx_word' id='word_1_460' title='bbox 1781 1495 1798 1516; x_wconf 75' lang='lat' dir='ltr'><strong>n</strong></span> <span class='ocrx_word' id='word_1_461' title='bbox 1823 1481 1888 1518; x_wconf 90' lang='lat' dir='ltr'><strong>Hie</strong></span> <span class='ocrx_word' id='word_1_462' title='bbox 1913 1481 2102 1529; x_wconf 88' lang='lat' dir='ltr'><strong>accipitur</strong></span> <span class='ocrx_word' id='word_1_463' title='bbox 2124 1490 2192 1517; x_wconf 90' lang='lat' dir='ltr'><strong>cor</strong></span> <span class='ocrx_word' id='word_1_464' title='bbox 2217 1489 2291 1527; x_wconf 89' lang='lat' dir='ltr'><strong>pro</strong></span> <span class='ocrx_word' id='word_1_465' title='bbox 2323 1480 2433 1526; x_wconf 88' lang='lat' dir='ltr'><strong>parte</strong></span> 
     </span>
     <span class='ocr_line' id='line_1_71' title="bbox 1402 1543 2437 1591; baseline -0.004 -10"><span class='ocrx_word' id='word_1_466' title='bbox 1402 1544 1582 1582; x_wconf 83' lang='lat' dir='ltr'><strong>affectiva</strong></span> <span class='ocrx_word' id='word_1_467' title='bbox 1597 1571 1609 1590; x_wconf 83' lang='lat'><strong>,</strong></span> <span class='ocrx_word' id='word_1_468' title='bbox 1643 1544 1691 1580; x_wconf 86' lang='lat' dir='ltr'><strong>ad</strong></span> <span class='ocrx_word' id='word_1_469' title='bbox 1716 1555 1838 1591; x_wconf 89' lang='lat' dir='ltr'><strong>quam</strong></span> <span class='ocrx_word' id='word_1_470' title='bbox 1861 1543 2032 1591; x_wconf 88' lang='lat' dir='ltr'><strong>pertinet</strong></span> <span class='ocrx_word' id='word_1_471' title='bbox 2060 1552 2228 1589; x_wconf 87' lang='lat' dir='ltr'><strong>operum</strong></span> <span class='ocrx_word' id='word_1_472' title='bbox 2254 1551 2437 1578; x_wconf 88' lang='lat' dir='ltr'><strong>consum-</strong></span> 
     </span>
     <span class='ocr_line' id='line_1_72' title="bbox 1403 1602 2438 1654; baseline -0.005 -11"><span class='ocrx_word' id='word_1_473' title='bbox 1403 1606 1524 1643; x_wconf 89' lang='lat' dir='ltr'><strong>matio</strong></span> <span class='ocrx_word' id='word_1_474' title='bbox 1539 1633 1552 1652; x_wconf 92' lang='lat'><strong>,</strong></span> <span class='ocrx_word' id='word_1_475' title='bbox 1586 1617 1674 1654; x_wconf 79' lang='lat' dir='ltr'><strong>quae</strong></span> <span class='ocrx_word' id='word_1_476' title='bbox 1701 1616 1794 1654; x_wconf 88' lang='lat' dir='ltr'><strong>pars</strong></span> <span class='ocrx_word' id='word_1_477' title='bbox 1825 1605 2060 1642; x_wconf 85' lang='lat' dir='ltr'><strong>intellectiva</strong></span> <span class='ocrx_word' id='word_1_478' title='bbox 2092 1603 2351 1641; x_wconf 90' lang='lat' dir='ltr'><strong>deliberando</strong></span> <span class='ocrx_word' id='word_1_479' title='bbox 2380 1602 2438 1639; x_wconf 92' lang='lat' dir='ltr'><strong>in-</strong></span> 
     </span>
     <span class='ocr_line' id='line_1_73' title="bbox 1403 1665 2438 1716; baseline -0.004 -11"><span class='ocrx_word' id='word_1_480' title='bbox 1403 1669 1541 1714; x_wconf 89' lang='lat' dir='ltr'><strong>choat,</strong></span> <span class='ocrx_word' id='word_1_481' title='bbox 1559 1678 1651 1716; x_wconf 86' lang='lat' dir='ltr'><strong>pars</strong></span> <span class='ocrx_word' id='word_1_482' title='bbox 1671 1667 1852 1705; x_wconf 85' lang='lat' dir='ltr'><strong>affectiva</strong></span> <span class='ocrx_word' id='word_1_483' title='bbox 1870 1667 2104 1715; x_wconf 87' lang='lat' dir='ltr'><strong>imperando</strong></span> <span class='ocrx_word' id='word_1_484' title='bbox 2124 1665 2328 1714; x_wconf 88' lang='lat' dir='ltr'><strong>provehit,</strong></span> <span class='ocrx_word' id='word_1_485' title='bbox 2347 1675 2438 1712; x_wconf 88' lang='lat' dir='ltr'><strong>pars</strong></span> 
     </span>
     <span class='ocr_line' id='line_1_74' title="bbox 1404 1730 2093 1778; baseline -0.003 -10"><span class='ocrx_word' id='word_1_486' title='bbox 1404 1730 1582 1769; x_wconf 85' lang='lat' dir='ltr'><strong>effectiva</strong></span> <span class='ocrx_word' id='word_1_487' title='bbox 1601 1730 1808 1778; x_wconf 90' lang='lat' dir='ltr'><strong>operando</strong></span> <span class='ocrx_word' id='word_1_488' title='bbox 1828 1731 2093 1767; x_wconf 89' lang='lat' dir='ltr'><strong>consummat.</strong></span> 
     </span>
    </p>
   </div>
   <div class='ocr_carea' id='block_1_15' title="bbox 1728 1833 2125 1871">
    <p class='ocr_par' dir='ltr' id='par_1_17' title="bbox 1728 1833 2125 1871">
     <span class='ocr_line' id='line_1_75' title="bbox 1728 1833 2125 1871; baseline -0.005 0"><span class='ocrx_word' id='word_1_489' title='bbox 1728 1835 1910 1871; x_wconf 79' lang='lat' dir='ltr'><strong>Articulus</strong></span> <span class='ocrx_word' id='word_1_490' title='bbox 1936 1833 2125 1871; x_wconf 78' lang='lat' dir='ltr'><strong>secundus.</strong></span> 
     </span>
    </p>
   </div>
   <div class='ocr_carea' id='block_1_16' title="bbox 1406 1917 2603 3345">
    <p class='ocr_par' dir='ltr' id='par_1_18' title="bbox 1406 1917 2603 3210">
     <span class='ocr_line' id='line_1_76' title="bbox 1453 1917 2440 1965; baseline -0.006 -8"><span class='ocrx_word' id='word_1_491' title='bbox 1453 1919 1633 1958; x_wconf 88' lang='lat' dir='ltr'><strong>Secunda</strong></span> <span class='ocrx_word' id='word_1_492' title='bbox 1651 1920 1822 1965; x_wconf 87' lang='lat' dir='ltr'><strong>notatur,</strong></span> <span class='ocrx_word' id='word_1_493' title='bbox 1834 1928 1926 1954; x_wconf 91' lang='lat' dir='ltr'><strong>cum</strong></span> <span class='ocrx_word' id='word_1_494' title='bbox 1944 1917 2126 1954; x_wconf 86' lang='lat' dir='ltr'><strong>subditur</strong></span> <span class='ocrx_word' id='word_1_495' title='bbox 2147 1928 2156 1953; x_wconf 77' lang='grc' dir='ltr'>ε</span> <span class='ocrx_word' id='word_1_496' title='bbox 2177 1917 2372 1963; x_wconf 68' lang='grc' dir='ltr'><em>Εωᾳαίείυι·</em></span> <span class='ocrx_word' id='word_1_497' title='bbox 2392 1919 2440 1952; x_wconf 84' lang='lat' dir='ltr'><strong>te.</strong></span> 
     </span>
     <span class='ocr_line' id='line_1_77' title="bbox 1406 1978 2444 2029; baseline -0.006 -9"><span class='ocrx_word' id='word_1_498' title='bbox 1406 1983 1465 2021; x_wconf 80' lang='lat' dir='ltr'><strong>Ad</strong></span> <span class='ocrx_word' id='word_1_499' title='bbox 1493 1983 1570 2020; x_wconf 89' lang='lat' dir='ltr'><strong>hoc</strong></span> <span class='ocrx_word' id='word_1_500' title='bbox 1595 1982 1702 2019; x_wconf 92' lang='lat' dir='ltr'><strong>enim</strong></span> <span class='ocrx_word' id='word_1_501' title='bbox 1721 1992 1744 2018; x_wconf 89' lang='lat' dir='ltr'><strong>a</strong></span> <span class='ocrx_word' id='word_1_502' title='bbox 1760 1981 1971 2029; x_wconf 88' lang='lat' dir='ltr'><strong>poenitente</strong></span> <span class='ocrx_word' id='word_1_503' title='bbox 1998 1990 2067 2016; x_wconf 89' lang='lat' dir='ltr'><strong>cor</strong></span> <span class='ocrx_word' id='word_1_504' title='bbox 2098 1978 2364 2025; x_wconf 85' lang='lat' dir='ltr'><strong>distinguitur,</strong></span> <span class='ocrx_word' id='word_1_505' title='bbox 2399 1981 2444 2015; x_wconf 91' lang='lat' dir='ltr'><strong>ut</strong></span> 
     </span>
     <span class='ocr_line' id='line_1_78' title="bbox 1408 2041 2441 2088; baseline -0.007 -4"><span class='ocrx_word' id='word_1_506' title='bbox 1408 2047 1635 2084; x_wconf 89' lang='lat' dir='ltr'><strong>distinctum</strong></span> <span class='ocrx_word' id='word_1_507' title='bbox 1654 2045 1899 2086; x_wconf 84' lang='lat' dir='ltr'><strong>discutiatur,</strong></span> <span class='ocrx_word' id='word_1_508' title='bbox 1921 2046 1960 2080; x_wconf 87' lang='lat' dir='ltr'><strong>et</strong></span> <span class='ocrx_word' id='word_1_509' title='bbox 1977 2042 2105 2080; x_wconf 89' lang='lat' dir='ltr'><strong>sicubi</strong></span> <span class='ocrx_word' id='word_1_510' title='bbox 2129 2044 2229 2079; x_wconf 89' lang='lat' dir='ltr'><strong>Deus</strong></span> <span class='ocrx_word' id='word_1_511' title='bbox 2249 2041 2351 2078; x_wconf 87' lang='lat' dir='ltr'><strong>adsit</strong></span> <span class='ocrx_word' id='word_1_512' title='bbox 2369 2051 2441 2088; x_wconf 87' lang='lat' dir='ltr'><strong>per</strong></span> 
     </span>
     <span class='ocr_line' id='line_1_79' title="bbox 1407 2103 2439 2155; baseline -0.005 -9"><span class='ocrx_word' id='word_1_513' title='bbox 1407 2109 1607 2154; x_wconf 88' lang='lat' dir='ltr'><strong>meritum,</strong></span> <span class='ocrx_word' id='word_1_514' title='bbox 1625 2107 1691 2144; x_wconf 89' lang='lat' dir='ltr'><strong>vel</strong></span> <span class='ocrx_word' id='word_1_515' title='bbox 1708 2107 1810 2144; x_wconf 88' lang='lat' dir='ltr'><strong>absit</strong></span> <span class='ocrx_word' id='word_1_516' title='bbox 1828 2117 1899 2155; x_wconf 89' lang='lat' dir='ltr'><strong>per</strong></span> <span class='ocrx_word' id='word_1_517' title='bbox 1919 2105 2156 2143; x_wconf 89' lang='lat' dir='ltr'><strong>demeritum</strong></span> <span class='ocrx_word' id='word_1_518' title='bbox 2170 2131 2183 2150; x_wconf 93' lang='lat'>‚</span> <span class='ocrx_word' id='word_1_519' title='bbox 2202 2103 2439 2141; x_wconf 89' lang='lat' dir='ltr'><strong>inveniatur.</strong></span> 
     </span>
     <span class='ocr_line' id='line_1_80' title="bbox 1407 2167 2443 2218; baseline -0.007 -10"><span class='ocrx_word' id='word_1_520' title='bbox 1407 2171 1503 2208; x_wconf 87' lang='lat' dir='ltr'><strong>Dicit</strong></span> <span class='ocrx_word' id='word_1_521' title='bbox 1521 2170 1653 2218; x_wconf 88' lang='lat' dir='ltr'><strong>itaque</strong></span> <span class='ocrx_word' id='word_1_522' title='bbox 1674 2182 1683 2206; x_wconf 92' lang='lat'><strong>:</strong></span> <span class='ocrx_word' id='word_1_523' title='bbox 1703 2172 1748 2207; x_wconf 80' lang='lat' dir='ltr'><strong>In</strong></span> <span class='ocrx_word' id='word_1_524' title='bbox 1768 2172 1837 2206; x_wconf 77' lang='lat' dir='ltr'><strong>toto</strong></span> <span class='ocrx_word' id='word_1_525' title='bbox 1856 2169 1973 2215; x_wconf 84' lang='lat' dir='ltr'><strong>corde,</strong></span> <span class='ocrx_word' id='word_1_526' title='bbox 1994 2167 2148 2216; x_wconf 87' lang='lat' dir='ltr'><strong>supple,</strong></span> <span class='ocrx_word' id='word_1_527' title='bbox 2169 2167 2349 2203; x_wconf 91' lang='lat' dir='ltr'><strong>distincto</strong></span> <span class='ocrx_word' id='word_1_528' title='bbox 2365 2167 2443 2202; x_wconf 90' lang='lat' dir='ltr'><strong>stu-</strong></span> 
     </span>
     <span class='ocr_line' id='line_1_81' title="bbox 1409 2227 2442 2279; baseline -0.006 -9"><span class='ocrx_word' id='word_1_529' title='bbox 1409 2234 1533 2271; x_wconf 87' lang='lat' dir='ltr'><strong>diose.</strong></span> <span class='ocrx_word' id='word_1_530' title='bbox 1570 2234 1767 2279; x_wconf 78' lang='lat' dir='ltr'><strong>Eaequz&#39;sivi</strong></span> <span class='ocrx_word' id='word_1_531' title='bbox 1794 2236 1849 2278; x_wconf 81' lang='lat' dir='ltr'><strong>te,</strong></span> <span class='ocrx_word' id='word_1_532' title='bbox 1877 2230 2022 2267; x_wconf 89' lang='lat' dir='ltr'><strong>scilicet</strong></span> <span class='ocrx_word' id='word_1_533' title='bbox 2047 2228 2295 2266; x_wconf 91' lang='lat' dir='ltr'><strong>discutiendo</strong></span> <span class='ocrx_word' id='word_1_534' title='bbox 2327 2227 2442 2265; x_wconf 90' lang='lat' dir='ltr'><strong>labo-</strong></span> 
     </span>
     <span class='ocr_line' id='line_1_82' title="bbox 1407 2289 2603 2342; baseline -0.008 -9"><span class='ocrx_word' id='word_1_535' title='bbox 1407 2296 1524 2334; x_wconf 90' lang='lat' dir='ltr'><strong>riose.</strong></span> <span class='ocrx_word' id='word_1_536' title='bbox 1547 2297 1590 2332; x_wconf 89' lang='lat' dir='ltr'><strong>Et</strong></span> <span class='ocrx_word' id='word_1_537' title='bbox 1609 2297 1729 2341; x_wconf 89' lang='lat' dir='ltr'><strong>nota,</strong></span> <span class='ocrx_word' id='word_1_538' title='bbox 1750 2294 1863 2342; x_wconf 86' lang='lat' dir='ltr'><strong>quod</strong></span> <span class='ocrx_word' id='word_1_539' title='bbox 1880 2296 1981 2331; x_wconf 87' lang='lat' dir='ltr'><strong>Deus</strong></span> <span class='ocrx_word' id='word_1_540' title='bbox 2012 2295 2068 2330; x_wconf 90' lang='lat' dir='ltr'><strong>est</strong></span> <span class='ocrx_word' id='word_1_541' title='bbox 2086 2291 2286 2340; x_wconf 89' lang='lat' dir='ltr'><strong>tripliciter</strong></span> <span class='ocrx_word' id='word_1_542' title='bbox 2306 2289 2439 2337; x_wconf 81' lang='lat' dir='ltr'><strong>exqui-</strong></span> <span class='ocrx_word' id='word_1_543' title='bbox 2463 2306 2543 2332; x_wconf 78' lang='lat' dir='ltr'><strong>Deus</strong></span> <span class='ocrx_word' id='word_1_544' title='bbox 2555 2304 2603 2331; x_wconf 57' lang='lat' dir='ltr'><strong>m.</strong></span> 
     </span>
     <span class='ocr_line' id='line_1_83' title="bbox 1408 2346 2590 2422; baseline -0.007 -27"><span class='ocrx_word' id='word_1_545' title='bbox 1408 2358 1557 2395; x_wconf 87' lang='lat' dir='ltr'><strong>rendus</strong></span> <span class='ocrx_word' id='word_1_546' title='bbox 1579 2370 1588 2394; x_wconf 81' lang='lat' dir='ltr'>z</span> <span class='ocrx_word' id='word_1_547' title='bbox 1610 2357 1741 2405; x_wconf 90' lang='lat' dir='ltr'><strong>primo</strong></span> <span class='ocrx_word' id='word_1_548' title='bbox 1772 2357 1814 2393; x_wconf 92' lang='lat' dir='ltr'><strong>in</strong></span> <span class='ocrx_word' id='word_1_549' title='bbox 1834 2355 2163 2403; x_wconf 84' lang='lat' dir='ltr'><strong>cogitationibus3</strong></span> <span class='ocrx_word' id='word_1_550' title='bbox 2193 2352 2369 2391; x_wconf 89' lang='lat' dir='ltr'><strong>secundo</strong></span> <span class='ocrx_word' id='word_1_551' title='bbox 2400 2351 2442 2388; x_wconf 87' lang='lat' dir='ltr'><strong>in</strong></span> <span class='ocrx_word' id='word_1_552' title='bbox 2476 2346 2590 2422; x_wconf 49' lang='lat' dir='ltr'><strong>{lssffif</strong></span> 
     </span>
     <span class='ocr_line' id='line_1_84' title="bbox 1410 2417 2601 2465; baseline -0.006 -8"><span class='ocrx_word' id='word_1_553' title='bbox 1410 2419 1764 2465; x_wconf 81' lang='lat' dir='ltr'><strong>delectationibu53</strong></span> <span class='ocrx_word' id='word_1_554' title='bbox 1783 2419 1894 2457; x_wconf 91' lang='lat' dir='ltr'><strong>tertio</strong></span> <span class='ocrx_word' id='word_1_555' title='bbox 1914 2419 1956 2455; x_wconf 89' lang='lat' dir='ltr'><strong>in</strong></span> <span class='ocrx_word' id='word_1_556' title='bbox 1975 2417 2292 2465; x_wconf 88' lang='lat' dir='ltr'><strong>operationibus:</strong></span> <span class='ocrx_word' id='word_1_557' title='bbox 2315 2418 2358 2452; x_wconf 89' lang='lat' dir='ltr'><strong>ut</strong></span> <span class='ocrx_word' id='word_1_558' title='bbox 2374 2424 2441 2451; x_wconf 76' lang='lat' dir='ltr'><strong>eo·</strong></span> <span class='ocrx_word' id='word_1_559' title='bbox 2481 2429 2601 2456; x_wconf 81' lang='lat' dir='ltr'><strong>rendus.</strong></span> 
     </span>
     <span class='ocr_line' id='line_1_85' title="bbox 1411 2479 2440 2529; baseline -0.006 -9"><span class='ocrx_word' id='word_1_560' title='bbox 1411 2483 1616 2529; x_wconf 86' lang='lat' dir='ltr'><strong>gitationes</strong></span> <span class='ocrx_word' id='word_1_561' title='bbox 1635 2481 1855 2519; x_wconf 87' lang='lat' dir='ltr'><strong>referantur</strong></span> <span class='ocrx_word' id='word_1_562' title='bbox 1874 2481 1927 2519; x_wconf 91' lang='lat' dir='ltr'><strong>ad</strong></span> <span class='ocrx_word' id='word_1_563' title='bbox 1944 2483 2098 2528; x_wconf 88' lang='lat' dir='ltr'><strong>partem</strong></span> <span class='ocrx_word' id='word_1_564' title='bbox 2117 2479 2440 2521; x_wconf 88' lang='lat' dir='ltr'><strong>deliberativam,</strong></span> 
     </span>
     <span class='ocr_line' id='line_1_86' title="bbox 1410 2541 2442 2592; baseline -0.006 -8"><span class='ocrx_word' id='word_1_565' title='bbox 1410 2545 1687 2584; x_wconf 88' lang='lat' dir='ltr'><strong>delectationes</strong></span> <span class='ocrx_word' id='word_1_566' title='bbox 1707 2544 1760 2582; x_wconf 88' lang='lat' dir='ltr'><strong>ad</strong></span> <span class='ocrx_word' id='word_1_567' title='bbox 1780 2545 1934 2592; x_wconf 87' lang='lat' dir='ltr'><strong>partem</strong></span> <span class='ocrx_word' id='word_1_568' title='bbox 1959 2542 2218 2590; x_wconf 87' lang='lat' dir='ltr'><strong>operativam.</strong></span> <span class='ocrx_word' id='word_1_569' title='bbox 2243 2544 2295 2578; x_wconf 90' lang='lat' dir='ltr'><strong>De</strong></span> <span class='ocrx_word' id='word_1_570' title='bbox 2309 2541 2442 2589; x_wconf 91' lang='lat' dir='ltr'><strong>primo</strong></span> 
     </span>
     <span class='ocr_line' id='line_1_87' title="bbox 1410 2603 2439 2653; baseline -0.007 -7"><span class='ocrx_word' id='word_1_571' title='bbox 1410 2609 1592 2646; x_wconf 86' lang='lat' dir='ltr'><strong>scribitur</strong></span> <span class='ocrx_word' id='word_1_572' title='bbox 1603 2608 1640 2643; x_wconf 73' lang='grc'><strong>8.·</strong></span> <span class='ocrx_word' id='word_1_573' title='bbox 1656 2620 1674 2642; x_wconf 90' lang='lat'>«</span> <span class='ocrx_word' id='word_1_574' title='bbox 1688 2608 1762 2644; x_wconf 91' lang='lat' dir='ltr'><strong>Cor</strong></span> <span class='ocrx_word' id='word_1_575' title='bbox 1772 2608 1924 2643; x_wconf 90' lang='lat' dir='ltr'><strong>rectum</strong></span> <span class='ocrx_word' id='word_1_576' title='bbox 1939 2605 2108 2653; x_wconf 78' lang='lat' dir='ltr'><strong>exquirit</strong></span> <span class='ocrx_word' id='word_1_577' title='bbox 2126 2604 2174 2652; x_wconf 90' lang='lat' dir='ltr'><strong>(a)</strong></span> <span class='ocrx_word' id='word_1_578' title='bbox 2189 2603 2406 2641; x_wconf 88' lang='lat' dir='ltr'><strong>scientiam.</strong></span> <span class='ocrx_word' id='word_1_579' title='bbox 2419 2617 2439 2639; x_wconf 86' lang='lat'>»</span> 
     </span>
     <span class='ocr_line' id='line_1_88' title="bbox 1410 2666 2444 2719; baseline -0.007 -10"><span class='ocrx_word' id='word_1_580' title='bbox 1410 2671 1624 2719; x_wconf 85' lang='lat' dir='ltr'><strong>Exquisitio</strong></span> <span class='ocrx_word' id='word_1_581' title='bbox 1639 2670 1712 2706; x_wconf 89' lang='lat' dir='ltr'><strong>ista</strong></span> <span class='ocrx_word' id='word_1_582' title='bbox 1724 2669 1768 2706; x_wconf 87' lang='lat' dir='ltr'><strong>fit</strong></span> <span class='ocrx_word' id='word_1_583' title='bbox 1777 2668 1818 2705; x_wconf 93' lang='lat' dir='ltr'><strong>in</strong></span> <span class='ocrx_word' id='word_1_584' title='bbox 1834 2670 1945 2716; x_wconf 88' lang='lat' dir='ltr'><strong>parte</strong></span> <span class='ocrx_word' id='word_1_585' title='bbox 1960 2667 2234 2712; x_wconf 85' lang='lat' dir='ltr'><strong>deliberativa,</strong></span> <span class='ocrx_word' id='word_1_586' title='bbox 2253 2666 2306 2703; x_wconf 88' lang='lat' dir='ltr'><strong>ad</strong></span> <span class='ocrx_word' id='word_1_587' title='bbox 2322 2676 2444 2714; x_wconf 88' lang='lat' dir='ltr'><strong>quam</strong></span> 
     </span>
     <span class='ocr_line' id='line_1_89' title="bbox 1410 2728 2442 2783; baseline -0.007 -12"><span class='ocrx_word' id='word_1_588' title='bbox 1410 2734 1580 2783; x_wconf 83' lang='lat' dir='ltr'><strong>pertinet</strong></span> <span class='ocrx_word' id='word_1_589' title='bbox 1599 2732 1762 2770; x_wconf 86' lang='lat' dir='ltr'><strong>scientia</strong></span> <span class='ocrx_word' id='word_1_590' title='bbox 1786 2731 1851 2768; x_wconf 85' lang='lat' dir='ltr'><strong>vel</strong></span> <span class='ocrx_word' id='word_1_591' title='bbox 1870 2729 2087 2767; x_wconf 88' lang='lat' dir='ltr'><strong>inscientia.</strong></span> <span class='ocrx_word' id='word_1_592' title='bbox 2118 2732 2169 2766; x_wconf 89' lang='lat' dir='ltr'><strong>De</strong></span> <span class='ocrx_word' id='word_1_593' title='bbox 2185 2728 2361 2766; x_wconf 89' lang='lat' dir='ltr'><strong>seeundo</strong></span> <span class='ocrx_word' id='word_1_594' title='bbox 2383 2728 2442 2764; x_wconf 92' lang='lat' dir='ltr'><strong>di-</strong></span> 
     </span>
     <span class='ocr_line' id='line_1_90' title="bbox 1413 2791 2441 2841; baseline -0.008 -7"><span class='ocrx_word' id='word_1_595' title='bbox 1413 2796 1566 2834; x_wconf 77' lang='lat' dir='ltr'><strong>citur⁹z</strong></span> <span class='ocrx_word' id='word_1_596' title='bbox 1593 2808 1612 2830; x_wconf 73' lang='grc' dir='ltr'>α</span> <span class='ocrx_word' id='word_1_597' title='bbox 1642 2797 1716 2832; x_wconf 92' lang='lat' dir='ltr'><strong>Cor</strong></span> <span class='ocrx_word' id='word_1_598' title='bbox 1746 2793 1874 2841; x_wconf 89' lang='lat' dir='ltr'><strong>iniqui</strong></span> <span class='ocrx_word' id='word_1_599' title='bbox 1906 2792 2076 2840; x_wconf 84' lang='lat' dir='ltr'><strong>exquirit</strong></span> <span class='ocrx_word' id='word_1_600' title='bbox 2103 2792 2149 2839; x_wconf 89' lang='lat' dir='ltr'><strong>(b)</strong></span> <span class='ocrx_word' id='word_1_601' title='bbox 2180 2791 2336 2828; x_wconf 87' lang='lat' dir='ltr'><strong>mala.»</strong></span> <span class='ocrx_word' id='word_1_602' title='bbox 2369 2792 2441 2827; x_wconf 79' lang='lat' dir='ltr'><strong>Ex-</strong></span> 
     </span>
     <span class='ocr_line' id='line_1_91' title="bbox 1413 2854 2444 2908; baseline -0.008 -11"><span class='ocrx_word' id='word_1_603' title='bbox 1413 2859 1570 2908; x_wconf 85' lang='lat' dir='ltr'><strong>quisitio</strong></span> <span class='ocrx_word' id='word_1_604' title='bbox 1597 2858 1670 2895; x_wconf 87' lang='lat' dir='ltr'><strong>ista</strong></span> <span class='ocrx_word' id='word_1_605' title='bbox 1694 2857 1738 2894; x_wconf 89' lang='lat' dir='ltr'><strong>fit</strong></span> <span class='ocrx_word' id='word_1_606' title='bbox 1756 2857 1797 2894; x_wconf 90' lang='lat' dir='ltr'><strong>in</strong></span> <span class='ocrx_word' id='word_1_607' title='bbox 1817 2858 1928 2905; x_wconf 89' lang='lat' dir='ltr'><strong>parte</strong></span> <span class='ocrx_word' id='word_1_608' title='bbox 1958 2854 2215 2903; x_wconf 88' lang='lat' dir='ltr'><strong>imperativa,</strong></span> <span class='ocrx_word' id='word_1_609' title='bbox 2241 2854 2294 2891; x_wconf 89' lang='lat' dir='ltr'><strong>ad</strong></span> <span class='ocrx_word' id='word_1_610' title='bbox 2323 2863 2444 2901; x_wconf 87' lang='lat' dir='ltr'><strong>quam</strong></span> 
     </span>
     <span class='ocr_line' id='line_1_92' title="bbox 1410 2916 2440 2971; baseline -0.009 -11"><span class='ocrx_word' id='word_1_611' title='bbox 1410 2923 1578 2971; x_wconf 79' lang='lat' dir='ltr'><strong>pertinet</strong></span> <span class='ocrx_word' id='word_1_612' title='bbox 1588 2920 1744 2958; x_wconf 89' lang='lat' dir='ltr'><strong>bonitas</strong></span> <span class='ocrx_word' id='word_1_613' title='bbox 1761 2920 1826 2957; x_wconf 84' lang='lat' dir='ltr'><strong>vel</strong></span> <span class='ocrx_word' id='word_1_614' title='bbox 1843 2918 2005 2956; x_wconf 88' lang='lat' dir='ltr'><strong>malitia.</strong></span> <span class='ocrx_word' id='word_1_615' title='bbox 2028 2920 2079 2955; x_wconf 90' lang='lat' dir='ltr'><strong>De</strong></span> <span class='ocrx_word' id='word_1_616' title='bbox 2098 2917 2211 2954; x_wconf 88' lang='lat' dir='ltr'><strong>tertio</strong></span> <span class='ocrx_word' id='word_1_617' title='bbox 2232 2916 2376 2963; x_wconf 86' lang='lat' dir='ltr'><strong>legitur</strong></span> <span class='ocrx_word' id='word_1_618' title='bbox 2395 2916 2440 2950; x_wconf 78' lang='lat'><strong>¹⁰:</strong></span> 
     </span>
     <span class='ocr_line' id='line_1_93' title="bbox 1417 2978 2442 3031; baseline -0.008 -10"><span class='ocrx_word' id='word_1_619' title='bbox 1417 2998 1435 3020; x_wconf 77' lang='grc' dir='ltr'>α</span> <span class='ocrx_word' id='word_1_620' title='bbox 1455 2987 1575 3021; x_wconf 90' lang='lat' dir='ltr'><strong>Deum</strong></span> <span class='ocrx_word' id='word_1_621' title='bbox 1606 2982 1800 3031; x_wconf 79' lang='lat' dir='ltr'><strong>exquisivi</strong></span> <span class='ocrx_word' id='word_1_622' title='bbox 1833 2981 2040 3025; x_wconf 88' lang='lat' dir='ltr'><strong>manibus,</strong></span> <span class='ocrx_word' id='word_1_623' title='bbox 2067 2993 2086 3014; x_wconf 83' lang='lat'>»</span> <span class='ocrx_word' id='word_1_624' title='bbox 2118 2979 2161 3016; x_wconf 92' lang='lat' dir='ltr'><strong>id</strong></span> <span class='ocrx_word' id='word_1_625' title='bbox 2182 2981 2239 3016; x_wconf 88' lang='lat' dir='ltr'><strong>est</strong></span> <span class='ocrx_word' id='word_1_626' title='bbox 2269 2978 2442 3022; x_wconf 79' lang='lat' dir='ltr'><strong>actibus,</strong></span> 
     </span>
     <span class='ocr_line' id='line_1_94' title="bbox 1417 3039 2445 3094; baseline -0.006 -13"><span class='ocrx_word' id='word_1_627' title='bbox 1417 3047 1583 3084; x_wconf 66' lang='lat' dir='ltr'><strong>amois.»</strong></span> <span class='ocrx_word' id='word_1_628' title='bbox 1601 3045 1815 3094; x_wconf 79' lang='lat' dir='ltr'><strong>Exquisitio</strong></span> <span class='ocrx_word' id='word_1_629' title='bbox 1836 3045 1909 3082; x_wconf 85' lang='lat' dir='ltr'><strong>ista</strong></span> <span class='ocrx_word' id='word_1_630' title='bbox 1928 3043 2021 3080; x_wconf 88' lang='lat' dir='ltr'><strong>fitin</strong></span> <span class='ocrx_word' id='word_1_631' title='bbox 2034 3044 2143 3091; x_wconf 90' lang='lat' dir='ltr'><strong>parte</strong></span> <span class='ocrx_word' id='word_1_632' title='bbox 2163 3040 2378 3089; x_wconf 87' lang='lat' dir='ltr'><strong>operativa,</strong></span> <span class='ocrx_word' id='word_1_633' title='bbox 2394 3039 2445 3076; x_wconf 90' lang='lat' dir='ltr'><strong>ad</strong></span> 
     </span>
     <span class='ocr_line' id='line_1_95' title="bbox 1414 3102 2445 3158; baseline -0.009 -11"><span class='ocrx_word' id='word_1_634' title='bbox 1414 3120 1536 3158; x_wconf 84' lang='lat' dir='ltr'><strong>quam</strong></span> <span class='ocrx_word' id='word_1_635' title='bbox 1555 3108 1721 3157; x_wconf 86' lang='lat' dir='ltr'><strong>pertinet</strong></span> <span class='ocrx_word' id='word_1_636' title='bbox 1741 3110 1848 3146; x_wconf 89' lang='lat' dir='ltr'><strong>actus</strong></span> <span class='ocrx_word' id='word_1_637' title='bbox 1865 3105 2080 3151; x_wconf 87' lang='lat' dir='ltr'><strong>interioris,</strong></span> <span class='ocrx_word' id='word_1_638' title='bbox 2101 3106 2138 3142; x_wconf 89' lang='lat' dir='ltr'><strong>et</strong></span> <span class='ocrx_word' id='word_1_639' title='bbox 2155 3102 2357 3142; x_wconf 77' lang='lat' dir='ltr'><strong>exterioris</strong></span> <span class='ocrx_word' id='word_1_640' title='bbox 2376 3102 2445 3139; x_wconf 84' lang='lat' dir='ltr'><strong>ho·</strong></span> 
     </span>
     <span class='ocr_line' id='line_1_96' title="bbox 1414 3173 1544 3210; baseline -0.008 0"><span class='ocrx_word' id='word_1_641' title='bbox 1414 3173 1544 3210; x_wconf 89' lang='lat' dir='ltr'><strong>minis.</strong></span> 
     </span>
    </p>

    <p class='ocr_par' dir='ltr' id='par_1_19' title="bbox 1463 3219 2444 3345">
     <span class='ocr_line' id='line_1_97' title="bbox 1580 3219 2112 3271; baseline -0.009 -14"><span class='ocrx_word' id='word_1_642' title='bbox 1580 3268 1582 3271; x_wconf 27' lang='grc' dir='ltr'>Ι</span> <span class='ocrx_word' id='word_1_643' title='bbox 1758 3219 1947 3255; x_wconf 83' lang='lat' dir='ltr'><strong>Articulus</strong></span> <span class='ocrx_word' id='word_1_644' title='bbox 1972 3219 2112 3254; x_wconf 80' lang='lat' dir='ltr'><strong>tertius.</strong></span> 
     </span>
     <span class='ocr_line' id='line_1_98' title="bbox 1463 3292 2444 3345; baseline -0.013 -6"><span class='ocrx_word' id='word_1_645' title='bbox 1463 3299 1590 3339; x_wconf 87' lang='lat' dir='ltr'><strong>Tertia</strong></span> <span class='ocrx_word' id='word_1_646' title='bbox 1608 3300 1780 3345; x_wconf 85' lang='lat' dir='ltr'><strong>notatur,</strong></span> <span class='ocrx_word' id='word_1_647' title='bbox 1810 3307 1902 3334; x_wconf 87' lang='lat' dir='ltr'><strong>eum</strong></span> <span class='ocrx_word' id='word_1_648' title='bbox 1920 3295 2081 3334; x_wconf 89' lang='lat' dir='ltr'><strong>additur</strong></span> <span class='ocrx_word' id='word_1_649' title='bbox 2098 3305 2107 3330; x_wconf 91' lang='lat'>:</span> <span class='ocrx_word' id='word_1_650' title='bbox 2129 3293 2182 3330; x_wconf 84' lang='lat' dir='ltr'><strong>Ne</strong></span> <span class='ocrx_word' id='word_1_651' title='bbox 2207 3292 2359 3339; x_wconf 83' lang='lat' dir='ltr'><strong>repellas</strong></span> <span class='ocrx_word' id='word_1_652' title='bbox 2377 3301 2444 3327; x_wconf 89' lang='lat' dir='ltr'><strong>me.</strong></span> 
     </span>
    </p>
   </div>
   <div class='ocr_carea' id='block_1_17' title="bbox 1417 3382 2448 3535">
    <p class='ocr_par' dir='ltr' id='par_1_20' title="bbox 1417 3382 2448 3535">
     <span class='ocr_line' id='line_1_99' title="bbox 1418 3382 2448 3428; baseline -0.01 -5"><span class='ocrx_word' id='word_1_653' title='bbox 1418 3393 1468 3424; x_wconf 70' lang='lat'><strong>18.</strong></span> <span class='ocrx_word' id='word_1_654' title='bbox 1489 3407 1530 3413; x_wconf 91' lang='lat'>—</span> <span class='ocrx_word' id='word_1_655' title='bbox 1552 3391 1563 3408; x_wconf 90' lang='lat'><em>⁷</em></span> <span class='ocrx_word' id='word_1_656' title='bbox 1583 3388 1705 3428; x_wconf 84' lang='lat' dir='ltr'><strong>Eccli.‚</strong></span> <span class='ocrx_word' id='word_1_657' title='bbox 1723 3394 1877 3426; x_wconf 80' lang='lat' dir='ltr'><strong>xxxviii,</strong></span> <span class='ocrx_word' id='word_1_658' title='bbox 1899 3387 1951 3418; x_wconf 78' lang='lat'><strong>31.</strong></span> <span class='ocrx_word' id='word_1_659' title='bbox 1971 3399 2013 3408; x_wconf 89' lang='lat'><strong>—-</strong></span> <span class='ocrx_word' id='word_1_660' title='bbox 2036 3384 2047 3400; x_wconf 70' lang='lat'><strong>⁸</strong></span> <span class='ocrx_word' id='word_1_661' title='bbox 2067 3382 2177 3420; x_wconf 64' lang='lat' dir='ltr'><strong>Prov„</strong></span> <span class='ocrx_word' id='word_1_662' title='bbox 2198 3389 2314 3422; x_wconf 82' lang='lat' dir='ltr'><strong>xxvii,</strong></span> <span class='ocrx_word' id='word_1_663' title='bbox 2335 3383 2386 3414; x_wconf 76' lang='lat'><strong>21.</strong></span> <span class='ocrx_word' id='word_1_664' title='bbox 2408 3397 2448 3404; x_wconf 89' lang='lat'>—</span> 
     </span>
     <span class='ocr_line' id='line_1_100' title="bbox 1417 3434 1938 3474; baseline -0.012 -4"><span class='ocrx_word' id='word_1_665' title='bbox 1417 3441 1428 3457; x_wconf 67' lang='lat'>³</span> <span class='ocrx_word' id='word_1_666' title='bbox 1449 3438 1589 3470; x_wconf 78' lang='lat' dir='ltr'><strong>!bi‹1.—</strong></span> <span class='ocrx_word' id='word_1_667' title='bbox 1613 3438 1639 3458; x_wconf 78' lang='lat'><strong>¹0</strong></span> <span class='ocrx_word' id='word_1_668' title='bbox 1658 3434 1750 3467; x_wconf 83' lang='lat' dir='ltr'><strong>Psal.</strong></span> <span class='ocrx_word' id='word_1_669' title='bbox 1770 3441 1885 3474; x_wconf 81' lang='lat' dir='ltr'><strong>Lxxvi,</strong></span> <span class='ocrx_word' id='word_1_670' title='bbox 1906 3435 1938 3465; x_wconf 89' lang='lat'><strong>3.</strong></span> 
     </span>
     <span class='ocr_line' id='line_1_101' title="bbox 1458 3488 2209 3535; baseline -0.007 -10"><span class='ocrx_word' id='word_1_671' title='bbox 1458 3495 1504 3535; x_wconf 75' lang='lat' dir='ltr'><strong>(a)</strong></span> <span class='ocrx_word' id='word_1_672' title='bbox 1523 3493 1622 3534; x_wconf 80' lang='lat' dir='ltr'><strong>Vulg.</strong></span> <span class='ocrx_word' id='word_1_673' title='bbox 1644 3491 1799 3533; x_wconf 72' lang='lat' dir='ltr'><strong>inquirit.</strong></span> <span class='ocrx_word' id='word_1_674' title='bbox 1819 3507 1860 3514; x_wconf 92' lang='lat'><strong>-—</strong></span> <span class='ocrx_word' id='word_1_675' title='bbox 1880 3488 1925 3532; x_wconf 86' lang='lat' dir='ltr'><strong>(b)</strong></span> <span class='ocrx_word' id='word_1_676' title='bbox 1948 3490 2031 3522; x_wconf 82' lang='lat' dir='ltr'><strong>Item</strong></span> <span class='ocrx_word' id='word_1_677' title='bbox 2054 3488 2209 3530; x_wconf 77' lang='lat' dir='ltr'><strong>inquirit.</strong></span> 
     </span>
    </p>
   </div>
  </div>
 </body>
</html>
