2633 3878
55 483 178 512 Dilectio
183 502 189 509 .

51 1624 193 1652 Voluntas

62 1665 181 1700 triplici-

48 1708 92 1734 ter
106 1707 191 1742 parit.

97 3060 204 3086 Volun-

61 3106 116 3130 tas.
135 3104 203 3129 Sen-

62 3143 194 3171 sualitas.

1058 253 1301 298 PSALMUS
1330 252 1502 296 CXVlll.

211 350 413 388 versiculis
455 348 705 397 praenotatis;
751 347 814 383 hic
851 344 1069 384 ostenditur
1117 345 1249 381 fervor

213 412 430 450 affectionis
457 413 636 459 respectu
661 409 858 456 gratuitae,
886 417 955 444 seu
984 406 1170 453 gratificae
1190 406 1248 443 di-

213 477 405 515 lectionis.
433 475 592 513 Dilectio
619 473 706 511 talis
727 473 868 509 dicitur
895 482 978 508 esse
999 474 1106 509 actus
1127 472 1250 519 incly-

215 543 290 586 tus,
311 540 510 577 voluntate
531 537 696 585 genitus,
714 535 900 573 charitate
913 535 1088 579 vestitus,
1102 534 1250 581 justitia

215 602 381 639 nutritus
397 630 408 648 ,
448 598 739 649 perseverantia
780 597 1009 635 custoditus.
1049 596 1222 644 Ideoque
1237 623 1248 642 ,

216 667 407 713 quantum
428 662 525 699 mihi
540 672 656 698 nosse
670 660 918 709 permittitur,
938 658 1250 708 quadrupliciter

214 727 255 763 in
275 726 350 763 hoc
370 735 484 762 versu
505 723 738 760 describitur
759 735 766 758 :
790 722 974 759 videlicet
997 721 1037 758 in
1057 723 1251 769 quantum

216 790 413 836 gignitur,
448 788 488 824 in
526 790 719 835 quantum
757 786 941 831 vestitur,
981 785 1021 822 in
1058 786 1252 832 quantum

214 851 405 896 nutritur,
442 852 478 887 et
509 849 549 886 in
578 851 771 896 quantum
803 847 1034 885 custoditur.
1065 847 1252 884 Yoluntas

215 915 271 949 cst
288 912 468 960 pariens;
490 912 656 948 charitas
674 911 863 956 vestiens;
883 909 1032 957 justitia
1051 909 1249 955 nutriens3

213 974 504 1022 perseverantia
524 973 764 1010 custodiens.

547 1078 738 1113 Articulus
761 1078 915 1123 primus.

260 1161 324 1198 Vis
361 1160 499 1198 audire
538 1159 785 1198 voluntatem
825 1159 967 1196 animae
1004 1159 1251 1207 parientem?

211 1223 313 1261 Audi
341 1223 577 1271 prophetam
607 1222 803 1259 dicentem
839 1234 848 1258 ι
883 1222 1098 1269 Concupivit
1129 1224 1253 1258 anima

211 1298 298 1324 mea.
321 1286 423 1331 Quid
443 1289 521 1332 est,
548 1287 671 1322 anima
699 1287 928 1332 concupivit,
951 1284 1047 1331 nisi,
1069 1285 1253 1322 voluntas

213 1349 353 1386 animae
381 1348 590 1396 parturiit:
625 1351 663 1385 et
700 1348 788 1396 quis
821 1347 1073 1395 parturientis
1108 1347 1249 1394 scetus,

211 1412 286 1448 nisi
313 1411 534 1448 dilectionis
559 1411 694 1448 actus?
714 1410 789 1447 Sed
810 1413 904 1447 nota
922 1409 1116 1456 breviter,
1140 1409 1252 1457 quod

212 1474 396 1511 voluntas
426 1473 689 1521 concupiscit,
720 1473 801 1509 sive
831 1473 999 1522 parturit
1018 1472 1249 1520 tripliciter:

211 1536 395 1573 videlicet
419 1536 739 1573 irrationabiliter
753 1563 765 1581 ‚
785 1535 1091 1582 rationabiliter,
1112 1545 1250 1583 super-

210 1599 511 1636 rationabiliter.
537 1598 666 1635 Primo
695 1597 818 1635 modo
841 1598 1033 1645 parturit,
1061 1597 1175 1645 quasi
1205 1608 1252 1635 ex

212 1662 397 1709 contagio
416 1662 633 1710 passionis,
667 1662 842 1699 secundo
858 1691 869 1708 ,
891 1662 1005 1710 quasi
1025 1674 1074 1699 ex
1103 1662 1252 1699 semine

211 1725 373 1762 rationis
387 1737 399 1770 3
420 1725 550 1770 tertio,
571 1724 684 1773 quasi
705 1735 753 1761 ex
774 1725 923 1762 semine
943 1724 1151 1762 unctionis.
1175 1725 1253 1761 Pri-

211 1799 277 1825 ma
303 1787 621 1835 concupiscentia
648 1787 895 1835 prohibetur,
925 1797 1016 1824 cum
1042 1787 1186 1824 dicitur
1207 1790 1218 1811 ¹
1242 1800 1250 1824 :

217 1865 234 1884 (ι
257 1852 342 1888 Non
369 1849 623 1897 concupisces
654 1859 823 1887 uxorem
849 1850 1023 1897 proximi
1057 1850 1135 1896 tui,
1171 1861 1253 1887 non

213 1913 400 1958 domum,
437 1922 520 1949 non
554 1921 709 1958 agrum,
746 1925 764 1946 »
806 1914 877 1948 etc.
917 1912 983 1949 Hic
1019 1912 1254 1960 prohibetur

214 1974 532 2022 concupiscentia
546 1973 786 2011 irrationalis
803 1974 1032 2020 voluntatis,
1055 1986 1143 2022 quae
1161 1985 1253 2022 par·

214 2038 305 2075 turit
331 2048 378 2074 ex
406 2037 588 2083 contagio
622 2035 818 2072 sensibilis
842 2036 1050 2084 passionis.
1073 2037 1254 2074 Secunda

214 2100 533 2148 concupiscentia
552 2098 740 2135 suadetur
756 2099 769 2119 ²
792 2110 800 2134 :
828 2112 845 2131 «
866 2099 970 2136 Sicut
989 2099 1112 2136 modo
1134 2100 1254 2147 geniti

213 2162 380 2200 infantes
408 2161 665 2199 rationabiles
701 2159 747 2208 (α)
775 2161 858 2198 5111θ
887 2160 982 2198 dolo
1014 2162 1075 2199 lac
1109 2173 1254 2199 concu-

213 2226 364 2273 piscite,
398 2228 441 2262 ut
473 2225 515 2261 in
552 2235 599 2262 eo
637 2224 816 2261 crescatis
853 2224 894 2260 in
929 2225 1109 2262 salutem.
1145 2238 1163 2260 »
1187 2225 1254 2262 Hic

214 2289 354 2326 suadet
383 2287 592 2336 Apostolus
627 2286 914 2325 rationabiliter
949 2288 1255 2325 rationabilibus

216 2351 576 2400 concupiscentiam
591 2350 827 2387 rationalem
845 2361 895 2386 ex
909 2350 1072 2387 rationis
1089 2351 1254 2389 consilio

215 2415 448 2462 parientem,
486 2416 529 2450 ut
569 2423 743 2450 crescere
778 2413 937 2449 valeant
974 2413 1015 2450 in
1048 2415 1256 2462 concupis-

218 2477 384 2514 centiam
419 2476 643 2513 salutarem.
682 2476 806 2513 Tertia
842 2477 1160 2524 concupiscentia
1194 2489 1256 2515 re·

217 2542 396 2578 censetur
434 2550 505 2588 per
541 2539 805 2586 prophetam,
844 2549 935 2576 cum
974 2533 1156 2587 psallitur
1191 2542 1205 2564 ³
1245 2553 1253 2578 :

221 2618 238 2638 «
259 2603 508 2651 Concupiscit
544 2605 581 2639 et
618 2601 750 2638 deficit
786 2601 919 2639 anima
955 2613 1044 2639 mea
1082 2603 1122 2640 in
1159 2604 1258 2642 atria

219 2667 398 2713 Domini,
430 2679 449 2700 »
479 2668 552 2703 etc.
582 2668 677 2702 Ecce
711 2665 1020 2713 supernaturalis
1052 2667 1257 2715 concupis-

219 2730 344 2768 centia
362 2729 576 2766 voluntatis
589 2728 778 2777 parientis
799 2739 847 2765 ex
867 2728 1050 2775 donario,
1065 2729 1130 2767 vel
1146 2730 1258 2768 semi-

218 2792 330 2830 nario
350 2792 559 2838 unctionis,
581 2803 669 2840 quae
688 2791 931 2839 concupiscit
952 2802 1023 2839 per
1043 2791 1258 2830 coelestium

219 2855 496 2900 dilectionem,
532 2854 603 2891 sed
642 2853 774 2891 deficit
810 2856 972 2902 propter
1011 2854 1255 2893 dilationem.

219 2920 315 2955 Ecce
335 2919 456 2965 patet,
471 2917 583 2964 quod
597 2919 706 2954 actus
726 2916 946 2954 dilectionis
967 2920 1023 2954 est
1040 2917 1257 2965 rationalis,

222 2991 313 3016 cum
351 2979 398 3016 sit
436 2982 544 3015 actus
581 2978 827 3025 voluntatis,
863 2990 945 3016 non
985 2980 1258 3018 sensualitatis.

221 3041 408 3079 voluntas
431 3041 535 3078 enim
557 3044 613 3078 est
641 3042 836 3089 appetitus
856 3041 1141 3088 intellectivus,
1161 3042 1261 3080 sicut

223 3103 451 3140 sensualitas
478 3103 702 3147 sensitivus;
724 3114 797 3140 nec
820 3104 950 3141 solum
975 3106 1031 3141 est
1058 3104 1260 3143 rationalis

224 3169 350 3210 actus,
371 3165 441 3202 sed
465 3168 502 3202 et
528 3165 770 3202 rationaliter
796 3169 930 3211 natus,
952 3176 1042 3202 cum
1064 3166 1111 3203 sit
1131 3177 1179 3204 ex
1200 3178 1260 3204 ra-

223 3229 339 3267 tionis
359 3228 548 3273 consilio,
571 3239 651 3265 non
671 3239 719 3265 ex
745 3229 939 3276 passionis
963 3230 1146 3276 contagio
1169 3241 1258 3277 pro-

224 3296 389 3330 creatus.
428 3293 706 3328 Verumtamen
743 3290 875 3328 adhuc
914 3291 1092 3328 informis
1131 3296 1186 3329 est
1224 3295 1261 3330 ct

225 3355 384 3392 inermis
398 3382 407 3398 ,
427 3354 500 3391 nisi
521 3354 772 3401 superveniat
790 3354 1108 3402 concupiscentia
1127 3365 1260 3402 super-

272 3439 277 3455 ¹
300 3438 412 3478 Dent„
432 3446 463 3476 v,
485 3439 536 3470 21.
558 3454 599 3461 —
618 3438 657 3469 21
680 3438 782 3476 Petu,
805 3446 844 3478 11,
865 3440 894 3469 2.
911 3454 951 3461 —
974 3438 985 3456 ³
1001 3437 1091 3469 Psal.
1112 3445 1259 3478 Lxxxm,

228 3486 257 3516 3.
275 3501 312 3508 -
335 3485 345 3503 ⁴
363 3486 439 3526 lsa„
458 3493 528 3526 xvi,
547 3487 578 3517 9.
592 3501 630 3509 -
647 3485 661 3508 ⁵
675 3487 770 3527 Sap„
791 3493 839 3526 iv,
859 3488 885 3526 ¹,
904 3488 933 3517 2.
949 3503 988 3509 —
1006 3486 1017 3503 ‘⁵
1035 3485 1146 3526 Cant„
1167 3493 1206 3526 n,
1226 3488 1258 3518 3.

2277 249 2352 288 345

1323 342 1547 387 rationalis,
1574 352 1662 388 quae
1691 340 1802 376 illum
1824 340 1985 384 formet,
2011 341 2201 385 tanquam
2231 335 2354 372 virtus

1322 405 1513 450 formaliS,
1535 407 1572 441 et
1592 404 1734 448 armet,
1756 401 1819 438 vel
1837 404 1967 448 ornet,
1990 403 2180 448 tanquam
2196 397 2355 435 habitus

1323 466 1546 516 spiritualis,

1649 559 1831 595 Articulus
1851 556 2036 594 secundus.

1372 656 1434 693 vis
1467 656 1602 692 videre
1642 652 2003 702 concupiscentiam
2034 648 2358 697 concupiscenti-te

1325 718 1665 766 supervenientem
1685 720 1721 753 et
1740 714 2118 764 supervestientem‘?
2139 711 2233 747 Vide
2253 710 2357 747 Psal-

1325 780 1592 828 mographum
1626 779 1938 816 subscribentem
1967 789 1974 812 :
2010 775 2242 815 Desiderat-e,
2285 776 2356 809 etc.

1325 843 1426 889 Quid
1459 845 1516 880 est
1544 841 1790 886 desiderare,
1821 839 1894 876 nisi
1928 837 2204 885 concupiscere
2224 837 2242 871 ⁶?
2266 836 2359 871 Ecce

1326 904 1644 954 concupiscentia
1699 901 1954 951 superaddita
2004 897 2327 946 concupiscentize
2347 925 2358 943 ,

1326 973 1517 1017 tanquam
1542 968 1672 1004 forma
1695 966 1888 1009 materiae,
1916 963 2062 1000 scilicet
2081 960 2361 1007 concupiscen-

1326 1033 1378 1070 tia
1403 1031 1619 1076 eharitatis,
1649 1026 1975 1076 concupiscentiae
1998 1023 2212 1062 voluntatis
2233 1035 2241 1059 :
2280 1032 2358 1058 non

1328 1095 1417 1132 dico
1456 1093 1702 1132 successione
1743 1089 1962 1138 temporis,
2001 1087 2071 1124 sed
2114 1085 2362 1123 distinctione

1328 1157 1516 1205 originis3
1538 1158 1581 1193 ut
1604 1155 1652 1192 sit
1677 1157 1784 1191 actus
1811 1151 1988 1200 gratuitae
2013 1148 2252 1193 dilectionis,
2282 1149 2363 1183 tam

1326 1220 1540 1264 voluntati,
1561 1229 1684 1267 quam
1704 1215 1882 1254 charitati
1917 1211 2161 1258 communis,
2192 1210 2364 1258 produc-

1327 1289 1387 1323 tus
1417 1282 1669 1321 materialiter
1709 1291 1757 1317 cx
1783 1278 1948 1316 consilio
1977 1274 2158 1320 rationiS,
2190 1273 2261 1310 sed
2288 1272 2365 1309 for-

1327 1347 1480 1384 maliter
1517 1357 1564 1383 ex
1603 1343 1797 1381 beneficio
1835 1339 2031 1378 unctionis
2050 1351 2061 1385 3
2095 1349 2143 1374 ex
2180 1335 2363 1374 rationali

1326 1410 1527 1447 voluntate
1547 1406 1774 1451 laudabilis,
1797 1415 1843 1441 ex
1859 1399 2159 1451 superrationali
2179 1398 2363 1436 charitate

1327 1470 1642 1510 remunerabilis.
1683 1469 1758 1506 Sed
1797 1470 1923 1512 nota,
1961 1464 2072 1512 quod
2103 1474 2152 1499 ex
2179 1461 2364 1499 charitate

1326 1536 1401 1572 tria
1432 1534 1624 1571 debemus
1653 1531 1878 1569 desiderare
1909 1541 1916 1565 :
1965 1526 2150 1563 videlicet
2187 1524 2365 1562 divinam

1325 1597 1544 1644 justitiam3
1585 1594 1764 1632 divinam
1800 1589 2152 1640 complacentiam,
2187 1586 2364 1624 divinam

1328 1659 1620 1696 cohaerentiam.
1662 1656 1836 1693 Primum
1875 1651 2117 1690 desiderium
2151 1652 2207 1687 est
2240 1647 2364 1685 refor-

1328 1723 1518 1760 mativum
1534 1734 1544 1767 3
1580 1719 1800 1757 secundum
1829 1714 2180 1759 conformativum3
2208 1711 2364 1748 tertium

1328 1783 1705 1823 transformatimm.
1740 1783 1791 1818 De
1827 1779 1958 1828 primo
1996 1776 2223 1823 intelligitur
2254 1772 2365 1821 quod

1327 1849 1471 1896 legitur
1487 1846 1499 1868 ”
1517 1860 1525 1884 :
1547 1846 1718 1884 «Anima
1731 1855 1821 1881 mea
1838 1840 2077 1879 desideravit
2094 1842 2128 1876 te
2148 1838 2190 1875 in
2202 1839 2363 1875 nocte.»

1328 1910 1533 1950 iustificari
1567 1919 1743 1956 namque
1772 1905 1987 1950 desiderat,
2012 1913 2103 1939 cum
2121 1902 2163 1938 111
2181 1899 2367 1948 lacrymis

1330 1972 1645 2022 compunctionis
1664 1971 1881 2018 pernoctat.
1912 1970 1962 2004 De
1989 1964 2163 2003 secundo
2184 1974 2266 2000 non
2293 1962 2366 1999 ab-

1330 2036 1448 2074 surde
1475 2034 1689 2082 accipitur,
1722 2031 1835 2080 quod
1860 2029 2042 2067 scribitur
2062 2028 2074 2049 ⁵
2104 2039 2112 2063 ε
2151 2040 2168 2060 «
2188 2027 2216 2062 Ο
2246 2033 2368 2072 quam

1329 2099 1495 2147 pulchra
1517 2100 1572 2134 est
1600 2098 1705 2133 casta
1732 2092 1932 2141 generatio
1962 2101 2052 2128 cum
2073 2088 2268 2127 claritate!
2293 2089 2367 2125 Im·

1330 2160 1508 2199 mortalis
1534 2161 1590 2196 est
1617 2158 1722 2194 enim
1751 2154 1944 2192 memoria
1963 2153 2069 2190 illius
2089 2165 2097 2188 :
2122 2150 2313 2199 quoniam
2333 2151 2370 2185 et

1331 2222 1440 2272 apud
1471 2224 1591 2259 Deum
1623 2223 1718 2257 nota
1749 2222 1826 2264 est,
1854 2221 1890 2254 et
1921 2216 2029 2264 apud
2052 2214 2246 2252 homines.
2273 2215 2370 2250 Cum

1330 2296 1501 2334 praesens
1516 2286 1584 2330 est,
1603 2283 1714 2320 illam
1730 2281 1931 2318 imitantur
1945 2291 1955 2325 3
1979 2281 2015 2315 et
2029 2277 2253 2315 desiderant
2267 2284 2368 2319 eam,

1333 2360 1424 2386 cum
1455 2359 1495 2385 se
1538 2346 1730 2392 eduxerit,
1768 2348 1805 2381 et
1835 2344 1876 2380 in
1909 2344 2146 2392 perpetuum
2183 2341 2371 2376 coronata

1332 2411 1592 2459 triumphat.»
1610 2411 1702 2454 Quae
1721 2411 1775 2446 est
1787 2408 1860 2445 ista
1871 2410 1950 2444 tam
1959 2405 2139 2454 pulchra,
2156 2406 2239 2441 tam
2251 2406 2371 2448 casta,

1332 2477 1413 2511 tam
1443 2474 1550 2510 clara
1571 2471 1771 2519 generatio
1784 2499 1795 2516 ,
1816 2469 1891 2506 nisi
1916 2467 2169 2516 pulchritudo
2186 2465 2343 2513 justitiae
2358 2493 2369 2510 ‚

1334 2546 1455 2585 quam
1487 2534 1639 2572 castitas
1673 2532 1853 2580 concepit
1888 2542 1936 2568 ex
1974 2529 2178 2574 charitate,
2212 2527 2254 2564 id
2292 2530 2370 2573 est,

1333 2597 1560 2636 beatissima
1599 2595 1714 2642 Virgo
1759 2594 1809 2631 de
1856 2592 2000 2641 Spiritu
2046 2591 2214 2628 sancto?
2252 2589 2371 2636 HuJus

1333 2672 1472 2699 revera
1505 2658 1738 2698 immortalis
1771 2659 1827 2694 est
1859 2655 2080 2693 memoria:
2114 2654 2232 2700 huJus
2263 2651 2371 2699 apud

1335 2727 1458 2762 Deum
1489 2727 1526 2761 et
1562 2722 1745 2760 homines
1779 2719 1944 2757 celebris
1979 2720 2035 2755 est
2067 2715 2233 2759 notitia;
2270 2714 2372 2751 hanc

1335 2787 1535 2823 imitamur
1563 2795 1721 2833 passam
1747 2785 1788 2819 in
1813 2782 1925 2819 terris
1940 2809 1951 2826 ,
1971 2780 2045 2817 sibi
2064 2778 2371 2827 compatientes;

1334 2850 1436 2886 hanc
1473 2848 1746 2886 desideramus
1782 2846 2014 2883 coronatam
2050 2842 2090 2878 in
2128 2840 2261 2885 coelis,
2298 2838 2374 2875 sibi

1336 2912 1583 2961 complacere
1608 2911 1821 2949 studentes.
1850 2911 1901 2946 De
1926 2907 2037 2945 tertio
2057 2906 2235 2954 patenter
2255 2912 2374 2950 expo-

1335 2978 1439 3015 nitur
1460 2975 1570 3024 quod
1598 2972 1834 3022 proponitur
1852 2972 1865 2993 ⁶
1888 2983 1896 3007 z
1922 2984 1940 3005 «
1971 2969 2050 3006 Sub
2081 2967 2223 3005 umbra
2242 2965 2373 3010 illius,

1337 3050 1455 3088 quem
1484 3037 1817 3080 desideraveram,
1840 3033 1937 3075 sedi,
1961 3034 1997 3069 et
2016 3031 2164 3067 fructus
2185 3029 2267 3075 ejus
2288 3026 2375 3063 dul-

1338 3102 1391 3139 cis
1414 3100 1559 3148 gutturi
1578 3109 1683 3136 meo.
1711 3112 1728 3132 n
1755 3096 1883 3133 Verba
1911 3103 2085 3141 namque
2111 3093 2202 3128 sunt
2221 3099 2373 3137 sponsae

1336 3163 1506 3202 sedentis
1538 3172 1610 3210 per
1640 3159 1889 3197 vacationem
1921 3156 1995 3193 sub
2032 3154 2176 3191 umbra
2214 3150 2371 3199 sponsi,

1337 3239 1408 3276 per
1434 3225 1687 3264 umbratilem
1712 3221 2023 3270 speculationem
2051 3215 2308 3255 desiderantis
2327 3214 2372 3250 il-

1336 3291 1411 3327 lius
1432 3288 1650 3325 dilucidam
1678 3283 2075 3332 contemplationem,
2095 3283 2131 3317 et
2152 3276 2372 3325 recipientis

1337 3353 1514 3399 aliquam
1530 3349 1768 3387 fruitionem.

1381 3483 1422 3522 (a)
1451 3482 1544 3523 Γαίῃ.
1565 3478 1777 3512 rationabile.

2404 1661 2473 1688 Tria
2480 1661 2527 1689 de-

2386 1703 2518 1731 sideran-

2403 1746 2440 1773 da
2474 1754 2508 1772 ex

2386 1787 2527 1815 charitate
