2633 3878
17 1838 145 1866 Mundus

14 1887 136 1916 quomo-

4 1922 42 1950 do
51 1922 148 1949 deser-

4 1965 64 1991 viat
91 1963 145 1990 ho-

5 2005 90 2034 mini.

19 2841 133 2875 scriptu
140 2855 150 2861 ·

12 2890 50 2908 κε
75 2881 151 2908 utili-

837 222 889 266 IN
918 220 1300 264 HEXAEMERON.
1333 220 1507 264 SERMO
1537 221 1644 264 XIII.

170 318 274 360 dum
292 316 371 357 hoc
389 318 452 358 est
468 315 623 369 triplex
637 313 918 365 intelligentia
936 311 1168 366 spiritualis
1187 325 1196 352 :

170 388 413 441 allegorica,
427 387 528 441 quid
542 384 796 428 credendum
801 396 813 436 3
829 383 1081 436 anagogica,
1098 382 1202 436 quid

170 460 492 514 expectandun13
509 456 788 510 tropologica,
797 455 900 509 quid
913 455 1198 508 operandum:

171 532 352 574 charitas
372 530 469 572 facit
498 529 677 582 operari.
701 527 987 580 Intelligentia
1010 526 1203 567 litteralis

171 607 233 646 est
253 603 372 657 quasi
403 602 528 643 facies
561 600 782 648 naturalis,
809 599 965 640 scilicet
993 598 1198 647 hominis3

170 675 264 717 aliae
285 677 386 716 sunt
405 674 529 715 facies
557 672 761 726 mysticae.
800 671 878 712 Per
910 670 1094 721 leonem,
1129 671 1202 723 qui

171 747 299 788 habet
327 745 709 799 magnificentiam,
739 742 959 795 allegoria,
991 742 1079 783 sive
1102 741 1204 795 quid

170 818 442 859 credendum.
462 817 542 858 Per
560 816 707 857 faciem
727 816 862 865 bovis,
879 814 953 867 qui
970 814 1102 855 trahit
1116 826 1204 854 ara-

169 892 300 940 trum,
338 891 379 929 et
401 888 536 929 sulcat
569 890 728 928 terram
756 886 809 927 ad
837 885 1200 933 fructificandum,

168 961 425 1015 tropologia,
448 960 536 1001 sive
566 958 752 999 moralis.
777 957 857 998 Per
876 958 1080 1011 aquilam,
1105 969 1203 1010 quae

169 1031 213 1072 in
233 1031 365 1072 altum
382 1031 509 1083 volat,
533 1029 764 1082 anagogia.
793 1027 939 1070 Prima
956 1029 1098 1079 facies,
1121 1029 1200 1069 sci-

167 1102 263 1144 licet
276 1102 481 1153 litteraliS,
504 1104 649 1155 aperta
668 1103 743 1151 est;
760 1101 959 1151 secunda,
973 1100 1177 1154 allegoria
1187 1133 1200 1152 ,

169 1174 498 1227 magnificentias
519 1173 563 1214 in
584 1173 717 1214 altum
738 1173 938 1224 elevatae3
961 1173 1099 1224 tertia,
1116 1176 1201 1214 tro-

166 1247 354 1302 pologia,
377 1249 439 1288 est
457 1247 688 1295 fructuosa;
710 1247 863 1299 quarta
878 1245 1204 1286 irreverberatis

167 1319 301 1360 oculis
315 1318 446 1360 solem
459 1319 662 1359 intuetur.
677 1317 753 1358 Hae
768 1320 950 1371 quatuor
964 1321 1064 1359 sunt
1080 1319 1204 1371 quasi

168 1390 276 1431 visio
293 1390 438 1441 maris,
460 1393 634 1443 propter
654 1389 942 1443 spiritualium
964 1390 1203 1442 intelligen-

169 1463 324 1504 tiarum
353 1463 616 1516 primitivam
641 1462 997 1514 originationem,
1026 1463 1204 1516 profun-

167 1534 382 1575 dissimam
411 1534 692 1584 altitudinem,
724 1536 765 1575 et
796 1534 1202 1586 profluentissimam

167 1605 565 1646 multiformitatem.
591 1604 708 1646 Unde
736 1606 846 1646 sicut
869 1609 967 1646 sunt
1004 1608 1089 1647 tres
1106 1618 1202 1658 per-

165 1689 282 1719 sonae
299 1677 344 1718 in
368 1689 454 1718 una
483 1676 681 1728 essentia,
703 1677 762 1718 sic
794 1679 880 1718 tres
905 1677 1203 1730 intelligentiae

164 1748 210 1790 in
228 1761 317 1790 una
336 1749 558 1802 superficie
574 1748 742 1789 litterae.

219 1820 462 1863 Notandum
485 1822 642 1872 autem,
667 1820 782 1873 quod
805 1820 993 1862 mundus
1017 1821 1052 1862 si
1073 1822 1206 1863 servit

166 1893 331 1934 homini
348 1894 560 1946 quantum
577 1892 629 1933 ad
646 1904 813 1944 corpus,
836 1892 1056 1946 potissime
1072 1907 1205 1947 quan-

168 1967 258 2006 tum
274 1964 327 2005 ad
346 1964 558 2015 animam3
581 1967 622 2005 et
641 1964 675 2004 si
695 1965 826 2006 servit
843 1968 1052 2018 quantum
1073 1966 1124 2007 ad
1146 1966 1205 2007 vi-

165 2039 268 2087 tam,
290 2036 505 2089 potissime
523 2039 734 2090 quantum
756 2037 807 2078 ad
827 2036 1094 2090 sapientiam.
1112 2037 1205 2079 Cer-

166 2111 258 2149 tum
272 2108 460 2161 estquod
474 2107 604 2149 homo
618 2110 732 2148 stans
746 2108 898 2149 habuit
912 2108 1203 2161 cognitionem

166 2182 481 2229 creaturarum,
510 2182 551 2220 et
572 2192 647 2233 per
668 2180 841 2221 illarum
860 2182 1201 2233 repraesentatio*

166 2264 265 2292 nem
293 2251 504 2293 ferebatur
524 2251 568 2292 in
594 2251 750 2303 Deum,
779 2253 831 2293 ad
855 2253 998 2306 ipsum
1018 2253 1202 2294 laudan-

167 2323 294 2373 dum,
324 2323 641 2374 venerandum,
677 2324 910 2365 amandum
933 2339 942 2364 ε
975 2328 1016 2365 et
1044 2324 1096 2365 ad
1122 2325 1204 2366 hoc

160 2397 270 2435 'sunt
288 2397 509 2445 creaturae,
532 2401 570 2435 et
591 2394 800 2436 reducunt
822 2396 872 2449 (a)
896 2396 941 2437 in
962 2396 1110 2438 Deum.
1135 2397 1206 2437 Ca-

169 2465 291 2506 dente
306 2468 449 2506 autem
466 2466 655 2517 homine,
675 2479 772 2507 cum
790 2468 978 2508 amiserit
994 2468 1202 2520 cognitio-

171 2547 284 2586 nem,
301 2548 388 2577 non
409 2539 498 2577 erat
517 2537 591 2589 qui
610 2537 830 2578 reduceret
850 2551 950 2579 eum
970 2539 1013 2579 in
1037 2539 1170 2580 Deum
1191 2554 1200 2580 ε

171 2606 284 2648 unde
303 2607 380 2648 iste
399 2607 519 2657 liber,
541 2608 696 2649 scilicet
717 2609 919 2661 mundus,
942 2611 1060 2663 quasi
1083 2623 1204 2651 mor-

171 2680 271 2719 tuus
290 2681 332 2719 et
350 2679 511 2720 deletus
531 2682 635 2720 erat.
665 2679 933 2722 Necessarius
960 2685 1103 2722 autem
1126 2682 1205 2723 fuit

170 2748 278 2791 alius
302 2750 423 2802 liber,
454 2764 529 2805 per
547 2764 676 2805 quem
699 2752 776 2793 iste
802 2752 1133 2805 illuminaretur,
1158 2757 1207 2795 ut

169 2822 376 2876 acciperet
397 2823 664 2877 metaphoras
689 2836 847 2865 rerum.
877 2824 954 2866 Hic
980 2829 1123 2867 autem
1149 2826 1204 2867 li·-

170 2894 244 2935 ber
271 2896 334 2935 est
359 2894 612 2948 Scripturae,
643 2895 715 2948 qui
745 2897 864 2948 ponit
890 2896 1200 2951 similitudines,

170 2966 460 3019 proprietateS,
489 2969 530 3008 et
559 2967 830 3020 metaphoras
855 2980 1001 3009 rerum
1023 2970 1068 3010 in
1095 2970 1205 3011 libro

171 3036 321 3078 mundi
340 3037 606 3090 scriptarum.
629 3038 753 3080 Liber
768 3051 875 3091 ergo
896 3038 1124 3094 Scripturae
1146 3054 1206 3083 re-

172 3108 390 3162 parativus
410 3111 471 3149 est
490 3109 618 3150 totius
639 3110 802 3161 mundi,
822 3110 874 3151 ad
896 3111 1028 3153 Deum
1049 3125 1206 3165 cogno-

172 3179 394 3230 scendum,
426 3179 708 3232 laudandum,
739 3183 988 3225 amandum.
1022 3183 1141 3226 Unde
1170 3185 1206 3226 si

172 3263 355 3305 quaeras,
384 3251 488 3305 quid
513 3251 589 3292 tibi
609 3253 719 3294 valet
745 3266 932 3307 serpenS,
955 3256 1024 3297 vel
1051 3256 1102 3298 de
1121 3269 1206 3310 quo

173 3322 248 3363 tibi
267 3323 395 3364 servit
403 3337 413 3373 ;
434 3323 530 3377 plus
549 3324 662 3366 valet
681 3325 774 3376 tibi,
797 3338 927 3379 quam
946 3329 1059 3369 totus
1081 3342 1207 3371 mun-

173 3393 266 3445 dus,
291 3394 393 3447 quia
411 3394 532 3436 docet
559 3397 600 3437 te
625 3397 910 3450 prudentiam.
940 3399 1058 3442 Unde
1085 3401 1204 3443 Salo-

173 3469 299 3507 mon¹
315 3480 324 3507 :
339 3481 359 3506 α
379 3465 492 3508 Vade
507 3467 560 3508 ad
577 3468 811 3521 formicam,
829 3482 854 3512 o
873 3471 1011 3524 piger,
1034 3475 1076 3514 et
1094 3473 1206 3515 disce

219 3551 263 3592 (a)
284 3551 363 3584 Coet.
384 3550 467 3584 edit.
487 3551 708 3585 reducuntur.

2260 228 2303 265 91

1277 311 1579 364 sapientiam.»
1601 311 1706 353 Item
1727 312 1928 354 Dominus
1942 313 1959 336 ²
1977 327 1986 354 z
2012 327 2032 352 «
2050 313 2189 354 Estote
2208 324 2312 367 pru-

1278 383 1422 424 dentes
1442 384 1550 424 sicut
1570 387 1836 437 serpentes.»
1864 385 1937 426 Hae
1959 388 2141 438 quatuor
2160 385 2311 426 intelli-

1280 456 1439 508 gentiae
1454 458 1553 497 sunt
1574 458 1758 509 quatuor
1778 457 1958 497 flumina
1978 458 2108 498 maris
2127 457 2314 511 Scriptu-

1277 539 1352 578 rae,
1375 539 1399 568 a
1419 540 1504 580 qua
1524 527 1785 579 derivantur,
1807 529 2019 578 oriuntur,
2036 531 2076 569 et
2095 532 2314 570 revertun-

1278 602 1364 641 tur.
1401 599 1517 641 Unde
1547 612 1665 640 sacra
1695 599 1909 652 Scriptura
1940 602 2002 640 est
2030 599 2314 642 illuminativa

1280 670 1489 720 omnium,
1519 673 1560 711 et
1579 671 1800 712 reductiva
1822 670 1866 712 in
1888 670 2042 722 Deum,
2067 671 2174 712 sicut
2197 672 2314 724 prius

1279 742 1359 783 fuit
1387 745 1594 783 creatura.
1625 741 1704 784 Sed
1735 742 1947 795 quomodo
1976 742 2105 783 habet
2134 746 2316 796 quatuor

1279 814 1404 855 facies
1429 814 1631 868 quaelibet
1657 814 1942 866 intelligentia
1967 815 2091 866 dicta,
2120 815 2221 868 quia
2249 815 2315 856 di-

1280 886 1410 937 citur,
1448 887 1563 940 quod
1594 887 1935 940 unumquodque
1969 889 2156 941 quatuor
2191 888 2316 929 facies

1278 959 1462 1000 habeat?
1490 958 1808 1012 Interrogemus
1834 959 2021 1000 amicum
2041 959 2208 1013 Sponsi,
2232 960 2313 1000 sci-

1279 1031 1375 1072 licet
1394 1031 1617 1081 Joannem,
1637 1031 1711 1084 qui
1732 1034 1793 1072 est
1813 1044 1949 1073 unum
1970 1043 2022 1073 ex
2042 1031 2315 1083 animalibus,

1280 1105 1320 1143 et
1340 1102 1448 1143 dicet
1469 1102 1512 1142 in
1528 1102 1790 1156 Apocalypsi
1807 1104 1835 1154 ³,
1854 1103 1969 1157 quod
1985 1119 2005 1142 «
2024 1106 2210 1156 quatuor
2230 1104 2319 1144 ani-

1281 1173 1408 1214 malia
1436 1176 1557 1215 erant
1585 1175 1695 1216 circa
1722 1175 1930 1216 thronum
1960 1175 2034 1215 Dei
2058 1189 2066 1216 ε
2092 1190 2110 1212 »
2140 1177 2181 1215 et
2206 1175 2319 1228 quod

1286 1261 1305 1285 (ι
1319 1246 1475 1286 animal
1495 1246 1685 1299 primum
1704 1247 1888 1288 habebat
1904 1247 2053 1288 faciem
2072 1246 2229 1297 leonis3
2259 1259 2321 1288 se-

1280 1319 1484 1369 cundum,
1510 1319 1660 1359 faciem
1678 1319 1824 1369 bovis;
1858 1319 2047 1370 tertium,
2069 1318 2218 1359 faciem
2240 1318 2317 1359 ho-

1282 1390 1409 1431 minis
1432 1406 1441 1441 ;
1471 1393 1695 1444 quartum,
1723 1391 1872 1432 faciem
1902 1391 2055 1444 aquilae
2079 1405 2088 1431 z
2115 1405 2134 1428 »
2165 1393 2207 1431 et
2234 1402 2320 1432 non

1280 1462 1401 1512 dixit,
1427 1462 1541 1515 quod
1567 1462 1908 1515 unumquodque
1932 1462 2109 1503 haberet
2134 1463 2319 1514 quatuor

1281 1533 1422 1574 facies.
1447 1533 1639 1574 Ezechiel
1665 1534 1778 1584 dicit,
1807 1534 1921 1587 quod
1946 1533 2147 1574 animalia
2173 1533 2316 1583 ibant;

1280 1606 1321 1645 et
1351 1605 1449 1656 iste,
1482 1605 1596 1658 quod
1625 1605 1806 1646 stabant.
1837 1604 2027 1646 Ezechiel
2056 1604 2175 1653 dicit,
2207 1605 2319 1657 quod

1278 1676 1436 1717 animal
1471 1677 1660 1731 primum
1698 1676 1884 1717 habebat
1916 1677 2067 1717 faciem
2101 1675 2316 1726 hominis3

1278 1748 1371 1798 iste,
1388 1749 1501 1802 quod
1518 1749 1666 1790 faciem
1685 1748 1832 1790 leonis.
1852 1748 1957 1789 Item
1976 1748 2053 1788 iste
2071 1747 2185 1798 dicit,
2206 1747 2320 1801 quod

1278 1822 1532 1874 clamabant,
1557 1823 1737 1866 Sanctus
1747 1835 1764 1875 ,·
1783 1823 1851 1864 ille
1871 1822 1979 1863 nihil
1998 1823 2154 1863 horum
2175 1822 2320 1875 expri-

1250 1897 1256 1902 '
1279 1896 1370 1946 mit,
1397 1895 1478 1935 nisi
1505 1895 1619 1948 quod
1644 1895 1801 1936 dabant
1824 1906 1963 1936 voces.
1994 1893 2112 1935 Unde
2137 1893 2320 1936 Joannes

1278 1967 1449 2008 videtur
1497 1966 1855 2019 comprehendere
1907 1966 2120 2007 visionem
2165 1966 2318 2006 litterae

1279 2039 1413 2090 Isaiae,
1435 2041 1476 2079 et
1493 2038 1736 2080 Ezechielis.
1755 2038 1816 2079 Ad
1839 2038 1919 2079 hoc
1935 2039 2189 2089 notandum,
2206 2038 2320 2091 quod

1279 2110 1471 2152 Ezechiel
1491 2110 1670 2151 intendit
1691 2110 1923 2151 describere
1943 2110 2250 2162 intelligentias
2271 2110 2322 2150 is-

1279 2182 1342 2220 tas
1367 2192 1443 2233 per
1463 2180 1657 2220 ordinem
1683 2179 1986 2232 principalem;
2008 2179 2102 2220 ideo
2126 2179 2274 2232 incipit
2297 2190 2322 2218 a

1279 2253 1464 2294 naturali
1489 2253 1593 2294 facie
1614 2253 1815 2304 hominis,
1838 2265 1934 2306 quae
1963 2253 2109 2305 signat
2131 2251 2318 2292 intellec-

1279 2327 1374 2366 tum
1394 2324 1619 2366 litteralem
1643 2340 1652 2366 z
1680 2324 1701 2366 J
1708 2337 1867 2366 oannes
1886 2324 2068 2366 intendit
2087 2323 2321 2365 describere

1279 2399 1464 2450 quatuor
1491 2396 1796 2449 intelligentias
1825 2408 1912 2438 non
1946 2395 2222 2449 principales,
2255 2406 2321 2434 se-

1281 2468 1473 2509 cundum
1501 2471 1686 2521 quatuor
1712 2468 1861 2519 facieS,
1888 2480 1987 2521 quae
2014 2470 2113 2509 sunt
2139 2469 2323 2520 quatuor

1279 2539 1600 2591 intelligentias,
1639 2539 1796 2580 scilicet
1827 2539 2032 2589 litteralis,
2068 2537 2319 2590 allegorica,

1278 2610 1560 2664 tropologica,
1589 2613 1630 2650 et
1656 2609 1925 2662 anagogica,
1956 2608 2184 2662 cujuslibet
2210 2621 2320 2661 qua-

1278 2685 1390 2723 tuor.
1425 2682 1571 2724 Omnis
1606 2682 1800 2723 doctrina
1834 2681 1998 2723 Veteris
2034 2679 2318 2732 Testamenti,

1279 2757 1353 2795 aut
1374 2756 1436 2795 est
1458 2753 1623 2806 legalis,
1646 2756 1695 2794 ut
1718 2753 1761 2793 in
1783 2753 1952 2806 Moyse;
1981 2755 2055 2794 aut
2075 2751 2319 2803 historialis,

1279 2829 1327 2867 ut
1347 2826 1391 2866 in
1411 2825 1528 2866 libris
1548 2825 1860 2876 historialibus3
1883 2827 1956 2866 aut
1976 2823 2250 2878 sapientialis,
2273 2826 2322 2864 ut

1280 2899 1325 2939 in
1351 2898 1472 2939 libris
1497 2897 1839 2951 sapientialibus;
1870 2899 1945 2938 aut
1972 2895 2252 2950 prophetalis,
2274 2897 2323 2936 ut

1278 2969 1324 3011 in
1348 2969 1538 3020 Psalmis,
1561 2971 1602 3010 et
1625 2971 1670 3009 in
1690 2968 1914 3010 duodecim
1936 2967 2159 3021 Prophetis
2178 2966 2319 3006 mino-

1279 3041 1418 3092 ribus,
1450 3043 1491 3082 et
1523 3043 1707 3093 quatuor
1739 3040 1987 3093 majoribus.
2027 3038 2135 3080 Novi
2174 3037 2317 3079 Testa-

1279 3113 1411 3155 menti
1432 3112 1641 3166 scriptura
1655 3116 1668 3137 ⁸
1686 3111 1896 3162 similiter,
1915 3113 1988 3152 aut
2008 3113 2069 3151 est
2088 3108 2254 3161 legalis,
2271 3111 2319 3149 ut

1280 3186 1325 3227 in
1356 3185 1605 3238 Evangelio,
1632 3184 1706 3225 ubi
1735 3186 1954 3238 ponuntur
1979 3184 2214 3236 praecepta;
2246 3183 2321 3222 aut

1279 3256 1522 3307 historialis,
1549 3258 1598 3296 ut
1622 3255 1666 3296 in
1692 3255 1869 3296 Actibus
1895 3253 2217 3307 Apostolorum;
2246 3255 2321 3294 aut

1281 3327 1556 3383 sapientialis,
1578 3329 1627 3367 ut
1652 3326 1696 3367 in
1714 3326 1908 3380 Epistolis
1935 3325 2054 3366 Pauli
2083 3324 2320 3377 conjunctis

1280 3399 1511 3449 canonicis;
1529 3400 1603 3439 aut
1621 3397 1891 3451 prophetalis,
1910 3396 2020 3438 utin
2046 3395 2315 3450 Apocalypsi.

1327 3511 1337 3531 ¹
1358 3509 1469 3546 Proin,
1490 3515 1536 3545 VI,
1559 3507 1589 3538 6.
1612 3523 1650 3528 -
1672 3505 1687 3527 ²
1705 3504 1838 3545 Mami„
1858 3513 1894 3546 x,
1918 3507 1967 3538 ¹6.
1989 3523 2031 3530 —
2050 3505 2064 3528 ³
2082 3504 2194 3546 Apoc„
2216 3511 2263 3545 lv,
2282 3504 2313 3542 6,

1282 3559 1312 3589 ’1.
1329 3573 1369 3580 -
1388 3556 1401 3578 ⁸
1415 3554 1491 3589 Vid.
1510 3562 1625 3594 supra,
1645 3553 1793 3595 Princip.
1814 3563 1880 3586 sac.
1904 3552 2046 3595 Script„
2065 3562 2099 3595 p.
2123 3555 2173 3585 14.

2370 2697 2484 2724 veteris

2343 2742 2370 2766 et
2410 2739 2483 2766 Novi

2360 2782 2463 2807 Testa·

2342 2822 2432 2850 menti
2443 2821 2485 2848 di-

2341 2865 2428 2892 visio.
