2633 3878
839 195 894 237 IN
923 192 1304 237 HEXAEMERON.
1335 193 1513 238 SERMO
1542 195 1646 239 XIV.

176 280 334 330 liorum
348 300 358 330 t
371 287 504 329 tertio
510 286 731 342 pullulatio
741 284 1015 328 vernantium
1026 283 1183 325 florum
1195 295 1207 335 ;

177 361 331 414 quarto
350 359 569 413 plenitudo
587 357 868 401 reficientium
884 356 1118 397 fructuum.
1140 355 1208 397 Sic

143 474 148 480 ,
176 431 223 473 111
243 431 478 484 Scriptura,
501 430 639 484 primo
660 432 722 470 est
738 427 841 469 fixio
859 425 1111 468 radicalium
1125 427 1210 467 vir·

177 506 339 554 tutum,
370 506 418 544 ut
446 503 492 543 in
523 500 774 556 patriarchis
795 532 807 551 ,
844 499 919 552 qui
957 501 1056 538 sunt
1087 498 1212 551 quasi

178 575 338 617 radices
359 575 554 616 omnium
571 584 670 627 quae
690 572 892 613 dicuntur
905 570 950 610 in
964 569 1206 623 Scriptura:

178 647 292 689 unde
323 647 368 687 in
400 645 600 687 electione
620 656 768 686 eorum
801 644 863 684 est
893 641 1095 696 plantatio
1122 640 1208 694 pri-

178 730 249 759 ma
274 731 282 758 :
307 717 379 759 sed
399 718 544 770 postea
565 716 609 756 in
623 715 886 756 institutione
898 715 1211 767 praeceptorum

178 793 220 831 et
250 790 555 831 sacrificiorum
589 789 643 842 (α)
677 790 739 829 est
770 786 990 841 productio
1019 785 1209 827 viridan-

180 861 287 902 tium
316 861 530 903 soliorum.
557 863 568 882 ²
608 859 753 900 «Vitis
784 859 982 899 frondosa
1016 857 1156 898 Israel.
1192 871 1210 895 n

180 932 327 974 Postea
352 934 397 974 in
423 930 758 973 manifestatione
786 930 1002 971 visionum
1031 929 1213 982 prophe-

180 1004 350 1056 talium,
381 1008 444 1046 est
474 1002 696 1058 pullulatio
728 1001 900 1042 florum.
935 999 1212 1041 Postmodum

179 1075 223 1116 in
243 1075 470 1117 diffusione
491 1074 796 1115 charismatum
818 1072 1103 1126 spiritualium
1116 1104 1127 1123 ,
1151 1073 1213 1113 est

178 1147 396 1201 plenitudo
421 1146 705 1187 reficientium
731 1146 966 1186 fructuum.
990 1143 1109 1185 Unde
1129 1143 1212 1196 pri-

177 1231 248 1260 mo
267 1219 347 1260 fuit
365 1230 479 1260 unus
499 1217 740 1271 patriarcha
760 1217 870 1257 sicut
888 1216 1031 1267 radix,
1057 1215 1213 1256 scilicet

176 1291 392 1332 Abraham
409 1303 420 1342 ;
443 1292 587 1344 postea
607 1289 727 1339 alter,
748 1293 797 1330 ut
822 1288 958 1339 Isaac;
984 1291 1128 1341 postea
1146 1286 1167 1328 J
1171 1299 1211 1328 a-

175 1363 277 1414 cob3
298 1366 339 1403 et
358 1362 427 1403 ille
445 1361 669 1403 duodecim
688 1360 952 1414 patriarchas
968 1359 1207 1412 generavit,

175 1437 216 1475 et
235 1435 287 1475 ab
306 1434 389 1474 illis
408 1432 632 1475 duodecim
653 1433 805 1473 tribus,
826 1431 925 1472 Post
955 1432 1066 1472 hanc
1085 1430 1208 1484 plan-

175 1506 375 1547 tationem
397 1507 540 1546 secuta
560 1506 624 1545 est
641 1504 710 1544 lex
725 1536 734 1554 ,
757 1506 805 1543 ut
824 1502 1045 1555 productio
1061 1502 1211 1543 viridis

173 1577 372 1618 foliorum
393 1608 404 1627 ,
435 1586 533 1629 quae
562 1574 763 1615 umbram
795 1574 993 1614 habebat.
1028 1573 1080 1613 Et
1108 1573 1211 1626 quia

173 1661 262 1690 11011
281 1660 448 1702 semper
466 1648 590 1689 debet
608 1647 764 1688 durare
782 1646 929 1687 folium
941 1678 954 1697 ,
971 1645 1042 1686 sed
1062 1645 1210 1688 venire

172 1721 249 1762 flos
261 1752 273 1772 ,
288 1720 382 1762 ideo
397 1719 623 1761 subsecuta
640 1721 702 1758 est
721 1717 943 1771 prophetia
962 1729 1061 1758 cum
1081 1717 1210 1758 odore

171 1795 212 1834 et
232 1791 567 1846 pulchritudine.
592 1790 644 1831 Et
662 1791 763 1844 quia
782 1789 967 1843 oportuit
985 1789 1098 1842 quod
1115 1789 1209 1830 coeli

171 1869 386 1914 rorarent,
408 1863 503 1904 ideo
519 1865 673 1916 quarto
693 1862 941 1902 subsecutus
962 1863 1024 1902 est
1043 1861 1206 1902 fructus

171 1936 216 1976 in
235 1935 423 1986 Christo,
446 1934 548 1988 quia
567 1933 756 1975 Christus
775 1934 937 1974 fructus
954 1934 1016 1973 est
1041 1932 1150 1985 legis
1169 1934 1211 1973 et

171 2007 496 2048 consummatio.
527 2005 585 2046 De
612 2005 752 2058 primo
783 2004 882 2046 dicit
912 2006 1033 2045 Pater
1059 2004 1113 2045 ad
1133 2004 1209 2045 Sa-

170 2078 376 2132 pientiam
412 2078 678 2118 incarnatam
697 2082 712 2103 2
745 2091 753 2118 ε
794 2092 814 2116 «
846 2077 895 2118 Ι11
925 2077 1066 2118 electis
1103 2077 1210 2117 meis

170 2148 291 2189 mitte
309 2148 487 2189 radices.
508 2147 560 2189 Et
579 2147 766 2188 radicavi
789 2147 835 2188 in
856 2147 1013 2200 populo
1033 2146 1210 2187 honori-

174 2220 312 2262 ficato.
334 2234 353 2258 »
378 2218 479 2261 Haec
506 2221 570 2260 est
599 2219 822 2273 productio
850 2219 982 2272 ligni,
1016 2219 1128 2272 quod
1149 2221 1211 2260 est

177 2307 197 2330 «
215 2291 269 2333 ad
299 2290 560 2333 vescendum
593 2303 739 2333 suave.
770 2306 789 2330 n
815 2290 872 2332 De
901 2289 1084 2331 secunda
1109 2301 1209 2343 pro-

170 2363 367 2412 ductione
385 2362 604 2414 foliorum,
625 2363 779 2404 dicitur
797 2362 810 2385 ³
832 2377 841 2403 :
861 2377 880 2402 (ι
902 2361 1039 2412 Quam
1053 2361 1210 2414 pulcha

170 2433 446 2477 tabernacula
459 2436 534 2475 tua
544 2433 687 2486 Jacob,
702 2437 742 2475 et
758 2433 890 2476 valles
905 2445 1140 2475 nemorosae
1159 2433 1168 2472 !
1184 2446 1204 2470 ›>

171 2519 269 2562 quae
290 2508 390 2548 sunt
408 2505 566 2547 scilicet
587 2505 793 2559 mysteria
812 2517 944 2546 sacrae
962 2503 1205 2556 Scripturae.

173 2578 274 2630 Quis
294 2579 430 2632 potest
460 2576 648 2630 cogitare
667 2576 957 2618 amoenitatem
989 2575 1211 2629 mysterio-

173 2663 271 2692 rum
303 2660 434 2690 sacrae
466 2648 723 2701 Scripturae,
749 2648 800 2689 de
820 2647 977 2700 quibus
1002 2646 1155 2688 dicitur
1170 2651 1207 2689 ⁶:

180 2737 199 2760 (ι
220 2721 401 2762 Sedebat
421 2719 716 2773 unusquisque
739 2719 819 2760 suh
844 2719 928 2759 ficu
948 2730 1025 2759 sua
1038 2750 1048 2768 ,
1071 2721 1113 2759 et
1131 2720 1210 2761 sub

175 2794 261 2834 vite
280 2793 390 2834 sua?
405 2806 424 2830 ›>
444 2790 563 2833 Unde
582 2790 761 2845 pulchra
782 2792 846 2831 est
866 2790 1005 2842 arhor,
1028 2790 1101 2831 sed
1121 2792 1210 2831 ste-

175 2864 290 2915 rilis3
327 2863 506 2917 pulchra
537 2862 743 2916 serpentis
775 2861 928 2903 erectio
960 2864 1000 2903 et
1027 2861 1208 2913 umbra,

175 2936 249 2978 sed
285 2936 414 2977 arbor
451 2935 587 2977 crucis
623 2937 686 2976 est
718 2934 948 2975 fructuosa.
981 2933 1123 2975 Tertia
1150 2936 1212 2975 est

175 3007 392 3061 productio
432 3006 739 3060 prophetarum
759 3036 774 3056 ,
813 3004 1091 3058 pullulatione
1133 3005 1211 3047 sso-

176 3091 274 3120 rum
291 3093 300 3130 3
318 3078 370 3120 de
386 3078 541 3132 quibus
559 3077 713 3119 dicitur
732 3079 745 3101 ⁵
767 3088 776 3117 :
806 3091 824 3115 c«
839 3075 869 3117 F
872 3076 983 3118 lores
1005 3089 1212 3130 apparue-

175 3154 278 3193 runt
308 3151 355 3192 in
384 3154 498 3192 terra
529 3152 695 3200 nostra,
726 3151 768 3190 et
799 3160 886 3190 vox
917 3148 1099 3189 turturis
1130 3161 1208 3190 au-

176 3223 262 3265 dita
290 3226 366 3265 est.
388 3237 408 3261 »
433 3222 576 3264 Flores
599 3222 911 3275 apparuerunt,
942 3220 1115 3273 quando
1141 3220 1211 3263 ille

177 3294 314 3337 (11311Β
338 3309 347 3337 :
372 3309 392 3334 (ι
409 3293 666 3348 Egredietur
691 3292 820 3345 virga
841 3291 893 3333 de
912 3291 1052 3333 radice
1070 3291 1206 3343 Jesse,

221 3436 334 3475 ¹Ose.‚
358 3443 399 3477 Χ,
427 3438 458 3468 1.
478 3453 520 3460 —
543 3437 554 3455 ²
580 3435 700 3475 Ecclz'.,
727 3442 822 3474 XX1V,
848 3437 897 3476 13,
926 3437 975 3467 16.
1000 3453 1041 3459 -
1063 3436 1077 3459 ³
1094 3436 1211 3476 Num„

179 3489 274 3524 xxiv,
291 3485 324 3524 5,
343 3484 375 3516 6.
397 3501 434 3508 -
453 3483 467 3506 Β
487 3483 530 3516 111
551 3483 645 3524 Κεφ,
668 3490 716 3523 lv,
739 3484 791 3516 25.
811 3500 852 3507 —
873 3483 886 3505 ὅ
903 3482 1015 3525 Cant„
1037 3491 1076 3525 11,
1098 3485 1149 3516 12.
1169 3503 1210 3510 -

183 3529 195 3548 ⁸
215 3530 294 3571 Isa„
318 3539 372 3572 m,
405 3534 433 3565 1.
454 3549 495 3555 —
519 3532 528 3550 ⁷
554 3530 683 3570 Thr-eu„
712 3539 742 3571 1,
772 3534 801 3563 1.
826 3548 867 3555 —
891 3531 902 3549 ⁸
931 3531 1012 3571 lsa„
1038 3539 1086 3572 ιν,
1112 3533 1144 3564 2.
1170 3551 1211 3556 —

2267 206 2319 245 95

1285 286 1326 325 et
1359 284 1438 325 flos
1471 284 1522 326 de
1550 286 1691 328 radice
1722 290 1814 342 eius
1841 291 2050 333 ascendet.
2081 304 2101 330 n
2133 290 2216 333 Sed
2236 304 2322 334 vox

1284 355 1464 396 turturis
1494 357 1639 398 audita
1675 363 1769 412 est,
1795 365 1964 415 quando
1993 364 2153 405 dictum
2190 364 2282 405 est⁷
2307 380 2316 407 :

1291 442 1310 465 «
1330 427 1550 477 Quomodo
1570 429 1683 470 sedet
1696 431 1786 472 sola
1805 434 1966 485 civitas,
1981 449 2000 473 ›>
2023 438 2100 476 etc.
2113 437 2133 476 ἱ)
2154 435 2315 477 Turtur

1289 499 1499 551 gemitum
1519 500 1647 542 habet
1666 515 1743 555 pro
1763 507 1902 546 cantu.
1923 505 2082 555 Quarto
2099 507 2318 560 plenitudo

1286 571 1567 612 reficientium
1584 573 1818 626 fructuum,
1835 577 1948 617 unde
1961 577 2121 629 legitur
2133 578 2146 600 ⁸
2163 593 2171 620 :
2195 595 2214 618 t(
2228 578 2322 620 Erit

1286 654 1465 694 germen
1486 643 1654 685 Domini
1674 646 1718 687 in
1747 648 2067 700 magnificentia
2085 653 2126 690 et
2157 650 2317 702 gloria,

1286 716 1327 755 et
1363 714 1527 755 fructus
1559 718 1684 757 terrae
1718 718 1926 760 sublimis.
1959 734 1978 758 n
2017 719 2069 760 Et
2102 720 2182 762 hoc
2211 722 2320 773 fuit,

1285 786 1455 839 quando
1475 786 1545 827 illa
1567 787 1676 829 dixit
1694 792 1707 815 ⁹
1727 804 1736 831 ε
1763 805 1782 828 (ι
1800 790 2023 833 Benedicta
2042 794 2090 833 tu
2110 792 2156 833 in
2173 794 2323 834 mulie-

1285 857 1433 909 rihuS,
1466 861 1507 899 et
1536 859 1782 902 benedictus
1813 863 1973 904 fructus
2007 864 2167 905 ventris
2198 864 2275 905 tui.
2297 879 2317 903 n

1288 928 1418 970 Terra
1449 929 1673 972 fructificat
1709 933 1850 985 primo
1890 934 2067 975 herbam
2094 968 2104 987 ,
2139 936 2322 977 secundo

1286 1000 1480 1053 spicam,
1519 1003 1644 1043 tertio
1681 1015 1884 1055 granum.
1926 1005 2014 1047 Hoc
2053 1008 2116 1047 est
2156 1009 2324 1061 tempus

1285 1074 1382 1112 ante
1401 1072 1563 1125 legem,
1586 1075 1665 1115 sub
1695 1075 1812 1128 lege,
1837 1079 1878 1117 et
1897 1080 1991 1130 post
2020 1077 2177 1130 legem.
2198 1078 2324 1122 Hunc

1285 1144 1480 1185 ordinem
1500 1146 1693 1198 sequitur
1718 1146 1953 1202 Scriptura.

1336 1215 1399 1256 Ad
1419 1215 1500 1257 hoc
1520 1217 1739 1259 sciendum
1764 1223 1841 1270 est,
1868 1221 1982 1275 quod
2003 1226 2174 1277 propter
2207 1237 2322 1278 qua-

1285 1290 1382 1328 tuor
1403 1289 1584 1330 traditur
1607 1290 1824 1344 Scriptura
1846 1306 1856 1335 :
1880 1294 2034 1347 primo,
2063 1296 2116 1337 ad
2138 1298 2321 1349 gratiam

2385 1247 2482 1284 Scrip-

2342 1291 2407 1317 tura
2420 1298 2484 1325 pro—

2342 1333 2405 1367 pter
2415 1339 2484 1367 qua-

1286 1362 1690 1414 commendandam3
1727 1367 1929 1418 secundo,
1965 1368 2017 1408 ad
2054 1368 2480 1411 introducam-tuorna-

1285 1433 1383 1474 dam
1417 1434 1567 1485 fidem;
1601 1436 1744 1487 tertio,
1778 1438 1830 1477 ad
1857 1439 2128 1481 reserandam
2152 1442 2323 1495 sapien-

1285 1505 1402 1556 tiam,
1427 1517 1525 1558 quae
1547 1505 1685 1547 solum
1705 1510 1767 1548 est
1786 1508 1830 1548 in
1849 1509 1944 1550 ista.
1964 1509 2080 1552 Unde
2101 1513 2131 1538 ¹⁰
2154 1527 2163 1553 :
2186 1512 2323 1563 «Quia

1286 1578 1330 1617 in
1348 1577 1422 1618 Dei
1450 1578 1657 1631 sapientia
1683 1592 1772 1621 nou
1802 1583 2008 1634 cognovit
2037 1586 2223 1627 mundus
2250 1599 2324 1640 per

1286 1649 1537 1702 sapientiam
1559 1649 1707 1702 Deum3
1731 1652 1888 1705 placuit
1908 1654 1991 1696 Deo
2011 1667 2086 1709 per
2099 1656 2323 1698 stultitiam

1284 1721 1595 1773 praedicationis
1648 1724 1789 1765 salvos
1840 1725 1976 1767 tacere
2028 1728 2258 1771 credentes.
2299 1745 2319 1768 »

1286 1792 1458 1843 Quarto,
1471 1793 1523 1834 ad
1535 1795 1859 1837 restaurandam
1877 1798 2071 1851 salutem,
2089 1812 2186 1854 quae
2199 1801 2242 1842 in
2253 1802 2325 1843 illa

1284 1864 1554 1907 solummodo
1584 1868 1661 1917 est,
1681 1866 1786 1908 etin
1807 1868 1925 1910 nulla
1947 1869 2029 1911 alia
2061 1871 2234 1913 scientia
2263 1876 2325 1914 est

1285 1935 1414 1977 salus.
1432 1936 1482 1977 Et
1504 1941 1677 1991 propter
1694 1938 1799 1980 illud
1818 1944 2018 1993 quartum
2033 1945 2096 1984 est
2109 1944 2322 1999 principa-

1285 2007 1382 2049 liter
1404 2023 1413 2048 :
1437 2009 1551 2050 salus
1564 2010 1680 2051 enim
1694 2023 1780 2052 non
1795 2015 1856 2053 est
1872 2013 1954 2054 nisi
1967 2027 2044 2068 per
2054 2016 2320 2069 sapientiam3

1289 2081 1400 2122 unde
1425 2080 1578 2122 dicitur
1598 2082 1626 2104 ¹¹
1655 2095 1665 2123 z
1709 2083 1799 2125 «Et
1825 2097 1964 2139 neque
1996 2086 2150 2138 herba,
2185 2102 2324 2143 neque

1285 2152 1519 2205 malagma,
1546 2153 1620 2194 sed
1644 2165 1785 2195 sermo
1804 2159 1919 2208 tuus,
1950 2171 1969 2195 »
2007 2161 2087 2200 etc.
2107 2158 2325 2213 Sapientia

1285 2223 1430 2265 divina
1449 2237 1535 2266 non
1555 2229 1783 2278 reseratur,
1800 2239 1878 2269 nec
1887 2228 2084 2282 habetur,
2097 2231 2179 2272 nisi
2193 2244 2267 2285 per
2281 2233 2326 2273 fi-

1285 2295 1398 2346 dem,
1415 2297 1516 2350 quia
1532 2297 1560 2319 ¹²
1577 2311 1585 2339 z
1603 2298 1722 2339 «Non
1739 2299 1835 2352 plus
1850 2313 2011 2354 sapere,
2022 2314 2151 2356 quam
2161 2307 2325 2357 oportet

1286 2378 1448 2420 sapere;
1468 2370 1510 2408 et
1528 2369 1774 2424 unicuique,
1797 2372 1904 2413 sicut
1917 2373 2061 2415 divisit
2081 2371 2191 2417 Deus
2211 2388 2325 2418 men-

1285 2450 1430 2480 suram
1450 2440 1602 2482 fidei.»
1622 2441 1744 2483 Fides
1763 2446 1908 2485 autem
1923 2457 2011 2486 non
2024 2446 2220 2498 hahetur,
2240 2448 2324 2489 nisi

1285 2523 1361 2563 per
1379 2512 1564 2563 gratiam
1587 2512 1772 2566 Spiritus
1791 2516 1939 2557 sancti.
1961 2515 2162 2559 Traditur
2179 2522 2323 2560 autem

1286 2582 1339 2623 ad
1360 2583 1742 2626 commendandam
1763 2586 1948 2637 gratiam
1968 2586 2151 2641 Spiritus
2172 2590 2320 2632 sancti.

1287 2652 1429 2695 Gratia
1447 2654 1631 2708 Spiritus
1649 2657 1784 2698 sancti
1804 2670 1892 2699 non
1906 2660 1969 2699 est
1985 2659 2069 2700 nisi
2086 2660 2130 2700 in
2146 2660 2323 2704 homine

1288 2728 1426 2778 grato.
1460 2726 1613 2769 Gratus
1642 2731 1787 2771 autem
1820 2742 1910 2771 esse
1941 2742 2028 2773 non
2056 2735 2208 2785 potest,
2241 2734 2323 2775 nisi

1286 2802 1519 2851 cognoscat
1538 2812 1660 2841 suam
1680 2800 1983 2854 indigentiam.
2001 2802 2238 2857 Indigentia
2249 2817 2323 2846 au-

1285 2871 1372 2910 tem
1407 2872 1471 2911 est
1501 2871 1544 2911 in
1579 2871 1704 2912 nobis
1743 2872 1922 2926 triplex,
1958 2874 2117 2916 scilicet
2153 2876 2323 2918 virtutis

1286 2942 1532 2994 cognitivae‚
1566 2943 1780 2995 amativae,
1812 2945 2058 2998 operativae,
2092 2947 2195 3000 quia
2225 2948 2325 2989 caeci

1286 3026 1454 3064 sumus,
1476 3014 1653 3066 infirmi,
1675 3014 1873 3067 maligni.
1901 3016 2094 3070 Oportuit
2114 3019 2161 3072 (c)
2196 3031 2319 3072 ergo,

1286 3089 1336 3128 ut
1348 3086 1478 3127 homo
1496 3086 1614 3139 prius
1636 3090 1913 3138 cognosceret
1936 3089 2180 3142 caecitatem,
2202 3091 2322 3131 infir-

1287 3158 1494 3209 mitatem,
1517 3157 1846 3210 malignitatem,
1869 3172 2000 3212 quam
2021 3161 2165 3204 salvus
2185 3163 2320 3212 fieret,

1287 3229 1355 3272 vel
1377 3228 1517 3281 gratia
1535 3228 1573 3270 ei
1599 3229 1798 3270 daretur:
1823 3243 1925 3283 ergo
1958 3232 2036 3273 fuit
2067 3236 2250 3286 tempuS,
2278 3232 2322 3274 in

1285 3314 1371 3356 quo
1391 3301 1471 3343 fuit
1489 3301 1672 3353 caecitaS,
1693 3305 1742 3343 ut
1759 3302 1805 3343 in
1823 3305 2013 3356 tempore
2039 3306 2139 3346 ante
2159 3304 2318 3358 legem,

1285 3380 1300 3402 ⁹
1321 3380 1409 3420 Luc„
1428 3387 1455 3421 1,
1473 3381 1525 3412 42.
1542 3396 1582 3403 —
1607 3380 1634 3402 ¹⁰
1654 3379 1773 3422 lemn,
1794 3387 1817 3421 1,
1834 3381 1887 3412 21.
1911 3398 1945 3405 -
1969 3381 1990 3400 ¹¹
2010 3381 2104 3424 Sap„
2123 3390 2195 3425 XVI,
2217 3385 2322 3416 12.-

1290 3428 1311 3446 ¹²
1331 3429 1438 3468 Rom„
1460 3435 1523 3468 xu,
1547 3429 1576 3458 3.

1332 3481 1373 3522 (α)
1400 3481 1479 3514 Caet.
1505 3480 1586 3513 edit.
1611 3479 1826 3513 sacrificium.
1855 3498 1894 3506 —-
1918 3481 1964 3524 (b)
1992 3482 2073 3516 Coec.
2099 3484 2179 3519 edit.
2213 3488 2258 3519 et.
2283 3503 2322 3510 —

1290 3531 1326 3571 (c)
1342 3530 1424 3562 Coet.
1442 3528 1524 3563 edit.
1544 3529 1697 3569 Oportet.

2342 1414 2379 1441 di·
2406 1435 2411 1441 .

2343 2827 2482 2862 Indigen-

2360 2869 2399 2896 tia
2413 2869 2464 2895 tri-

2358 2911 2424 2945 plex
2438 2911 2466 2937 in

2361 2951 2458 2979 nobis.
