2633 3878
1060 149 1300 193 PSALMUS
1331 153 1503 194 CXVIII.

217 254 237 276 α
273 243 328 278 Da
363 239 461 277 mihi
495 240 758 285 intellectum,
796 243 837 276 ut
870 240 993 276 sciam
1024 240 1244 277 testimonia

213 305 281 338 tua
302 313 312 338 :
333 314 352 336 »
382 312 470 339 ecce
490 301 712 339 testimonia
740 300 896 337 collata.
923 302 974 336 De
999 301 1174 337 secundo
1199 303 1205 319 ¹
1232 312 1241 337 ε

217 374 236 397 «
262 363 471 410 Loquebar
497 362 546 399 de
582 361 812 398 testimoniis
838 361 912 398 tuis
941 374 950 398 :
977 375 995 396 n
1026 373 1114 398 ecce
1139 362 1244 399 testi·

214 423 350 461 monia
377 423 546 472 prolata.
576 425 626 459 De
650 422 764 458 tertio
786 423 830 459 ²:
869 435 888 456 «
916 423 1151 459 Testimonia
1178 426 1244 459 tua

213 484 387 522 intellexi
407 496 417 520 ε
438 498 456 519 n
481 494 569 521 ecce
586 484 809 521 testimonia
827 484 948 521 illata.

541 589 726 624 Articulus
752 591 915 634 quartus.

260 670 448 714 Quartum
462 669 690 712 denotatur,
712 680 803 705 cum
822 669 1127 716 superadditur:
1149 670 1244 713 Quia

212 733 252 767 in
285 734 455 768 aeternum
479 730 648 775 fundasti
678 741 732 766 ea.
764 730 1006 766 AEternaliler
1038 734 1127 768 sunt
1153 731 1242 767 fun-

212 792 330 836 data,
365 802 454 839 quoe
491 794 581 827 sunt
616 790 842 827 invariabili
878 791 1038 828 veritate
1071 792 1240 829 firmata.

212 855 307 889 Ecce
356 853 456 900 quid
495 852 704 899 cognovit,
741 853 932 899 quoniam
970 853 1243 890 invariabilem

210 913 523 950 testimoniorum
553 913 757 950 veritatem
789 914 965 959 agnovit.
1004 915 1068 950 Hic
1105 918 1241 951 notare

209 985 441 1021 possumus,
461 974 573 1021 quod
600 974 673 1010 tria
699 973 839 1010 fundat
864 975 1051 1011 Dominus
1072 987 1080 1012 :
1103 976 1243 1013 fundat

211 1036 316 1073 enim
358 1036 590 1073 fasciculum
609 1049 620 1082 ;
657 1035 796 1072 fundat
835 1037 1033 1083 populum
1053 1050 1063 1084 3
1103 1037 1242 1074 fundat

208 1098 414 1146 templum.
451 1098 625 1135 Primum
664 1097 968 1135 fundamentum
1008 1102 1155 1146 spectat
1188 1100 1240 1137 ad

209 1160 418 1197 dominicae
443 1160 677 1196 memoriam
696 1159 890 1205 passionis
899 1173 910 1207 3
933 1161 1166 1207 secundum,
1188 1162 1240 1198 ad

207 1221 411 1259 victoriam
427 1221 648 1258 tentationis
657 1234 668 1268 ;
683 1221 854 1267 tertium,
875 1221 927 1258 ad
943 1222 1111 1269 gloriam
1130 1223 1238 1260 retri-

207 1282 393 1319 butionis.
439 1285 483 1319 Et
531 1286 620 1319 sunt
659 1282 936 1329 hujuscemodi
982 1283 1240 1322 fundamenta

206 1343 491 1381 rationabiliter
530 1345 736 1390 ordinata3
787 1344 978 1392 quoniam
1018 1345 1067 1381 de
1107 1345 1238 1392 primo

208 1406 429 1442 ascenditur
458 1405 499 1442 in
537 1406 781 1451 secundum,
821 1409 857 1442 et
895 1406 944 1442 de
983 1406 1157 1443 secundo
1196 1406 1238 1443 in

206 1467 375 1504 tertium.
397 1469 494 1504 Nam
513 1467 563 1503 de
588 1467 781 1504 memoria
799 1467 994 1514 passionis
1015 1467 1238 1505 ascenditur

206 1528 259 1565 ad
280 1528 484 1565 victoriam
511 1528 734 1564 tentationis
747 1541 758 1574 5
781 1532 818 1564 et
843 1528 891 1564 de
925 1528 1088 1565 victoria
1118 1532 1237 1566 tenta·

205 1589 341 1635 tionis,
370 1589 424 1627 ad
453 1589 622 1636 gloriam
646 1589 926 1627 retributionis,
962 1592 1013 1626 De
1040 1591 1170 1637 primo
1189 1592 1202 1613 ³
1226 1603 1234 1627 :

208 1663 226 1685 «
244 1651 316 1696 Qui
335 1651 544 1688 aedificavit
563 1651 604 1687 in
631 1651 730 1688 coelo
751 1651 1023 1688 ascensionem
1042 1662 1178 1698 suam,
1200 1655 1238 1688 et

201 1712 432 1750 fasciculum
468 1724 586 1750 suum
623 1724 740 1760 super
785 1717 930 1751 terram
966 1713 1146 1751 fundavit
1161 1727 1173 1761 5
1214 1728 1232 1749 »

203 1774 316 1821 quasi
347 1774 485 1813 dicat:
524 1775 597 1820 Qui
622 1775 799 1812 ascendit
833 1776 886 1813 ad
922 1775 1090 1822 gloriam
1126 1775 1236 1812 retri-

201 1836 398 1884 butionis,
431 1837 612 1875 fundavit
644 1839 880 1875 memoriam
912 1838 1106 1886 passionis
1116 1851 1126 1884 3
1166 1839 1235 1886 qui

201 1898 376 1935 ascendit
403 1898 456 1935 ad
484 1898 789 1937 fundamentum
815 1899 986 1946 tertium,
1013 1900 1055 1936 in
1081 1899 1234 1936 coeleste

200 1960 416 2007 templum,
435 1960 616 1998 fundavit
635 1964 671 1998 et
689 1962 878 2009 primum,
900 1961 1045 1998 scilicet
1064 1962 1235 2009 myrrhae

199 2021 430 2058 fasciculum
467 2034 475 2058 :
517 2033 604 2059 ecce
640 2023 822 2060 fundatio
861 2023 1049 2060 fasciculi.
1090 2025 1140 2060 De
1180 2035 1235 2060 se-

199 2083 330 2119 cnndo
351 2083 365 2104 ὅ
388 2095 397 2119 :
422 2096 440 2116 «
464 2086 583 2120 Erunt
601 2084 698 2121 mihi
716 2085 910 2132 populus,
933 2087 970 2121 et
995 2095 1070 2131 ego
1091 2095 1158 2121 ero
1180 2085 1235 2121 eis

199 2146 324 2191 Deus;
351 2159 368 2178 n
402 2148 439 2182 et
456 2145 557 2182 infra
579 2158 587 2182 :
621 2158 640 2179 ι(
661 2149 703 2182 Et
721 2146 900 2183 fundabo
931 2157 1019 2192 eos,
1039 2149 1076 2182 et
1107 2146 1236 2183 multi-

197 2205 379 2253 plicabo,
403 2219 423 2241 n
450 2207 563 2255 quasi
583 2207 686 2244 dicat
704 2220 713 2244 :
735 2208 928 2245 Fundabo
960 2218 1028 2244 eos
1048 2207 1101 2244 ad
1120 2218 1234 2255 supe-

197 2267 370 2304 randum
383 2267 547 2315 malum,
569 2272 606 2306 et
621 2269 896 2317 multiplicabo
911 2269 963 2306 ad
984 2270 1232 2316 operandum

197 2328 350 2365 bonum
387 2341 397 2365 :
432 2340 522 2366 ecce
553 2330 734 2367 fundatio
768 2331 922 2378 populi.
964 2333 1012 2368 De
1051 2331 1229 2368 tertio⁵z

200 2389 443 2436 «Templum
471 2391 581 2437 juxta
610 2391 791 2427 ordinem
822 2402 939 2429 suum
969 2391 1155 2429 fundabit
1170 2404 1182 2438 3
1210 2405 1229 2427 n

196 2450 273 2487 hoc
292 2453 374 2497 est,
397 2451 525 2498 gloria
550 2452 817 2489 retributionis
836 2452 1085 2490 ordinabitur
1099 2481 1111 2499 ,
1132 2455 1232 2500 quo—

195 2511 304 2548 niam
352 2512 452 2550 ordo
496 2513 749 2560 praemiorum
793 2513 1051 2562 respondebit
1101 2514 1231 2551 ordini

195 2573 439 2611 meritorum.
479 2575 633 2619 Quanto
665 2585 838 2623 namque
875 2576 1014 2614 merita
1051 2577 1228 2623 cariora,

200 2637 306 2673 tanto
325 2635 491 2682 praemia
506 2635 686 2674 clariora.
709 2639 805 2674 Ecce
817 2635 998 2675 fundatio
1019 2638 1170 2686 templi.

623 2743 786 2785 Epilogus
793 2767 800 2774 .

247 2822 389 2860 Volens
420 2833 514 2869 ergo
552 2822 884 2871 psalmographus
909 2823 1110 2861 declarare
1135 2835 1230 2873 qua-

195 2882 282 2921 liter
301 2894 326 2921 a
345 2883 546 2931 superiore
579 2883 740 2922 doctore
764 2885 967 2922 erudiatur
986 2886 1109 2924 homo
1135 2886 1231 2924 inte-

195 2944 297 2990 rior,
317 2945 516 2982 mediante
539 2947 754 2993 exteriore,
788 2947 907 2984 dicit:
933 2949 1074 2994 Initio,
1103 2959 1229 2996 quan-

195 3008 281 3043 tum
301 3006 352 3043 ad
372 3017 532 3044 causam
549 3007 755 3055 initialem,
777 3019 864 3056 quae
883 3010 940 3045 est
959 3009 1099 3046 doctor
1116 3020 1231 3057 supe-

195 3067 277 3104 rior
289 3080 301 3114 5
343 3068 520 3114 Cognovi,
558 3068 703 3106 scilicet
735 3069 912 3117 potentia
949 3069 1202 3108 intellectuali
1217 3099 1229 3118 ,

196 3132 391 3177 quantum
409 3129 462 3167 ad
475 3140 635 3167 causam
647 3130 904 3177 materialem,
925 3141 1014 3179 quae
1033 3134 1090 3169 est
1106 3131 1229 3169 homo

194 3191 382 3239 interior3
403 3193 456 3228 De
476 3194 690 3229 testimoniis
709 3195 793 3239 tuis,
816 3203 883 3229 ore
902 3192 1081 3240 prolatis,
1105 3204 1230 3241 quan—

195 3254 280 3290 tum
295 3253 349 3291 ad
366 3249 528 3292 causam
545 3254 897 3299 instrumentalem,
918 3265 1006 3302 quae
1026 3257 1083 3292 est
1105 3255 1228 3293 homo

239 3383 251 3405 ¹
266 3383 356 3416 Psal.
375 3384 456 3427 hoc,
474 3387 526 3419 46.
547 3403 586 3410 -
608 3386 622 3408 ²
642 3386 739 3426 ibid„
766 3388 818 3418 95.
835 3401 876 3408 ——
892 3386 903 3404 ³
933 3386 1046 3426 Amos,
1070 3394 1119 3427 lx,
1141 3389 1172 3419 6.
1188 3405 1230 3412 —

331 3437 340 3449 '
357 3455 458 3486 rou.
489 3457 550 3486 lx.

2271 161 2346 199 513

1320 242 1486 278 exterior
1497 255 1508 287 5
1526 242 1619 285 Qum
1642 245 1679 278 in
1695 247 1864 279 oeternum
1889 246 2055 288 fundasti
2075 256 2134 291 ea,
2156 249 2348 292 quantum

1319 303 1371 338 ad
1391 313 1553 339 causam
1573 303 1798 349 formalem,
1819 315 1906 351 quae
1924 309 1981 342 est
1997 306 2169 344 veritatis
2181 306 2348 343 invaria-

1318 362 1408 399 bilis
1424 363 1625 410 splendor.

1680 501 1904 530 VERSICULUS
1928 503 1978 530 lx.

1366 612 1446 646 153.
1456 612 1548 647 Vide
1560 614 1801 651 humilitatem
1815 627 1942 662 meam,
1957 619 2028 653 ete.
2044 617 2149 654 Sicut
2161 619 2347 655 orationis

1316 670 1479 708 virilitas
1505 672 1641 710 enituit
1672 674 1712 710 in
1746 677 1948 713 octonario
1974 677 2125 723 primo,
2147 678 2201 714 sic
2226 679 2347 726 ipsius

1316 732 1514 770 humilitas
1559 734 1733 772 enitescit
1773 736 1813 772 in
1850 738 1936 774 isto.
1977 739 2179 776 Humilitas
2216 743 2347 777 autem

1317 794 1457 830 orandi
1496 796 1713 832 ostenditur
1742 808 1814 844 per
1840 799 2013 845 primum
2054 801 2346 847 quaternarium

1317 855 1357 890 in
1378 856 1555 894 oratione
1575 858 1748 904 speciali,
1769 869 1841 906 per
1859 861 2077 897 secundum
2096 863 2137 898 in
2158 862 2344 908 generali.

1317 918 1446 954 Oratio
1478 929 1572 955 vero
1604 920 1824 967 specialiter
1854 922 2036 968 humilis,
2078 926 2116 959 et
2149 924 2347 961 humiliter

1315 979 1520 1026 specialis,
1564 981 1753 1018 excitatur
1795 983 2045 1029 potissimum
2087 995 2135 1021 ex
2177 989 2347 1033 quatuor

1316 1041 1443 1076 causis
1465 1053 1473 1077 :
1497 1052 1544 1078 ex
1564 1043 1731 1079 naturali
1752 1043 1901 1089 justitia
1929 1045 2122 1092 relegata3
2145 1057 2193 1083 ex
2224 1047 2345 1094 origi-

1314 1102 1394 1137 nali
1415 1102 1602 1148 injustitia
1619 1104 1830 1151 colligata;
1852 1116 1900 1142 ex
1918 1106 2065 1143 coelesti
2086 1110 2214 1154 patria
2234 1108 2345 1145 elon-

1316 1166 1424 1210 gata3
1460 1174 1508 1200 ex
1540 1166 1709 1202 terrestri
1739 1167 1896 1204 miseria
1929 1169 2168 1216 prolongata
2202 1183 2210 1206 :
2247 1182 2346 1218 quas

1314 1225 1474 1262 totidem
1493 1227 1673 1263 versibus
1693 1228 1931 1275 dogmatizat
1949 1230 2154 1277 Propheta.
2175 1231 2346 1269 Primam

1315 1297 1474 1323 causam
1493 1288 1645 1335 primus
1669 1299 1804 1326 versus
1820 1290 2012 1337 declarat,
2033 1302 2123 1329 cum
2144 1292 2346 1330 Psalmista

1313 1348 1367 1386 sic
1400 1353 1485 1386 orat
1506 1363 1514 1387 :
1542 1352 1658 1396 Vide,
1678 1354 1749 1389 etc.
1768 1365 1780 1399 5
1802 1353 1897 1400 quia
1914 1354 2090 1401 loquitur
2117 1358 2159 1391 ut
2175 1366 2346 1402 persona

1314 1411 1557 1457 originaliter
1587 1413 1794 1460 destituta,
1828 1415 2009 1452 nondum
2041 1415 2209 1453 finaliter
2238 1416 2344 1454 resti-

1313 1475 1413 1518 tuta,
1435 1474 1635 1512 moraliter
1653 1475 1849 1522 instituta,
1868 1487 1951 1513 non
1968 1477 2186 1515 mortaliter
2202 1478 2344 1525 prosti-

1312 1536 1407 1570 tuta.
1439 1534 1588 1572 Idcirco
1607 1536 1828 1574 videndum
1856 1541 1911 1575 est
1930 1538 1972 1574 in
1990 1549 2107 1576 versu
2124 1541 2342 1587 proposito,

1313 1606 1400 1642 quae
1425 1596 1473 1632 sit
1499 1597 1700 1643 originalis
1724 1598 1947 1646 destitutio,
1977 1599 2107 1637 finalis
2133 1601 2343 1648 restituti0,

1312 1657 1474 1693 moralis
1490 1657 1692 1706 institutio,
1713 1660 1888 1697 mortalis
1904 1661 2137 1708 prostitutio.
2159 1662 2201 1699 ln
2215 1663 2345 1710 prima

1311 1719 1489 1764 privatur
1521 1721 1696 1767 potentia
1725 1732 1808 1759 non
1839 1722 2054 1770 peccandi3
2091 1723 2133 1760 in
2170 1724 2344 1761 secunda

1311 1783 1488 1827 speratur
1513 1781 1743 1829 impotentia
1766 1783 1980 1831 peccandi3
2001 1783 2042 1821 in
2067 1785 2178 1822 tertia
2201 1785 2344 1832 ligatur

1310 1841 1540 1889 impotentia
1576 1854 1658 1881 non
1693 1845 1886 1892 peccandi
1895 1858 1906 1892 5
1944 1846 1985 1883 in
2018 1850 2159 1893 quarta
2190 1846 2344 1885 laxatur

1310 1904 1485 1949 potentia
1503 1906 1709 1952 peccandi.

1640 2011 1832 2047 Art-iculus
1853 2014 2008 2057 primus.

1358 2090 1530 2125 Primum
1549 2090 1743 2137 proditur,
1765 2103 1853 2128 cum
1871 2093 2067 2140 profertur
2088 2106 2096 2129 :
2117 2094 2210 2131 Vide
2227 2095 2342 2131 humi-

1311 2152 1449 2186 litatem
1481 2162 1613 2196 meam3
1644 2156 1729 2198 aut,
1753 2156 1796 2190 ut
1829 2154 2048 2192 evidentius
2078 2155 2231 2201 dicam,
2253 2156 2341 2193 vili-

1308 2214 1427 2248 tatem
1450 2222 1591 2249 meam.
1624 2214 1788 2252 Grandis
1818 2215 1982 2263 quidem
2009 2216 2230 2263 humilitas,
2259 2217 2340 2253 imo

1309 2273 1438 2319 gravis
1469 2277 1525 2311 est
1543 2274 1691 2320 vilitas,
1713 2276 1824 2323 quod
1850 2277 1972 2314 homo
1991 2277 2128 2315 volens
2150 2288 2233 2315 non
2251 2289 2341 2325 pec-

1309 2344 1419 2379 care,
1440 2344 1522 2372 non
1550 2336 1680 2373 valeat
1705 2347 1788 2374 non
1814 2348 1990 2385 peccare.
2020 2339 2166 2384 Quaeris
2185 2342 2340 2388 quare?

1308 2395 1405 2439 Quia
1441 2396 1570 2442 primo
1601 2398 1737 2434 valens
1765 2409 1847 2436 non
1880 2410 2067 2447 peccare,
2097 2411 2179 2438 non
2215 2401 2342 2439 voluit

1307 2466 1389 2493 non
1414 2467 1577 2503 peccare
1599 2470 1608 2494 :
1630 2459 1722 2496 ideo
1749 2459 1896 2497 factum
1924 2464 1980 2498 est
2007 2472 2136 2508 nunc,
2155 2464 2198 2498 ut
2228 2462 2340 2510 quod

1307 2517 1426 2563 velit,
1452 2528 1534 2556 non
1568 2519 1717 2568 valeat3
1739 2522 1931 2569 quoniam
1960 2525 2053 2559 tunc
2079 2533 2162 2560 non
2186 2523 2337 2571 voluit,

1308 2578 1418 2626 quod
1454 2579 1624 2618 valebat.
1660 2583 1760 2619 Sane
1797 2583 1838 2619 in
1856 2584 2099 2622 humanitate
2131 2595 2242 2631 sana,
2272 2586 2338 2622 vel

1307 2640 1470 2678 sanitate
1489 2642 1687 2690 humana,
1709 2647 1746 2681 et
1771 2646 1948 2692 potentia
1965 2646 2171 2693 peccandi,
2202 2650 2240 2683 et
2264 2657 2337 2694 po-

1307 2702 1426 2739 tentia
1456 2714 1539 2740 non
1563 2705 1754 2752 peccandi
1780 2707 2000 2754 praecessit;
2040 2707 2110 2745 sed
2145 2709 2337 2755 peccandi

1306 2765 1482 2811 potentia
1511 2766 1565 2802 sic
1595 2768 1776 2814 excessit,
1803 2769 1915 2816 quod
1939 2769 2112 2816 potentia
2136 2780 2219 2807 non
2245 2781 2337 2818 pec-

1308 2826 1424 2863 candi
1461 2827 1652 2875 decessit,
1690 2832 1726 2866 et
1762 2830 1993 2878 impotentia
2027 2842 2110 2869 non
2146 2831 2337 2879 peccandi

1308 2891 1503 2928 successit.

1662 2942 1851 2979 Articulus
1870 2943 1977 2980 idem.

1355 3014 1460 3050 lllius
1497 3016 1643 3053 nobilis
1676 3019 1859 3065 potentiae
1896 3019 2123 3066 decessum,
2161 3023 2199 3057 et
2228 3019 2336 3057 istius

1306 3076 1494 3123 ignobilis
1517 3078 1757 3126 impotentiae
1779 3092 2002 3119 successum
2028 3083 2207 3130 deplorat
2230 3082 2336 3120 Psal-

1306 3139 1573 3186 mographus,
1607 3151 1698 3178 cum
1726 3143 1781 3178 sic
1812 3146 1899 3180 orat
1930 3156 1940 3180 ε
1979 3144 2070 3181 Vide
2095 3144 2336 3181 humilitatem

1305 3210 1438 3247 meam3
1466 3211 1512 3238 ac
1531 3201 1565 3238 si
1585 3201 1732 3240 diceret
1750 3214 1817 3240 ore
1841 3205 2094 3252 prophetico,
2111 3204 2224 3253 quod
2242 3205 2337 3243 dici·

1307 3262 1369 3297 tur
1385 3261 1400 3283 ⁶
1420 3272 1430 3297 ε
1457 3274 1475 3296 «
1494 3263 1604 3310 Vide,
1622 3265 1801 3311 Domine,
1816 3269 1853 3303 et
1873 3266 2094 3312 considera,
2113 3280 2131 3301 η
2154 3266 2338 3304 videlicet

1306 3343 1319 3364 ⁵
1341 3344 1472 3382 Ezeclae„
1504 3352 1645 3386 xxxvii,
1675 3348 1732 3386 23,
1761 3350 1810 3379 26.
1842 3366 1883 3372 --
1906 3349 1920 3370 ⁸
1947 3349 2080 3388 Jerem„
2109 3357 2196 3390 xxx,
2225 3352 2272 3382 18.
2296 3368 2337 3375 —

1308 3392 1320 3410 ⁶
1343 3391 1519 3432 leren.‚1‚
1544 3395 1593 3424 11.

2127 3461 2177 3500 33

2367 941 2478 970 Oratio·
