2633 3878
289 266 367 305 680
960 262 1232 304 EXPOSITIO
1263 263 1314 305 ΙΝ
1345 262 1742 306 ECCLESIASTEN,

291 352 383 392 ideo
413 351 541 391 dicit:
569 349 869 392 obsurdescent
902 361 1039 393 omnes
1078 351 1181 403 filz'oe
1218 363 1316 394 car-

291 420 577 463 7711'tzis.'l'u11c
609 421 709 462 filiae
743 422 941 462 carminis
976 422 1313 473 obsurdescunt',

290 493 459 545 quando
476 504 629 533 sonum
649 494 838 534 veritatis
850 527 859 544 ‚
877 507 972 547 quae
987 499 1047 535 cst
1065 494 1181 535 velut
1200 507 1317 547 qure-

290 564 387 603 dam
407 564 694 614 consonantia,
710 565 857 605 audire
878 577 963 605 non
986 568 1175 617 possunt.
1200 565 1316 606 Istud

292 634 370 673 erit
391 636 557 686 tempus
575 634 836 685 Antichristi,
855 635 963 675 sicut
986 636 1234 688 praedictum
1258 638 1319 676 est

291 705 341 745 de
362 705 433 745 illo
455 706 610 758 populo
625 738 636 756 ,
652 707 724 758 qui
745 706 978 747 adhaerebit
997 707 1279 748 Antichristo¹
1307 721 1315 748 ε

299 792 317 814 «
338 775 524 828 Populus
545 777 597 817 ad
616 777 879 817 iracundiam
899 789 1135 830 provocans
1146 781 1220 828 est,
1244 778 1319 818 filii

293 848 528 898 mendaces,
549 847 625 886 filii
640 847 830 888 nolentes
860 848 1005 888 audire
1023 848 1164 900 legem
1185 848 1271 889 Dei.
1295 864 1313 886 »

294 916 434 957 Tertio
446 917 649 969 praedicit,
661 918 773 970 quod
785 918 1079 959 formidabitur
1088 919 1319 959 Antichris-

295 987 324 1027 ti
353 990 557 1039 potestas,
584 1000 684 1028 cum
712 988 768 1029 ait
790 1004 798 1029 :
822 989 1005 1031 Eoecelsa
1026 1000 1186 1042 quoque
1206 990 1322 1031 zime-

296 1058 421 1109 bunl,
444 1063 480 1100 ec
511 1059 828 1110 fornn'dabunt,
855 1061 897 1100 id
926 1063 1017 1109 est,
1041 1072 1211 1110 ornnes,
1234 1063 1321 1101 tam

296 1129 432 1182 parvi,
458 1142 586 1182 quam
615 1131 785 1182 magni,
806 1131 1070 1172 verebuntur
1090 1131 1321 1184 potentiam

296 1199 557 1250 Antichristi‚
571 1203 611 1240 et
622 1212 710 1253 prae
722 1201 874 1242 timore
886 1201 1139 1250 adorabunt3
1158 1201 1271 1243 unde
1283 1203 1296 1223 ²
1311 1216 1319 1242 :

301 1287 320 1309 (ι
347 1270 566 1312 Admirata
596 1274 656 1312 est
685 1273 824 1312 omnis
851 1275 964 1313 terra
993 1275 1087 1325 post
1115 1273 1294 1313 bestiam
1311 1303 1321 1322 ,

295 1341 479 1382 dicentes
499 1356 508 1382 :
532 1341 633 1390 Quis
660 1342 809 1382 similis
843 1343 987 1384 bestiae
1021 1343 1144 1394 huic,
1167 1346 1208 1384 et
1230 1343 1325 1396 quis

297 1412 448 1464 poterit
468 1424 666 1464 pugnare
683 1425 782 1454 cum
802 1417 874 1454 ea?
888 1428 906 1450 n
930 1414 981 1455 Et
999 1414 1109 1454 infra
1123 1414 1136 1435 ³
1155 1426 1165 1454 ε
1188 1414 1325 1454 «Data

297 1487 358 1523 cst
382 1483 421 1523 ei
441 1486 624 1536 potestas
644 1484 696 1534 *in
715 1496 887 1525 omnem
915 1485 1096 1535 tribum,
1119 1488 1160 1525 et
1188 1496 1324 1538 popu-

298 1550 402 1601 lum,
426 1556 466 1591 et
485 1551 699 1604 linguam,
721 1556 761 1593 et
782 1552 1018 1593 adorabunt
1040 1564 1138 1593 eam
1158 1564 1322 1603 omnes,

298 1623 370 1674 qui
391 1622 581 1663 habitant
611 1624 655 1663 in
674 1626 808 1674 terra,
831 1636 1016 1677 quorum
1035 1624 1209 1665 nomina
1241 1636 1327 1664 non

299 1696 398 1733 sunt
417 1694 570 1746 scripta
590 1694 633 1734 in
652 1693 761 1735 libro
777 1695 892 1736 vitae.
914 1710 932 1732 n

340 1765 374 1804 F
376 1765 522 1807 lor-ebir
533 1765 802 1818 amyqdalus,
812 1770 889 1808 etc.
903 1766 1117 1820 Descripta
1126 1772 1187 1808 est
1198 1779 1328 1820 supra

300 1835 529 1876 debilitatio
565 1837 660 1877 fidei
680 1867 693 1886 ,
730 1841 771 1877 et
807 1837 993 1878 dilatatio
1032 1838 1186 1878 erroris
1209 1853 1218 1887 ;
1259 1838 1328 1878 hic

301 1906 424 1947 tertio
446 1906 697 1947 describitur
717 1907 868 1948 modus
888 1908 1194 1961 multiplicandi
1216 1921 1329 1949 erro-

300 1989 406 2018 rem.
429 1977 479 2018 Et
498 1977 575 2018 iste
602 1978 753 2019 modus
780 1979 859 2020 erit
878 1979 1032 2032 triplici
1051 1979 1121 2021 via
1137 2010 1147 2028 ,
1175 1979 1330 2021 scilicet

303 2060 377 2100 per
405 2048 636 2100 miracula,
659 2061 734 2102 per
761 2049 962 2100 donaria,
996 2062 1071 2103 per
1101 2053 1326 2092 tormenta.

303 2118 446 2159 Primo
475 2119 627 2159 dicitur
655 2119 806 2160 modus
839 2120 1033 2161 trahendi
1064 2121 1116 2161 ad
1142 2132 1329 2161 errorem

304 2203 377 2243 per
397 2191 622 2241 miracula,
637 2204 735 2232 cum
757 2193 815 2233 ait
837 2207 846 2234 ε
864 2192 1043 2234 Floreba
1058 2192 1328 2246 amyqdalus,

304 2267 352 2304 ut
383 2264 488 2304 sicut
507 2268 520 2289 ¹⁴
548 2265 675 2317 virga
705 2266 847 2306 Aaron
878 2265 1129 2306 mirabiliter
1158 2266 1328 2315 floruit,

306 2338 347 2375 et
366 2336 616 2388 amygdalas
635 2336 937 2389 produxit3ita
964 2337 1091 2377 etiam
1122 2337 1165 2376 in
1197 2348 1333 2377 aemu-

306 2406 505 2446 lationem
538 2406 823 2447 Antichristus
852 2407 974 2448 faciet
994 2408 1145 2448 ssorere
1161 2440 1172 2458 ,
1194 2411 1234 2448 et
1258 2408 1335 2448 dc-

308 2477 478 2527 ssorere,
503 2479 543 2517 et
571 2477 652 2517 alia
687 2478 890 2519 miracula
926 2478 1091 2528 multa,
1126 2490 1200 2531 per
1238 2491 1335 2531 qua}

308 2547 424 2588 stulti
457 2550 756 2589 convertentur
786 2549 838 2589 ad
866 2548 1006 2601 ipsum
1027 2549 1070 2588 ⁵:
1107 2564 1125 2587 «
1153 2549 1204 2589 Et
1240 2550 1336 2590 fecit

308 2619 441 2660 bestia
462 2619 588 2671 signa
617 2631 798 2670 magna,
829 2622 869 2660 et
899 2619 1066 2660 seduxit
1097 2620 1336 2662 habitantes

313 2691 504 2739 interra,
528 2692 697 2742 propter
717 2689 865 2742 signa,
888 2702 986 2743 quae
1019 2691 1115 2732 data
1146 2695 1246 2732 sunt
1277 2692 1337 2732 illi

312 2763 444 2803 facere
478 2762 522 2802 in
548 2764 773 2814 conspectu
806 2762 1045 2802 hominum.
1084 2778 1103 2800 »
1142 2763 1336 2805 Secundo

312 2833 503 2886 praedicit
522 2833 697 2874 modum
716 2832 909 2873 trahendi
929 2844 1003 2885 per
1023 2833 1213 2883 donaria,
1236 2846 1335 2874 cum

313 2904 535 2955 subjungit
556 2918 564 2943 ε
589 2905 648 2946 Ec
674 2903 1015 2955 impinquabz’cur
1041 2904 1202 2946 locusta
1228 2919 1243 2945 .·
1273 2904 1339 2944 Ιο-

314 2977 432 3015 custa
463 2973 783 3026 impinguatur,
812 2974 981 3026 quando
1014 2974 1141 3015 homo
1171 2975 1340 3016 invidus

313 3044 492 3098 pecunia
513 3043 712 3096 repletur,
735 3046 776 3084 et
803 3055 877 3095 per
901 3044 1015 3084 illam
1036 3057 1060 3084 a
1080 3045 1163 3086 Deo
1192 3057 1340 3087 rever-

314 3116 417 3156 titur
442 3117 492 3165 a)
515 3127 524 3155 :
547 3115 560 3137 ⁶
586 3130 605 3153 α
631 3114 886 3155 Incrassatus
901 3118 963 3155 est
983 3115 1158 3156 dilectus
1173 3149 1184 3167 ,
1207 3120 1248 3158 et
1267 3130 1334 3159 re-

315 3187 545 3227 calcitravit
565 3186 831 3236 incrassatus,
858 3186 1167 3239 impinguatus,
1185 3188 1336 3230 dilata-

315 3262 396 3298 tus.
420 3273 439 3295 υ
457 3257 542 3298 Hoc
560 3256 684 3298 modo
704 3257 858 3298 multos
877 3260 1036 3298 avertet
1054 3258 1340 3300 Antichristus

317 3341 342 3369 a
359 3328 466 3369 fide:
485 3328 599 3381 quod
618 3328 838 3379 signatum
858 3331 938 3378 est,
963 3328 1065 3370 dum
1079 3329 1336 3370 Antiochus⁷

362 3459 469 3495 ¹1sa.‚
492 3466 582 3498 xxx,
613 3461 662 3490 19.
689 3475 728 3482 --
752 3459 765 3480 ²
785 3459 897 3499 Apoc„
923 3467 1005 3496 xlii,
1033 3462 1063 3490 3.
1088 3477 1122 3481 —-
1158 3463 1161 3473 ’·
1188 3460 1285 3500 ibid„
1310 3462 1343 3492 8.

319 3523 360 3528 -
379 3506 389 3523 ⁴
410 3505 526 3544 Num,
545 3513 636 3545 xv11,
659 3509 688 3538 8.
715 3523 755 3530 -·
774 3506 786 3527 ⁵
811 3506 920 3547 apoc„
949 3514 1029 3547 xm,
1052 3508 1100 3537 14.
1131 3524 1170 3530 -—-
1197 3507 1210 3528 ὅ
1232 3508 1342 3548 Πεαί.,

322 3560 441 3592 xxxu,
469 3554 520 3585 15.
551 3569 589 3576 -
622 3554 630 3570 ⁷
666 3554 691 3585 Η
719 3552 838 3594 Maca,
865 3561 930 3594 vil,
960 3554 1010 3585 24.
1045 3570 1083 3578 -·
1106 3552 1120 3575 ὃ
1146 3553 1236 3594 Luc„
1270 3562 1343 3593 vui,

1389 353 1693 394 adolescentem
1713 356 1815 394 tunc
1843 354 2092 396 hortabatur
2127 367 2214 397 non
2246 359 2412 398 tantum

1389 424 1531 464 verbis
1548 456 1562 474 ,
1599 424 1670 465 sed
1704 425 1832 465 etiam
1863 426 2107 477 juramento
2144 427 2415 479 promittebat

1391 494 1564 535 divitem
1602 507 1645 535 se
1681 497 1722 535 et
1760 495 1930 535 beatum
1964 508 2063 536 eum
2102 497 2311 538 facturum
2329 528 2342 548 ,
2374 501 2415 538 et

1391 565 1642 606 translatum
1674 578 1699 605 a
1728 565 1897 617 legibus
1933 566 2110 607 charum
2148 568 2408 609 habiturum.

1393 635 1532 676 Tertio
1555 635 1745 688 praedicit
1775 635 1940 688 aliquos
1964 637 2190 678 trahendos
2220 649 2296 690 per
2325 641 2415 679 tor-

1393 709 1550 756 menta,
1568 717 1666 746 cum
1686 705 1784 746 dicit
1800 706 1875 748 :Ec
1893 706 2177 759 dissipabitur
2190 710 2390 761 capparis
2402 721 2416 750 :

1394 776 1606 829 capparis,
1641 779 1689 817 ut
1717 777 1879 818 dictum
1912 780 1972 818 est
1997 809 2008 828 ,
2036 777 2169 818 herba
2195 784 2255 818 est
2284 778 2418 820 libidi-

1393 858 1491 888 nem
1540 858 1773 899 provocans
1809 859 1819 887 :
1859 859 1934 900 per
1966 848 2077 888 hanc
2115 848 2418 901 intelliguntur

1394 917 1606 967 carnales,
1629 918 1703 970 qui
1730 929 1877 958 curam
1906 918 2044 959 carnis
2070 922 2228 971 gerunt
2245 920 2291 960 in
2310 920 2420 962 desi-

1395 987 1538 1028 deriis.
1561 987 1633 1028 Isti
1652 987 1923 1041 dissipantur,
1946 1001 2045 1030 cum
2064 989 2215 1031 timore
2230 993 2418 1032 tormen-

1396 1061 1537 1099 torum
1556 1070 1581 1098 a
1608 1058 1690 1099 fide
1709 1058 1910 1099 recedunt
1931 1073 1940 1099 t
1964 1062 2064 1100 sunt
2090 1060 2205 1100 enim
2230 1061 2281 1102 de
2310 1052 2420 1112 illis,

1396 1130 1447 1170 de
1476 1129 1633 1182 quibus
1651 1129 1806 1170 dicitur
1823 1132 1836 1153 ⁸
1863 1144 1870 1171 :
1900 1145 1919 1168 «
1940 1130 2004 1171 Ad
2031 1133 2199 1184 tempus
2219 1132 2421 1184 credunt,

1398 1204 1438 1241 et
1457 1201 1501 1240 in
1529 1204 1720 1253 tempore
1739 1201 1980 1242 tentationis
2006 1202 2224 1243 recedunt.
2249 1216 2268 1240 >>
2293 1202 2424 1244 Tem-

1397 1283 1476 1324 pus
1495 1271 1736 1312 tentationis
1763 1272 1842 1312 erit
1873 1272 1919 1311 in
1943 1272 2128 1313 adventu
2153 1271 2421 1324 Antichristi,

1398 1342 1511 1383 unde
1530 1342 1543 1363 ⁹
1567 1357 1575 1383 :
1604 1358 1623 1381 «
1643 1342 1731 1384 Erit
1752 1342 1865 1383 enim
1885 1345 1988 1383 tunc
2006 1343 2223 1384 tribulatio
2249 1355 2423 1396 magna,

1399 1412 1538 1466 qualis
1558 1425 1644 1454 non
1660 1413 1740 1454 suit
1755 1413 1806 1453 ab
1822 1412 1945 1453 initio
1965 1413 2113 1453 mundi
2132 1424 2268 1466 usque
2283 1413 2423 1466 modo,

1400 1495 1538 1536 neque
1560 1484 1645 1524 fiet.
1666 1498 1685 1521 ›>

1455 1557 1493 1594 5.
1508 1554 1713 1601 Quoniam
1726 1555 1805 1597 iba
1816 1554 1950 1604 homo,
1964 1556 2041 1595 etc.
2055 1554 2153 1607 Egit
2163 1566 2290 1608 supra
2297 1556 2347 1597 de
2358 1568 2429 1598 an-

1401 1624 1688 1666 tecedentibus
1708 1625 1759 1665 ad
1774 1625 2013 1677 Judicium3
2034 1625 2103 1665 hic
2122 1625 2215 1677 agit
2244 1627 2428 1668 secundo

1402 1697 1453 1737 de
1472 1696 1562 1748 ipso
1577 1695 1756 1747 J'udicio,
1780 1696 1822 1735 in
1844 1707 1929 1748 quo
1946 1696 2285 1749 praemiabuntur
2302 1697 2401 1738 boni
2415 1729 2426 1748 ,

1403 1770 1444 1808 et
1463 1767 1693 1820 punientur
1712 1766 1827 1806 mali.
1857 1766 2072 1815 Quantum
2098 1766 2150 1807 ad
2169 1767 2427 1820 praemiatio-

1403 1851 1502 1879 nem
1523 1838 1755 1885 bonorum,
1777 1838 1877 1878 dicit
1897 1849 1907 1877 t
1933 1837 2016 1879 Ibit
2041 1837 2160 1880 homo
2188 1838 2238 1879 in
2261 1837 2431 1880 domum

1404 1910 1657 1952 <eternitatis
1671 1920 1773 1959 suoe,
1784 1909 1952 1962 quando
1967 1909 2122 1950 scilicet
2130 1909 2291 1950 dicetur
2303 1909 2364 1950 eis
2377 1910 2428 1951 ¹⁰:

1412 1981 1626 2031 «Venite,
1669 1980 1876 2021 benedicti
1923 1980 2053 2032 patris
2084 1980 2192 2032 mei,
2231 1981 2432 2034 percipite

1407 2063 1592 2104 regnum
1608 2083 1619 2102 ,
1642 2051 1754 2103 quod
1773 2053 1971 2103 paratum
1990 2053 2053 2091 est
2076 2051 2197 2093 vobis
2226 2064 2252 2092 a
2280 2052 2433 2093 consti-

1406 2123 1569 2164 tutione
1601 2121 1764 2162 mundi.
1788 2136 1806 2159 ))
1831 2121 1883 2162 Et
1913 2123 2015 2162 tunc
2044 2121 2168 2163 ibunt
2192 2122 2239 2162 in
2257 2122 2432 2163 domum

1408 2195 1577 2234 aeternae
1612 2192 1770 2233 laetitiae
1799 2192 1825 2213 ¹¹
1849 2204 1858 2232 :
1887 2191 2103 2234 «Venient
2131 2193 2176 2233 in
2206 2192 2308 2234 Sion
2335 2205 2434 2234 cum

1408 2264 1531 2304 laude
1571 2266 1611 2304 et
1655 2263 1801 2303 laetitia
1843 2263 2098 2316 sempiterna
2139 2274 2268 2316 super
2301 2264 2436 2317 capita

1410 2347 1574 2376 eorum.
1616 2334 1827 2376 Gaudium
1863 2338 1904 2376 et
1937 2335 2239 2377 exultationem
2277 2336 2436 2378 obtine-

1411 2407 1532 2447 bunt.
1553 2421 1572 2444 »
1597 2406 1813 2455 Quantum
1843 2406 1896 2447 ad
1927 2406 2080 2456 malos,
2112 2406 2242 2447 dicit:
2265 2407 2320 2448 Et
2348 2408 2434 2450 cir-

1412 2476 1586 2519 cuibunt
1605 2478 1653 2518 in
1663 2477 1806 2529 platea
1815 2476 2076 2530 plangentes,
2093 2476 2248 2518 scilicet
2263 2477 2364 2517 mali
2380 2478 2406 2500 ¹²
2423 2492 2432 2519 ε

1418 2563 1437 2586 ι(
1457 2548 1644 2588 Dicentes
1677 2548 1788 2588 intra
1807 2560 1849 2588 se
1868 2579 1878 2597 ,
1912 2547 2203 2601 poenitentiam
2235 2550 2434 2601 agentes,

1413 2621 1454 2659 et
1474 2629 1563 2671 prae
1589 2618 1790 2669 angustia
1807 2617 1978 2670 spiritus
1999 2621 2242 2670 gementes;
2267 2633 2286 2657 »
2311 2621 2352 2660 et
2371 2621 2433 2660 ¹³.:

1420 2689 1570 2729 «Tunc
1583 2688 1746 2741 parebit
1766 2688 1937 2740 signum
1957 2688 2033 2728 filii
2053 2689 2237 2730 hominis
2250 2689 2297 2731 in
2315 2689 2435 2732 coelo.

1415 2761 1447 2801 T
1450 2773 1534 2802 unc
1550 2760 1757 2812 plangent
1775 2772 1922 2801 omnes
1941 2760 2079 2802 tribus
2097 2763 2237 2802 terrae.
2260 2775 2280 2799 ι)

1469 2834 1508 2872 6.
1530 2832 1764 2883 Antequam
1775 2835 2016 2883 rumpatur,
2036 2833 2113 2872 etc.
2129 2831 2228 2883 Egit
2246 2842 2375 2884 supra
2388 2832 2439 2873 de

1416 2902 1755 2943 antecedentibus
1775 2901 1827 2941 ad
1847 2901 2078 2953 Judicium,
2100 2905 2141 2943 et
2159 2902 2440 2943 concomitan—

1417 2974 1528 3014 tibus
1545 2985 1555 3023 ;
1576 2973 1644 3012 hic
1663 2971 1756 3023 agit
1774 2971 1824 3012 de
1845 2972 2213 3024 consequentibus.
2236 2972 2441 3013 Describit

1417 3047 1558 3085 autem
1577 3055 1652 3083 sex
1671 3041 1971 3094 consequentia
1988 3044 2079 3094 post
2092 3042 2246 3094 judicii
2265 3045 2436 3084 statum.

1419 3115 1611 3156 Primum
1639 3144 1652 3164 ,
1690 3115 1860 3153 notatur
1901 3113 2118 3153 evacuatio
2155 3112 2404 3166 eloquentiae
2428 3145 2439 3164 ,

1419 3197 1516 3226 cum
1533 3184 1684 3225 dicitur
1701 3195 1711 3223 :
1731 3184 1970 3235 Antequam
1989 3187 2216 3235 rumpatur
2237 3184 2355 3235 funis
2375 3194 2443 3226 ar-

1418 3259 1599 3309 qenleus.
1622 3256 1862 3307 Argentum
1889 3257 1951 3295 est
1970 3258 2258 3306 sonorum,'et
2276 3255 2439 3308 signifi-

1420 3330 1486 3367 cat
1515 3326 1826 3379 eloquentiam3
1850 3325 1962 3367 funis
1991 3327 2220 3378 argenteus
2250 3329 2312 3366 est
2344 3336 2442 3366 ver-

1424 3461 1472 3489 121.
1504 3475 1539 3480 —
1577 3458 1588 3474 ⁹
1618 3456 1753 3496 Manli„
1785 3462 1888 3494 xxiv,
1920 3456 1972 3486 21.
2009 3471 2047 3477 —
2081 3455 2106 3476 ¹⁰
2141 3454 2237 3493 ibid„
2269 3460 2354 3494 xxv,
2389 3455 2440 3486 34.

1421 3521 1460 3527 —
1490 3505 1513 3527 ¹¹
1535 3504 1612 3542 lsa„
1641 3510 1743 3544 xxxv,
1774 3504 1822 3534 10.
1846 3519 1882 3524 —-
1914 3501 1938 3522 ¹²
1963 3502 2054 3543 Sap„
2075 3509 2108 3542 v,
2135 3503 2166 3533 3.
2192 3517 2231 3525 —
2260 3501 2281 3520 ¹³
2307 3500 2442 3541 Mami„
2505 3502 2508 3503 ’

1422 3559 1514 3593 xxw,
1541 3553 1591 3584 30.
1605 3569 1645 3576 —
1667 3553 1711 3592 (α)
1728 3551 1804 3591 Leq.
1826 3549 1998 3582 avertitur.
2301 3559 2305 3563 ·

2619 982 2633 1084 m
2616 774 2633 973 muri.
2626 747 2633 767 -.
