2633 3878
139 2465 253 2492 Calum-

116 2506 165 2532 nia
203 2506 252 2530 ¹·i—

116 2547 194 2582 plex.

120 2901 259 2926 Samaria.

264 253 341 290 490

263 338 356 381 lem,
388 333 634 377 efficientem,
667 329 855 366 finalem:
893 326 1010 364 elisus
1037 320 1206 371 pertinet
1237 316 1289 354 ad

264 407 423 435 causam
470 392 744 437 materialem3
782 389 916 434 elisio,
954 387 1005 424 ad
1044 381 1288 425 formalem;

264 459 426 504 elidens,
446 456 497 494 ad
512 455 744 493 efficientem
760 465 769 499 ;
791 451 949 489 effeetus
964 453 1221 493 consequenS,
1237 441 1289 479 ad

264 521 436 558 finalem.

593 565 782 601 Articulus
803 562 957 608 privans.

311 647 435 683 Causa
471 641 682 680 materialis
718 638 914 685 tangitur,
948 645 1038 671 cum
1073 630 1249 680 psallitur
1278 641 1286 665 :

264 708 407 745 Redime
425 717 477 742 mc
492 733 504 751 ,
532 703 643 752 quasi
669 711 741 749 pro
772 699 841 736 vili
868 695 1068 734 venditum
1087 704 1110 730 a
1127 691 1291 739 vilipen-

264 771 394 806 dente.
424 770 465 804 Et
489 768 608 810 nota,
633 763 742 811 quod
775 762 871 798 sicut
891 758 1065 796 innuitur
1093 755 1134 792 in
1165 752 1290 799 Scrip-

264 832 385 874 turiS‚
420 829 514 866 tales
557 826 714 864 redimit
756 823 943 861 Dominus
977 819 1100 857 tribus
1134 814 1287 859 modis;

264 893 408 930 scilicet
428 901 498 939 per
523 889 718 937 judicium
742 886 922 930 ultionis,
943 879 1178 919 beneficium
1198 885 1291 913 eon-

264 953 492 998 solationis,
531 950 759 988 incendium
803 944 1032 984 dilectionis.
1078 944 1118 978 ln
1160 937 1290 987 primo

264 1017 442 1055 elidentis
477 1014 606 1051 feritas
635 1012 783 1059 judicio
816 1008 1017 1051 referitur3
1048 1004 1086 1040 in
1116 999 1290 1038 seeundo

265 1079 347 1116 elisi
372 1077 554 1114 debilitas
573 1074 712 1111 solatio
739 1072 944 1114 delinitum
972 1068 1012 1104 in
1032 1065 1142 1103 tertio
1163 1061 1290 1107 fortis,

265 1145 306 1177 ut
338 1139 458 1188 lapiS,
488 1137 645 1173 dilectio
678 1144 758 1171 non
788 1131 999 1178 frangitur,
1032 1127 1101 1164 sed
1127 1124 1291 1172 ignitur,

265 1213 354 1239 cum
392 1211 464 1248 pro
510 1195 843 1235 calumniantibus
882 1189 1146 1229 intervenitur.
1191 1185 1291 1231 Quid

266 1264 370 1301 enim
391 1264 447 1298 est
467 1261 582 1298 elisos
601 1270 673 1307 pro
695 1255 930 1294 elidentibus
950 1250 1198 1295 intervenire,
1219 1248 1294 1285 nisi

266 1323 448 1361 scintillas
486 1322 621 1369 igneas
659 1331 706 1356 ex
747 1317 850 1355 elisis
885 1314 1086 1363 lapidibus
1123 1311 1292 1348 exilire?

266 1387 437 1425 Primum
455 1395 527 1433 per
553 1382 654 1420 illud
681 1379 922 1426 intelligitur,
951 1376 1061 1425 quod
1089 1373 1230 1421 legitur
1251 1373 1258 1393 ¹
1281 1384 1288 1408 z

269 1464 286 1483 a
306 1449 397 1485 Sion
430 1448 471 1484 in
495 1445 643 1493 judicio
671 1443 897 1480 redimetur.
928 1453 945 1474 »
969 1437 1083 1483 Quod
1111 1439 1204 1473 tunc
1223 1435 1293 1471 im-

266 1511 461 1560 plebitur,
494 1519 584 1545 cum
615 1504 873 1543 calumniator
908 1501 1087 1538 fidelium
1123 1508 1193 1546 per
1228 1497 1293 1533 Dei

267 1573 406 1610 Filium
436 1571 663 1619 perimetur.
693 1566 916 1604 Secundum
943 1573 1013 1612 per
1040 1562 1140 1599 illud
1167 1560 1293 1597 innui-

268 1640 350 1681 tur,
371 1634 480 1682 quod
501 1631 684 1669 astruitur
710 1631 724 1652 ²
756 1642 764 1665 :
793 1641 810 1662 «
835 1626 1066 1664 Consolatus
1091 1626 1147 1661 est
1166 1622 1294 1659 Domi-

269 1708 342 1733 nus
366 1695 560 1744 populum
587 1703 721 1737 suum,
744 1689 911 1728 redemit
933 1687 1160 1725 Jerusalem.
1187 1698 1205 1719 »
1228 1684 1295 1721 Hic

268 1759 440 1808 populus
470 1757 696 1801 redimitur,
733 1755 843 1801 cujus
878 1751 1058 1788 debilitas
1098 1747 1292 1785 delinitur.

268 1822 437 1859 Tertium
462 1831 533 1868 per
558 1818 658 1855 illud
683 1817 888 1864 accipitur,
911 1813 1019 1862 quod
1045 1811 1228 1860 aspicitur
1249 1811 1262 1832 ³
1285 1822 1294 1846 ;

274 1899 289 1918 u
310 1886 351 1921 ln
377 1882 585 1919 dilectione
614 1891 707 1925 sua,
735 1882 770 1915 et
790 1878 829 1914 in
850 1874 1095 1922 indulgentia
1115 1883 1185 1910 sua
1212 1872 1296 1920 ipse

269 1946 433 1983 redemit
452 1955 537 1982 nos.
568 1956 585 1977 ι)
616 1943 676 1980 Sic
699 1940 865 1978 redemit
884 1938 993 1983 illos,
1015 1946 1186 1984 quorum
1207 1934 1297 1970 cha-

270 2010 362 2046 ritas
387 2008 482 2045 elisa
510 2016 588 2043 non
614 2003 777 2049 excidit,
799 2001 867 2039 scd
895 2000 1039 2037 clarius
1067 1996 1295 2035 coruscavit.

585 2109 774 2145 Articulus
799 2105 984 2143 secundus.

318 2199 442 2233 Causa
462 2192 639 2230 formalis
657 2190 845 2235 traditur,
875 2198 966 2224 cum
999 2186 1140 2222 dicitur
1162 2197 1170 2220 :
1193 2187 1227 2220 A·
1243 2195 1300 2220 ea-

273 2259 442 2299 Iurmn'is3
463 2254 655 2302 quoniam
671 2250 920 2288 venditiones
939 2249 1032 2294 istae,
1049 2247 1194 2295 quibus
1207 2256 1300 2283 ven-

273 2319 418 2355 duntur
446 2327 532 2364 quae
551 2316 597 2362 (a)
618 2313 926 2361 vilipendantur,
950 2313 986 2346 ct
1005 2308 1301 2356 vilipenduntur

274 2381 341 2428 qui
363 2378 568 2416 calumniis
583 2376 791 2420 eliduntur,
806 2377 894 2410 sunt
908 2372 1124 2409 calumniae.
1139 2370 1214 2409 Sed
1234 2381 1302 2407 no-

275 2447 310 2479 tu
324 2471 334 2488 ,
351 2441 461 2489 quod
476 2438 673 2477 calumnia
692 2437 894 2484 tripliciter
913 2434 1098 2482 accipitur
1119 2434 1158 2469 in
1178 2433 1303 2480 Scrip-

275 2508 381 2541 tura:
398 2502 593 2540 interdum
614 2500 737 2537 active
747 2511 758 2546 3
776 2497 974 2535 interdum
988 2495 1141 2543 passive
1155 2508 1165 2542 3
1181 2495 1301 2531 inter-

274 2569 369 2604 dum
384 2566 505 2603 active
514 2563 661 2612 pariter
672 2561 883 2609 etpassive.
897 2559 1025 2596 Prima
1039 2561 1093 2595 est
1106 2557 1304 2595 calumnia

275 2629 449 2667 facientis
459 2640 470 2674 3
481 2625 668 2669 secunda,
682 2623 863 2672 patientis
875 2636 883 2668 3
894 2621 1019 2665 tertia,
1031 2620 1240 2667 diligentis,
1251 2622 1303 2656 De

275 2690 445 2739 prima‘:
465 2703 481 2724 σ
499 2688 635 2725 Audite
656 2686 822 2722 verbum
844 2685 940 2730 hoc,
967 2693 1094 2720 vaccae
1116 2683 1303 2730 pingueS,

277 2764 363 2800 quse
382 2752 469 2788 estis
486 2751 525 2787 in
539 2753 671 2786 monte
684 2747 867 2785 Samarifss
892 2760 899 2781 :
918 2759 934 2780 n
956 2745 1137 2782 videlicet
1155 2744 1305 2791 praelati

279 2814 519 2859 eifoeminati,
539 2811 785 2860 impinguati,
808 2810 848 2846 in
863 2808 1100 2845 sublimitate
1119 2807 1306 2844 custodiae

280 2875 474 2920 collocati,
496 2874 588 2922 qnia
608 2875 772 2910 Samaria
789 2873 1060 2919 interpretatur
1090 2869 1268 2906 custodia
1295 2881 1303 2905 :

280 2938 479 2986 sequitur:
500 2950 517 2969 α
533 2946 620 2983 quae
640 2934 879 2971 calumniam
899 2933 1021 2969 facitis
1042 2931 1188 2979 egenis,
1199 2945 1216 2966 »
1234 2931 1306 2967 sci-

279 3001 368 3038 lieet
386 3009 466 3036 non
486 3000 665 3035 curantes
685 2995 732 3031 de
754 2994 936 3030 curandis
957 2993 1186 3030 criminibus
1205 3022 1215 3038 ,
1237 2992 1306 3029 sed

281 3061 487 3099 crumenis.
509 3062 603 3096 Ecce
628 3055 825 3094 calumnia
849 3055 1035 3092 facientis.
1061 3057 1112 3091 Dc
1134 3054 1308 3092 secunda

281 3125 421 3161 dicitur
439 3124 452 3145 ⁵
472 3135 479 3158 :
507 3135 523 3155 «
540 3117 841 3167 Congregamini
862 3127 978 3164 super
1000 3120 1152 3153 montes
1172 3118 1307 3154 Sama-

280 3188 365 3232 riae,
386 3190 421 3223 et
439 3186 566 3223 videte
587 3183 758 3220 insanias
777 3181 920 3218 multas
953 3181 992 3216 in
1011 3179 1143 3216 medio
1165 3180 1248 3226 ejus
1267 3192 1304 3225 ,n

282 3249 426 3285 scilicet
457 3249 650 3295 quantum
682 3245 733 3282 ad
764 3242 954 3281 Ecclesias
986 3241 1205 3287 seculares;
1236 3255 1252 3273 «
1273 3243 1310 3277 et

284 3310 498 3347 calumnias
518 3309 704 3356 patientes
724 3307 764 3343 in
784 3304 1052 3354 penetralibus
1071 3303 1153 3349 ejus
1183 3313 1307 3350 quan-

284 3377 366 3409 tum
387 3371 438 3408 ad
458 3370 644 3408 Ecclesias
662 3369 875 3416 regulares
897 3369 992 3404 Eece
1014 3365 1212 3403 calumnia
1239 3375 1309 3412 pa-

328 3456 337 3475 *
360 3455 436 3492 lm„
458 3462 485 3493 1,
508 3456 558 3486 27.
580 3471 619 3477 —
639 3455 650 3475 ²
669 3453 747 3494 lm„
771 3460 840 3492 Lu,
864 3454 893 3484 9.
916 3469 955 3474 —
975 3450 988 3471 ⁸
1009 3451 1084 3489 lm,
1108 3457 1205 3489 Lxm,
1224 3451 1254 3480 9.
1272 3465 1312 3472 -

295 3502 431 3541 ²Amos,
456 3508 500 3540 ιν,
528 3504 553 3533 1.
574 3519 613 3524 -
633 3502 646 3522 ⁵
668 3501 775 3539 Amos,
799 3507 859 3540 ιιι,
879 3502 909 3531 9.
930 3516 970 3522 -
988 3499 1002 3520 ⁶
1021 3497 1105 3537 Ose„
1126 3505 1192 3537 xii,
1214 3497 1241 3528 7.
1264 3513 1305 3518 —

958 228 1228 276 EXPOSITIO
1257 226 1309 269 IN
1340 224 1689 268 PSALTERmM.

1363 316 1503 353 tientis.
1527 316 1730 353 Calumnia
1749 315 1834 352 talis
1854 317 1910 352 est
1929 313 2165 351 venditionis
2180 315 2386 361 praemissae

1364 387 1480 414 causa
1499 377 1686 414 formalis
1710 379 1760 414 Dc
1781 376 1891 414 tertia
1910 377 1923 399 ⁰
1939 387 1947 412 ε
1969 389 1986 410 «
2005 375 2201 412 chanaam
2215 402 2226 420 ,
2246 375 2286 411 in
2304 386 2386 412 ma-

1362 450 1416 475 nu
1429 440 1511 487 ejus
1525 442 1663 476 statera
1677 439 1830 485 dolosa,
1845 438 2083 475 calumniam
2099 437 2273 474 dilexit.»
2286 437 2386 481 Quid

1363 511 1433 548 per
1464 501 1662 538 Chanaam
1676 529 1688 545 ,
1724 501 1797 537 nisi
1832 500 2051 547 negotiator
2080 500 2260 536 notatur?
2293 500 2388 534 Nam

1364 563 1560 600 Chanaam
1581 563 1800 609 negotIator
1818 562 2105 609 interpretatur.
2127 563 2221 598 Eece
2241 559 2387 598 calum-

1363 625 1430 662 nia
1449 624 1657 671 diligentis.

1700 724 1887 760 Articuzus
1914 725 2053 760 tertius.

1411 814 1532 849 Causa
1553 811 1725 849 efficiens
1745 811 1977 859 explicatur,
1998 823 2087 849 cum
2109 811 2267 849 additur
2289 825 2297 850 ;
2321 815 2392 850 Ho-

1365 875 1516 910 minum.
1544 874 1751 918 Qualium?
1771 875 1885 913 Plane
1906 885 1987 912 non
2008 874 2294 922 spiritualium,
2322 875 2393 913 scd

1366 935 1596 971 animalium
1617 947 1626 972 :
1654 937 1747 984 quia
1767 938 1953 974 nimirum
1972 937 2152 973 homines
2186 936 2393 973 calumniis

1367 996 1567 1043 elidentes,
1590 998 1774 1036 elidendo
1791 999 2089 1046 vilipendentes,
2110 998 2391 1046 vilipendendo

1367 1058 1495 1095 viliter
1523 1060 1819 1107 venundantes,
1853 1064 1942 1099 sunt
1973 1061 2184 1106 animales,
2213 1060 2392 1108 spiritum

1366 1132 1447 1158 non
1467 1122 1667 1160 habentes.
1690 1124 1783 1160 Sunt
1801 1127 1931 1161 autem
1951 1124 2158 1171 ejusmodi,
2179 1123 2243 1161 vel
2260 1124 2395 1169 corde,

1367 1180 1431 1217 vel
1462 1191 1554 1226 ore,
1586 1182 1649 1218 vel
1684 1193 1801 1230 opere
1834 1183 2033 1231 depravati
2056 1195 2064 1219 :
2087 1194 2258 1231 quorum
2277 1182 2394 1230 primi

1368 1242 1550 1279 (licuntur
1571 1244 1694 1280 oculis
1714 1245 1884 1281 obturati
1901 1257 1910 1291 ;
1934 1245 2118 1289 secundi,
2146 1244 2394 1293 improperiis

1368 1305 1532 1352 assueti3
1552 1306 1678 1352 tertii,
1699 1307 1778 1343 vita
1798 1306 1964 1344 delicati.
1989 1309 2038 1344 De
2057 1307 2187 1354 primo
2204 1308 2242 1343 ⁷:
2264 1319 2282 1341 «
2295 1305 2396 1342 Dixit

1368 1367 1509 1414 homo,
1532 1369 1642 1415 cujus
1669 1369 1872 1406 obturatus
1902 1371 1958 1406 est
1982 1369 2147 1405 oculus:
2171 1381 2188 1403 »
2213 1367 2282 1405 iste
2302 1378 2396 1406 sane

1370 1429 1606 1477 depravatus
1625 1432 1681 1467 est
1692 1431 1824 1467 corde.
1847 1433 1897 1467 Dc
1910 1430 2083 1468 seeundo
2100 1431 2113 1453 ⁸
2135 1443 2142 1467 :
2161 1442 2179 1465 «
2199 1432 2323 1468 Homo
2337 1441 2396 1468 as-

1370 1494 1502 1528 suetus
1522 1492 1561 1529 in
1581 1493 1711 1529 verbis
1730 1492 1972 1540 improperii,
1995 1492 2035 1529 in
2056 1492 2240 1530 omnibus
2258 1492 2396 1530 diebus

1370 1553 1449 1590 suis
1466 1564 1548 1590 non
1574 1554 1773 1591 erudietur
1794 1567 1802 1591 z
1824 1568 1841 1590 »
1865 1555 1934 1591 iste
1968 1565 2127 1602 quoque
2160 1555 2397 1602 depravatus
2440 1582 2443 1585 ,

1371 1618 1426 1652 est
1445 1626 1526 1653 ore.
1550 1619 1600 1653 De
1625 1618 1736 1654 tertio
1751 1618 1764 1640 ⁹
1787 1629 1794 1653 :
1824 1631 1840 1651 «
1859 1619 1983 1654 Homo
2011 1617 2200 1654 delicatus
2218 1616 2258 1653 in
2278 1619 2313 1653 te
2328 1646 2340 1660 ,
2361 1619 2398 1654 ct

1370 1677 1596 1715 luxuriosus
1626 1679 1743 1716 valde
1761 1707 1773 1725 ,
1807 1679 1999 1715 invidebit
2030 1679 2138 1716 fratri
2169 1689 2240 1716 suo
2263 1690 2272 1715 :
2293 1691 2312 1713 »
2333 1678 2396 1715 hic

1372 1743 1503 1787 aperte
1524 1740 1760 1788 depravatus
1781 1744 1836 1778 est
1856 1752 1988 1789 opere.

1695 1845 1882 1881 Articulus
1910 1847 2070 1890 quartus.

1421 1929 1543 1964 Causa
1563 1927 1693 1964 finalis
1713 1927 1943 1965 subnotatur
1957 1955 1969 1973 ,
1997 1938 2088 1964 cum
2118 1927 2299 1964 subditur
2320 1939 2329 1964 :
2356 1930 2400 1964 Ut

1373 1991 1575 2027 custodiam
1606 1990 1781 2026 mandata
1814 1994 1873 2026 tua
1903 2003 1913 2025 .·
1948 2000 2041 2026 nam
2072 1989 2235 2026 intentio
2265 1989 2401 2027 talium

1373 2052 1626 2089 venditorum
1645 2052 1801 2089 videtur
1831 2052 1994 2089 irritatio
2026 2051 2333 2097 mandatorum,
2366 2054 2403 2088 et

1374 2114 1546 2151 incitatio
1566 2116 1839 2161 peecatorum,
1870 2114 2014 2162 quibus
2037 2114 2261 2151 nullatenus
2287 2124 2403 2161 opor-

1374 2180 1425 2214 tet
1445 2178 1583 2214 cedere
1598 2205 1607 2221 ,
1628 2177 1698 2214 sed
1714 2177 1902 2214 mandata
1920 2177 2201 2214 inviolabiliter
2220 2177 2405 2214 observa-

1374 2250 1430 2276 re.
1452 2241 1496 2275 Et
1511 2241 1604 2275 nota
1623 2239 1673 2275 de
1691 2239 1970 2276 mandatorum
1988 2239 2187 2284 custodia,
2209 2238 2320 2286 quod
2340 2238 2404 2275 de-

1376 2303 1443 2339 bet
1463 2302 1625 2339 existere
1645 2313 1734 2338 cum
1754 2303 1912 2348 timore,
1935 2313 2026 2338 eum
2053 2312 2188 2339 amore
2199 2329 2211 2348 ,
2240 2312 2331 2338 cum
2349 2301 2404 2338 vi-

1377 2376 1473 2412 gore
1499 2378 1510 2412 3
1541 2367 1676 2402 contra
1704 2365 1876 2401 tumidos
1900 2393 1911 2409 ,
1941 2365 2122 2412 tepidos,
2152 2367 2187 2401 et
2213 2363 2403 2412 torpidos.

1378 2429 1428 2464 De
1447 2427 1576 2474 primo
1595 2428 1624 2449 ¹0
1646 2438 1654 2462 :
1671 2426 1773 2471 «Qui
1794 2426 1927 2463 timent
1945 2426 2168 2472 Dominum,
2185 2425 2409 2462 custodiunt

1379 2489 1568 2526 mandata
1587 2489 1715 2525 illius:
1736 2501 1752 2522 n
1775 2499 1862 2525 ecce
1893 2488 2172 2525 mandatorum
2201 2487 2379 2525 custodia
2395 2516 2407 2535 ,

1380 2562 1469 2588 eum
1490 2551 1641 2588 timore.
1665 2553 1714 2587 De
1735 2550 1906 2587 secundo
1924 2549 1946 2571 1¹
1973 2549 2184 2587 :«Domine
2205 2551 2303 2586 Deus
2323 2549 2410 2586 coeli

1379 2614 1511 2660 fortis,
1542 2623 1686 2660 magne
1702 2641 1713 2658 ,
1746 2615 1863 2660 atque
1900 2612 2080 2649 terribilis
2094 2639 2106 2658 ,
2135 2611 2204 2660 qui
2238 2611 2410 2648 custodis

1380 2678 1539 2724 pactum
1556 2704 1567 2722 ,
1590 2677 1627 2711 et
1646 2674 1958 2712 misericordiam
1979 2685 2070 2711 eum
2090 2674 2136 2710 iis
2152 2673 2220 2721 qui
2242 2672 2411 2720 diligunt

1381 2740 1416 2774 te
1439 2766 1450 2783 ,
1471 2740 1506 2774 et
1526 2736 1750 2773 custodiunt
1769 2736 1956 2773 mandata
1976 2739 2041 2773 tua
2063 2749 2070 2771 :
2101 2749 2116 2769 »
2141 2745 2229 2772 ecee
2248 2734 2411 2771 manda-

1381 2803 1511 2836 torum
1533 2798 1758 2835 divinorum
1784 2797 1962 2835 custodia
1982 2808 2071 2834 cum
2091 2807 2237 2834 amore.
2264 2798 2314 2833 De
2333 2798 2409 2832 ter-

1387 2861 1440 2898 tio
1459 2863 1486 2883 ¹2
1507 2873 1517 2896 .·
1540 2859 1795 2897 «confortare
1811 2887 1821 2905 ,
1844 2864 1881 2896 et
1901 2863 1982 2897 esto
2002 2859 2062 2896 vir
2080 2858 2201 2903 fortis,
2223 2860 2259 2895 et
2277 2857 2410 2895 obser-

1382 2934 1454 2969 va,
1475 2926 1516 2960 ut
1536 2922 1734 2959 custodias
1754 2921 1941 2958 mandata
1961 2921 2113 2958 Domini
2134 2920 2196 2957 Dei
2217 2920 2270 2957 tui
2287 2931 2295 2956 :
2313 2933 2330 2955 »
2352 2930 2411 2956 ec-

1384 2997 1426 3023 ce
1447 2986 1724 3022 mandatorum
1747 2984 1810 3021 Dci
1841 2984 2019 3021 custodia
2048 2995 2139 3020 cum
2158 2982 2382 3020 fortitudine
2398 3010 2408 3028 ,

1384 3050 1447 3087 vel
1468 3049 1616 3096 vigore.

1811 3094 1978 3136 Epilogus.

1433 3173 1490 3209 Ait
1511 3182 1604 3218 ergo
1625 3170 1829 3218 Propheta,
1852 3171 2039 3217 tanquam
2057 3178 2227 3216 persona
2244 3167 2298 3204 sic
2315 3177 2410 3203 ven-

1387 3236 1491 3281 dita,
1513 3235 1698 3271 divinitus
1715 3233 1967 3279 redimenda3
1990 3232 2053 3268 vel
2081 3231 2197 3275 elisa,
2225 3229 2411 3266 divinitus

1388 3298 1576 3346 erigenda
1594 3310 1602 3334 :
1626 3297 1769 3334 Redime
1788 3306 1863 3340 me,
1884 3297 2074 3342 quantum
2091 3292 2143 3329 ad
2163 3291 2322 3336 elisum,
2343 3300 2411 3326 seu

1389 3399 1400 3419 ⁷
1423 3398 1537 3438 Num„
1562 3403 1658 3436 niv,
1686 3397 1716 3426 3.
1745 3412 1781 3417 -
1809 3395 1820 3411 ⁸
1846 3392 1960 3430 Eeclz‘.,
1988 3397 2094 3430 xxm,
2121 3391 2174 3420 20.
2200 3405 2239 3412 -
2263 3389 2275 3407 ⁹
2303 3387 2414 3429 Dent„

1389 3453 1520 3484 xxvm,
1543 3445 1592 3476 54.
1611 3461 1650 3467 ·—-
1667 3443 1693 3463 ¹⁰
1713 3441 1897 3479 Eccli.,11,
1918 3440 1968 3470 21.
1986 3454 2022 3460 —
2048 3437 2074 3458 ¹¹
2096 3437 2119 3467 ΙΙ
2141 3436 2252 3475 Εεάν.,
2273 3444 2302 3476 l,
2328 3437 2414 3468 5.—

1395 3495 1416 3512 “’·’
1439 3493 1478 3524 lli
1499 3493 1589 3533 Ray„
1611 3498 1648 3529 ιι>
1669 3492 1700 3530 2,
1722 3495 1752 3521 3.
1774 3506 1809 3511 —
1833 3486 1876 3527 (a)
1897 3486 1972 3526 Leq.
1991 3484 2058 3525 qui.

2437 437 2513 464 Cha-

2438 485 2534 504 naam.
