2633 3878
283 262 360 299 3352

282 344 470 385 momenti
496 340 582 379 talis
607 336 782 376 adhaesio
804 331 1041 383 pavimenti,
1061 330 1101 366 in
1121 338 1201 376 quo
1223 325 1310 363 talis

281 407 498 451 humilitas,
523 402 692 449 agilitas,
720 397 882 441 utilitas:
905 393 1087 431 videlicet
1110 388 1310 428 humilitas

281 472 480 508 honorans
502 468 634 508 Deum,
651 461 801 508 agilitas
819 458 1070 495 dehonorans
1088 463 1214 497 reum,
1236 450 1312 487 uti-

281 535 366 570 litas
399 531 593 567 devorans
632 522 924 562 multitudinem
962 518 1227 565 peccatorum.
1260 514 1310 548 De

283 597 411 645 primo
430 594 463 629 ¹:
490 592 669 628 «Omnes
695 585 766 623 filii
792 582 909 620 lsrael
936 578 1124 615 videbant
1155 576 1312 612 descen-

285 660 442 696 dentem
475 655 607 698 ignem
643 653 677 687 et
715 645 882 695 gloriam
915 640 1066 678 Domini
1095 647 1212 685 super
1244 636 1313 673 do-

284 731 415 764 mum,
440 720 477 754 et
503 713 726 752 corruentes
751 706 866 755 proni
886 705 926 740 in
945 706 1088 740 terram
1108 710 1225 748 super
1243 709 1313 746 pa-

284 785 503 820 vimentum
532 779 694 812 stratum
723 769 856 817 lapide
886 765 1175 806 adoraverunt;
1209 775 1226 795 n
1259 761 1313 797 sic

285 845 431 882 faciunt
455 836 673 888 spirituales
701 831 902 874 Israelitae,
928 827 969 864 id
994 829 1069 872 est,
1096 823 1313 866 coenobitae,

287 908 354 956 qui
375 900 634 941 descendente
654 897 743 943 igne
764 892 914 940 gratiae,
938 892 974 927 et
996 886 1224 935 splendente
1250 895 1313 921 su-

287 981 355 1019 per
372 968 538 1005 domum
553 958 812 1001 conscientiae,
826 955 1050 991 corruentes
1064 949 1115 986 ad
1131 948 1313 992 litteram,

286 1030 403 1081 proni
423 1029 463 1066 in
483 1031 625 1064 terram
644 1031 761 1069 super
780 1016 1051 1066 pavimentum
1071 1009 1203 1058 lapide
1224 1011 1316 1045 stra·

288 1101 392 1139 tum,
425 1090 591 1128 adorant
624 1095 704 1122 non
735 1080 1018 1121 confessorem,
1051 1073 1120 1110 sed
1156 1072 1196 1108 in
1230 1071 1315 1119 ipso

288 1161 411 1194 Deum
430 1151 553 1188 veniae
571 1147 811 1193 largitorem.
828 1143 877 1178 De
892 1137 1065 1176 secundo
1080 1138 1114 1172 2:
1137 1149 1154 1169 «
1172 1136 1316 1181 Lapsus

288 1219 393 1255 falsae
414 1216 575 1259 linguae,
591 1208 703 1257 quasi
723 1205 791 1253 qui
810 1205 850 1241 in
869 1201 1093 1250 pavimento
1115 1197 1280 1242 cadens3
1297 1209 1313 1229 >›

291 1278 403 1328 quasi
439 1276 564 1312 dicat:
601 1273 747 1317 Lapsus
780 1267 926 1312 linguae
959 1261 1104 1299 cadunt
1132 1258 1317 1302 interius,

290 1343 388 1378 sieut
416 1336 607 1386 poenitens
635 1333 674 1369 in
701 1329 926 1378 pavimento
956 1324 1100 1362 cadens
1124 1320 1317 1359 exterius:

290 1404 371 1448 vel,
399 1403 441 1437 ut
467 1396 636 1446 apertius
664 1393 814 1435 dicam,
834 1387 937 1425 cadit
961 1385 1078 1432 culpa
1107 1381 1319 1431 quaerendo

294 1465 478 1514 gratiam,
499 1461 595 1496 sicut
616 1454 807 1504 poenitens
823 1448 994 1499 petendo
1014 1445 1172 1483 veniam
1190 1456 1198 1480 :
1227 1454 1321 1479 nam

292 1525 508 1565 secundum
532 1517 832 1558 Ambrosianam
854 1509 1106 1553 sententiam,
1130 1509 1166 1544 et
1188 1506 1322 1553 lapsus

293 1589 456 1630 cadunt,
485 1586 521 1621 et
549 1582 666 1629 culpa
685 1576 823 1627 quaerit
848 1572 1035 1621 gratiam3
1064 1573 1100 1606 et
1127 1571 1183 1605 est
1205 1567 1321 1604 valde

292 1647 547 1690 rationabile,
585 1641 696 1691 quod
733 1639 916 1686 peccator
954 1633 1097 1670 divinae
1129 1629 1321 1667 honorili-

295 1715 429 1753 centiae
448 1710 671 1756 usurpator,
691 1704 886 1740 honorem
904 1700 1038 1742 exuat,
1061 1698 1097 1732 et
1118 1697 1194 1731 Deo
1213 1693 1323 1730 resti-

296 1779 379 1814 tuat
388 1789 397 1821 3
415 1775 607 1822 quatenus
617 1769 630 1790 ³
644 1766 751 1814 prius
765 1762 983 1800 restituatur
998 1758 1188 1802 ablatum,
1204 1765 1324 1803 quam

297 1838 510 1876 dimittatur
529 1832 749 1880 peccatum.
771 1827 821 1861 De
842 1822 952 1859 tertio
972 1822 984 1842 '⁴
1005 1832 1013 1856 :
1039 1833 1056 1854 α
1076 1820 1161 1856 Non
1186 1827 1325 1865 perve-

295 1902 437 1939 nerunt
461 1896 512 1933 ad
535 1892 807 1942 pavimentum
833 1885 927 1929 laci,
957 1883 1084 1919 donec
1112 1880 1327 1927 arriperent

297 1974 363 2000 eos
390 1961 542 2004 leones;
568 1970 584 1990 »
610 1951 722 2002 quasi
744 1950 870 1987 dicat:
894 1945 1076 1984 Nondum
1095 1942 1326 1992 poenitentes

295 2022 555 2074 pervenerant
587 2016 638 2054 ad
670 2012 941 2062 pavimentum
978 2005 1159 2054 capituli,
1200 2004 1327 2041 donec

296 2097 385 2124 suas
424 2080 662 2122 offensiones
698 2073 932 2112 devorarent
968 2068 1152 2106 immissae
1184 2065 1327 2103 contri-

298 2149 436 2185 tiones.

613 2234 802 2273 Articulus
827 2227 1012 2267 secundus.

347 2334 556 2373 Intrinseca
579 2324 799 2366 humiliatio
830 2303 1069 2366 designatur,
1091 2326 1181 2352 cum
1203 2313 1330 2361 sequi-

306 2403 365 2436 tur
390 2409 397 2433 :
421 2395 555 2432 Anima
575 2400 673 2431 mecm
697 2397 741 2423 ac
761 2384 792 2420 si
815 2387 946 2430 aperte
968 2379 1111 2416 diceret
1139 2389 1147 2413 ε
1176 2377 1333 2411 Azlhaesz’c

303 2460 533 2509 parimento,
560 2447 788 2489 humilitatis
822 2454 959 2488 eausa,
989 2451 1070 2478 non
1096 2439 1225 2475 solum
1252 2447 1334 2474 cor-

306 2533 398 2570 pus,
420 2517 489 2555 sed
509 2517 648 2557 anima,
671 2510 763 2558 quia
784 2517 865 2544 non
884 2505 1013 2542 solum
1033 2500 1258 2540 humiliatus
1279 2499 1335 2536 fui

306 2579 578 2620 humiliatione
608 2573 839 2616 extrinseca,
873 2567 944 2605 sed
976 2568 1013 2602 et
1043 2563 1264 2601 intrinseca.
1294 2563 1337 2599 Et

306 2648 400 2682 nota
419 2643 467 2680 de
486 2635 706 2688 poenitentis
726 2633 878 2677 anima,
907 2628 1017 2677 quod
1044 2626 1184 2663 dicitur
1209 2624 1336 2660 disso-

307 2709 400 2749 luta,
417 2701 659 2744 conturbata,
677 2696 860 2733 confusa:
883 2691 976 2739 quia
994 2700 1066 2737 pro
1085 2688 1247 2736 peceato
1267 2685 1338 2722 fuit

308 2767 497 2804 dissoluta
519 2757 803 2807 delinquendo,
826 2752 1058 2791 conturbata
1085 2747 1336 2798 poenitendo,

309 2828 471 2866 confusa
491 2822 729 2862 confitezdo.
752 2822 802 2855 De
821 2817 950 2865 primo
971 2815 1006 2849 5:
1034 2825 1051 2845 «
1070 2810 1237 2857 Pigredo
1262 2809 1336 2845 im·

309 2890 424 2928 mittit
444 2896 626 2935 soporem
639 2911 650 2929 ,
672 2886 709 2919 et
728 2881 860 2918 anima
880 2875 1069 2914 dissoluta
1095 2871 1213 2909 esurit
1221 2884 1231 2918 3
1253 2884 1270 2905 »
1294 2881 1339 2907 ac

309 2954 341 2990 si
368 2954 497 2999 aperte
524 2947 670 2984 diceret
691 2958 700 2980 :
724 2943 828 2979 Sicut
851 2949 921 2986 per
939 2935 1188 2985 pigredinem
1205 2943 1340 2969 sensus

310 3015 467 3060 ligatur,
498 3009 552 3046 sic
579 3017 650 3055 per
683 3001 980 3041 dissolutionem
1011 2997 1144 3034 anima
1175 2994 1341 3032 miserize

311 3075 522 3122 obligatur.
558 3072 606 3106 De
637 3064 810 3104 seeundo
839 3061 1019 3098 scribitur
1050 3059 1091 3095 in
1119 3057 1272 3105 psalmo
1299 3057 1340 3091 ⁶:

315 3153 332 3173 «
364 3136 422 3175 Ad
449 3144 512 3171 me
545 3133 675 3179 ipsum
699 3127 831 3165 anima
854 3134 943 3160 mea
969 3120 1200 3158 conturbata
1225 3121 1298 3164 est3
1321 3131 1339 3153 »

314 3197 427 3246 quasi
454 3196 583 3233 dieat:
606 3190 664 3229 Ad
685 3199 747 3226 me
773 3188 904 3234 ipsum
929 3184 1061 3221 anima
1080 3192 1168 3218 mea
1186 3183 1342 3218 contur-

314 3261 409 3298 bata
429 3261 484 3295 est
501 3253 745 3304 poenitendo,
761 3248 952 3298 quonjam
969 3256 991 3282 a
1007 3255 1069 3281 me
1087 3244 1172 3291 ipso
1189 3245 1345 3279 contur-

315 3323 408 3359 bata
437 3322 492 3357 est
523 3313 808 3363 delinquendo.
835 3312 886 3348 De
910 3308 1022 3346 tertio
1042 3308 1081 3341 ¹¹:
1107 3318 1125 3339 ι(
1149 3305 1346 3342 Infirmata

361 3421 367 3437 ¹
395 3419 421 3449 ll
449 3414 612 3467 Paralip.3
644 3420 712 3452 vix,
742 3412 772 3442 3.
795 3426 831 3433 -
864 3404 1025 3480 ’'Eccl'i„
1046 3412 1107 3482 mlx,
1130 3401 1347 3482 {qh—11³5?

320 3460 677 3551 &resistere
688 3457 940 3545 ffffifffgssfi·
952 3460 1017 3534 ἑξ
1019 3461 1093 3523 11²0·
1110 3459 1345 3537 aalma

981 237 1256 283 ExpufflTlo
1289 236 1339 278 ΙΝ
1370 235 1719 277 PSALTERIUM.

1382 328 1458 370 est,
1486 336 1572 373 quae
1603 324 1757 373 peperit
1784 325 1933 371 septem
1955 323 2078 370 filios3
2112 323 2252 361 defecit
2280 324 2413 361 anima

1382 387 1487 434 ejus,
1513 386 1656 423 occidit
1679 386 1714 423 ei
1740 385 1820 430 sol,
1847 395 1937 422 cum
1967 384 2096 422 adhuc
2128 388 2225 422 esset
2247 386 2281 422 ei
2307 386 2410 432 dies;

1384 448 1545 485 confusa
1566 451 1635 493 est,
1656 451 1691 485 et
1714 447 1869 485 erubuit
1886 460 1893 483 :
1918 446 2000 484 haec
2020 448 2075 482 est
2095 446 2228 482 anima
2247 446 2287 482 in
2306 448 2412 494 prin-

1384 511 1487 558 cipio
1508 511 1670 556 fervida,
1693 511 1732 547 in
1753 510 1884 547 medio
1913 509 2065 558 tepida,
2092 507 2133 544 in
2153 508 2229 544 fine
2249 507 2411 554 frigida,

1384 583 1519 610 carens
1530 573 1610 609 vita
1623 572 1870 623 gratiae,non
1886 574 2048 616 naturae,
2063 581 2151 618 quae
2164 569 2414 607 confunditur

1385 635 1425 671 in
1446 634 1703 680 confessione,
1726 637 1762 671 et
1779 634 1971 671 erubescit
1990 633 2030 670 in
2051 626 2327 677 satisfactione,
2348 633 2417 668 Do-

1385 696 1494 733 mino
1514 696 1735 732 miserante.

1724 802 1750 837 Α
1761 801 1913 837 rticulus
1941 803 2081 837 tertius.

1435 882 1720 920 Humiliationis
1747 883 1927 920 discretio
1949 883 2170 929 denotatur,
2194 894 2284 920 cum
2302 883 2416 920 addi-

1388 948 1469 982 tur:
1495 946 1645 991 Vz'vv'fica
1665 956 1729 982 me.
1759 948 1852 982 Ecce
1877 945 2012 992 petitio
2035 945 2220 991 discreta,
2246 955 2325 993 qua
2349 955 2418 993 pe-

1389 1007 1478 1043 titur
1493 1007 1630 1052 venia,
1653 1018 1732 1055 qua
1749 1007 1884 1044 habita
1909 1007 2076 1044 habetur
2097 1008 2189 1044 vita.
2212 1008 2287 1045 Sed
2305 1010 2418 1054 nota,

1389 1069 1500 1116 quod
1525 1069 1666 1116 triplex
1691 1071 1770 1107 vita
1787 1070 1990 1118 poenitenti
2013 1073 2068 1107 est
2097 1070 2334 1116 necessaria,
2361 1072 2420 1106 ut-

1389 1134 1479 1178 pote
1491 1131 1570 1168 vita
1582 1134 1745 1177 naturae,
1755 1132 1835 1169 vita
1848 1133 1993 1178 gratiae,
2011 1133 2090 1169 vita
2105 1132 2259 1178 gloriae:
2276 1132 2420 1180 prima,

1390 1196 1551 1240 propter
1570 1193 1806 1241 poenitentiae
1832 1195 2024 1241 spatium3
2051 1194 2243 1240 secunda,
2263 1196 2422 1242 propter

1390 1256 1625 1304 poenitentiae
1645 1256 1846 1300 meritum3
1868 1257 1992 1302 tertia,
2011 1259 2173 1304 propter
2188 1257 2422 1304 poenitentiae

1392 1318 1610 1366 praemium.
1634 1320 1737 1355 Hanc
1766 1318 1958 1365 triplicem
1977 1318 2097 1355 vitam
2115 1318 2270 1355 videtur
2292 1321 2423 1365 petere

1394 1379 1589 1417 dicendo:
1623 1382 1777 1425 Vivisica
1802 1391 1869 1416 me.
1900 1382 1950 1416 De
1976 1379 2105 1427 primo
2127 1381 2140 1402 ⁸
2164 1392 2171 1416 :
2195 1392 2212 1414 «
2237 1380 2426 1427 Apparuit

1393 1442 1534 1479 mulier
1561 1442 1671 1488 cnjus
1696 1442 1824 1478 filium
1845 1442 2121 1486 vivificaverat,
2147 1456 2163 1476 »
2190 1441 2334 1478 scilicet
2357 1441 2427 1478 Eli-

1395 1516 1512 1550 saeus,
1539 1504 1608 1540 ubi
1637 1504 1810 1551 loquitur
1838 1504 1886 1540 de
1915 1503 2200 1549 vivificatione,
2234 1505 2426 1550 quantum

1395 1567 1447 1603 ad
1467 1567 1588 1603 vitam
1606 1568 1766 1603 naturae.
1787 1569 1838 1603 De
1853 1566 2027 1603 secundo
2040 1566 2072 1602 9;
2088 1580 2104 1599 «
2121 1565 2224 1603 Sicut
2244 1565 2285 1602 in
2303 1565 2427 1602 Adam

1398 1639 1535 1666 omnes
1561 1628 1796 1674 moriuntur,
1824 1628 1877 1664 ita
1902 1629 1943 1664 in
1967 1628 2116 1664 Christo
2143 1638 2280 1665 omnes
2305 1627 2429 1664 vivifi-

1399 1691 1610 1736 cabuntur3
1633 1704 1650 1724 »
1674 1690 1786 1737 quasi
1807 1690 1936 1726 dieat:
1961 1691 2063 1726 Sicut
2082 1689 2207 1726 Adam
2224 1689 2306 1736 {fuit
2323 1688 2430 1736 prin-

1399 1753 1546 1800 cipium
1566 1752 1876 1789 mortificationis
1890 1755 2014 1788 morte
2031 1751 2168 1798 culpae,
2186 1751 2239 1788 ita
2260 1751 2430 1787 Christus

1400 1816 1470 1852 erit
1505 1813 1743 1862 principium
1778 1813 2052 1850 vivificationis
2088 1813 2167 1849 vita
2205 1812 2349 1860 gratiae.
2381 1814 2430 1848 De

1399 1876 1510 1913 tertio
1536 1876 1583 1912 ¹0:
1606 1888 1623 1909 «
1643 1875 1887 1923 Quicumque
1905 1874 2100 1922 quaesierit
2119 1874 2293 1911 animam
2321 1883 2433 1910 suam

1401 1939 1551 1976 salvam
1570 1938 1714 1985 facere,
1728 1938 1867 1986 perdet
1883 1938 2013 1984 illam;
2029 1940 2065 1974 et
2084 1937 2326 1985 quicumque
2346 1946 2435 1984 per-

1402 2001 1545 2038 diderit
1569 2000 1701 2047 illam,
1719 2000 1934 2038 vivificabit
1954 2010 2042 2037 eam
2065 2012 2073 2036 :
2094 2012 2112 2034 »
2135 2001 2173 2036 et
2190 1999 2365 2047 loquitur
2384 1998 2433 2036 de

1402 2063 1518 2100 beata
1539 2063 1823 2109 vivificatione,
1850 2064 2041 2110 quantum
2066 2062 2114 2099 ad
2142 2061 2264 2106 vitam
2285 2061 2431 2108 gloriae.

1737 2167 1922 2203 Articulus
1940 2168 2102 2212 quartus.

1454 2249 1736 2288 llumiliationis
1766 2248 1924 2286 devotio
1951 2247 2210 2293 subinfertur,
2232 2259 2322 2285 cum
2347 2247 2437 2285 sub-

1406 2313 1540 2350 ditur:
1573 2312 1770 2348 Seeundum
1807 2310 1951 2346 verbum
1985 2313 2104 2356 tuum,
2141 2310 2216 2346 hoc
2248 2311 2324 2355 est,
2356 2320 2438 2347 ver-

1407 2375 1504 2412 bum
1541 2373 1821 2422 promissivum
1859 2372 2112 2419 indulgentiae
2125 2384 2146 2416 ,“
2177 2372 2286 2419 quod
2325 2383 2439 2420 praes-

1407 2437 1616 2474 tolandum
1644 2438 1699 2473 est
1730 2445 1820 2472 cum
1851 2434 2074 2471 devotione.
2105 2435 2148 2471 Et
2180 2437 2297 2480 nota,
2329 2434 2440 2482 quod

1409 2499 1486 2536 hoc
1512 2498 1681 2536 verbum
1701 2494 1757 2534 est
1779 2497 2025 2542 eductivum,
2048 2496 2304 2533 deductivam
2327 2499 2364 2532 et
2383 2507 2441 2532 re-

1412 2560 1635 2598 ductivum:
1656 2559 1785 2596 educit
1804 2569 1978 2606 namque
1995 2569 2017 2595 a
2031 2560 2131 2595 statu
2147 2557 2341 2605 injustitiae
2349 2570 2359 2604 3
2378 2558 2443 2595 de-

1413 2623 1518 2660 ducit
1535 2632 1606 2670 per
1625 2624 1767 2658 statum
1785 2620 2020 2668 poenitentiae
2031 2633 2041 2667 ;
2063 2620 2214 2656 reducit
2232 2620 2283 2657 ad
2301 2623 2442 2657 statum

1409 2685 1575 2731 Justitiae.
1603 2686 1653 2720 De
1681 2683 1811 2730 primo
1841 2682 1964 2719 verbo
1994 2682 2016 2704 ¹¹
2041 2694 2049 2718 :
2076 2682 2305 2727 «Verbum,
2333 2681 2444 2728 quod

1412 2746 1546 2795 pepigi
1576 2745 1803 2790 vobiscum,
1828 2755 1917 2782 eum
1949 2743 2235 2791 egrederemini
2261 2743 2311 2779 de
2343 2745 2445 2780 terra

1414 2807 1568 2855 AEgypti
1585 2820 1594 2843 ι
1616 2821 1634 2842 »
1661 2817 1748 2843 ecce
1768 2806 1935 2843 verbum
1955 2805 2179 2842 eductivum
2207 2805 2256 2841 de
2276 2807 2376 2842 statu
2391 2805 2447 2841 in-

1411 2870 1566 2916 justitiae
1585 2879 1656 2916 per
1675 2870 1887 2915 AEgyptum
1912 2867 2084 2913 signatae.
2113 2869 2163 2903 De
2190 2866 2363 2904 secundo
2392 2867 2443 2903 ¹²:

1420 2945 1438 2966 α
1459 2934 1528 2968 Per
1545 2931 1714 2967 verbum
1734 2929 1888 2967 Domini
1908 2929 2085 2975 figebant
2102 2927 2288 2975 tentoria,
2316 2931 2353 2965 et
2376 2938 2447 2975 per

1415 2994 1583 3030 verbum
1608 2992 1690 3039 ejus
1714 2991 2093 3040 proficiscebantur:
2119 3004 2137 3025 »
2167 3001 2256 3028 ecce
2282 2990 2448 3028 verbum

1418 3055 1671 3092 deductivum
1684 3065 1754 3102 per
1770 3054 1875 3090 viam
1890 3053 2144 3101 poenitentiae,
2164 3063 2234 3100 per
2253 3052 2449 3090 desertum

1417 3118 1606 3164 figuratae.
1623 3119 1674 3153 De
1687 3116 1800 3153 tertio
1818 3117 1844 3141 ¹³
1860 3129 1868 3152 ε
1891 3128 1908 3149 (ι
1924 3115 2125 3152 Suscitabo
2146 3125 2264 3162 super
2281 3125 2352 3151 vos
2367 3124 2450 3151 ver-

1418 3181 1515 3218 bum
1535 3191 1668 3217 meum
1688 3180 1861 3225 bonum,
1883 3181 1926 3215 ut
1950 3178 2136 3216 reducam
2157 3187 2228 3214 vos
2248 3176 2300 3214 ad
2317 3176 2450 3212 locum

1419 3243 1557 3280 istum:
1585 3256 1602 3277 »
1630 3252 1727 3279 ecce
1760 3241 1928 3278 verbum
1956 3240 2203 3278 reductivum
2229 3237 2282 3275 ad
2308 3238 2450 3274 statum

1417 3305 1570 3352 justitiae
1590 3315 1658 3352 per
1676 3303 1915 3341 Hierusalem
1936 3302 2160 3348 designatae.

1422 3420 1462 3427 —
1482 3404 1491 3422 ⁷
1512 3403 1646 3442 Jerem.,
1665 3409 1724 3443 XV,
1743 3401 1840 3434 9.—⁸
1854 3401 1895 3432 lV
1913 3400 2094 3440 Req.,v111‚
2114 3399 2207 3429 15.—
2225 3397 2260 3427 ⁹1
2285 3395 2374 3435 Cor„
2392 3405 2450 3436 xv,

1422 3451 1473 3482 22.
1495 3467 1534 3474 —
1558 3451 1583 3473 ²⁰
1601 3450 1679 3489 Luc,
1699 3455 1793 3489 xvu,
1813 3448 1864 3479 33.
1887 3463 1927 3471 -
1949 3447 1968 3464 ¹¹
1988 3447 2086 3487 2199„
2109 3452 2152 3484 Π,
2175 3446 2206 3476 G.
2229 3461 2263 3467 —
2290 3444 2314 3465 ¹²
2336 3443 2450 3484 Num„

1424 3505 1476 3537 lx,
1500 3499 1553 3529 23.
1574 3513 1612 3521 -
1640 3497 1665 3518 ¹³
1682 3497 1817 3535 Mrem„
1836 3501 1935 3534 xxix,
1960 3495 2009 3524 10.

2461 948 2578 984 Triplex

2439 992 2496 1018 vita
2515 1000 2577 1027 poe-

2458 1032 2561 1060 nitenti

2442 1081 2578 1100 neeessa-

2440 1115 2494 1141 ria.
