2633 3878
271 213 323 252 94
968 194 1255 241 ILLUMINAT
1265 193 1422 236 lONES
1452 193 1717 236 ECCLESIAE

271 298 457 340 cundum
488 295 711 338 veritatem
741 289 1039 334 obscurabitur
1077 298 1153 340 per
1184 296 1300 326 erro-

272 381 377 410 rem.
406 367 489 408 Alii
513 368 655 407 autem
683 364 857 405 stabunt
881 358 1114 407 fortissimi,
1142 356 1219 397 etsi
1238 355 1305 396 vi·-

273 441 452 481 deantur
475 437 646 479 obscuri
667 437 874 489 quantum
901 431 953 472 ad
977 428 1302 482 reputationem.

273 510 347 551 Hae
374 512 473 551 sunt
492 511 678 562 quatuor
704 506 829 547 facies
850 501 1113 548 animalium,
1137 501 1178 539 et
1199 497 1305 538 duo-

273 581 409 624 decim
438 580 615 631 lumina,
646 578 699 619 ad
728 588 825 631 quae
853 574 1118 615 reducuntur
1146 569 1303 617 omnia,

273 666 371 707 quae
391 654 434 694 in
463 653 680 705 Scriptura
699 649 983 691 continentur.

618 802 810 849 SERMO
842 802 963 847 XIV.

281 921 327 955 De
351 919 518 965 mysterio
536 925 645 951 sacrae
665 914 858 960 Scripturae
882 913 967 947 ante
994 910 1118 954 leqcm,
1139 907 1200 943 sub
1223 907 1306 952 leqe,

350 981 382 1014 et
397 980 479 1024 post
498 977 618 1023 leycm,
642 977 675 1011 et
696 974 738 1010 de
758 973 881 1020 fiquris
900 980 1009 1007 sacrae
1031 969 1240 1014 Scripturae.

331 1088 341 1108 ¹
367 1086 579 1130 Germinet
599 1087 713 1127 terra
729 1080 895 1124 heo-bam
916 1079 1121 1121 virentem
1146 1075 1309 1127 facien-

280 1162 359 1200 tem
393 1168 552 1207 semen,
581 1157 660 1197 etc.
695 1153 859 1194 Dictum
892 1153 981 1200 est,
1019 1147 1202 1201 qualiter
1236 1157 1309 1198 per

279 1228 638 1281 congregationes
658 1236 870 1278 aquarum
903 1220 1204 1271 intelliguntur
1224 1217 1306 1270 spi-

278 1300 449 1341 rituales
481 1296 776 1349 intelligentiae
805 1294 1035 1346 Scripturae
1052 1306 1062 1341 3
1088 1290 1213 1330 modo
1244 1289 1306 1329 di-

279 1373 482 1423 cendum,
504 1371 684 1424 qualiter
712 1380 788 1422 per
811 1364 1166 1420 germinationem
1188 1365 1310 1402 terrae

282 1443 582 1496 intelliguntur
627 1442 786 1493 figurae
831 1434 1171 1478 sacramentales.
1219 1431 1311 1473 Non

279 1515 394 1555 enim
417 1515 508 1554 sine
525 1513 689 1554 ratione
710 1523 783 1564 per
804 1508 1161 1562 germinationem
1185 1507 1311 1545 terrae

280 1586 530 1638 intelligitur
551 1584 765 1637 Scriptura
784 1593 913 1632 sacra,
939 1578 1176 1620 secundum
1197 1575 1312 1629 quod

281 1658 406 1698 babet
437 1658 600 1709 figuras
629 1654 942 1707 germinantes,
973 1653 1014 1690 et
1032 1649 1312 1702 producentes

282 1729 582 1783 pullulationes
622 1727 666 1767 in
702 1726 860 1766 anima.
901 1721 1159 1764 Germinatio
1198 1719 1311 1760 enim

282 1806 406 1843 terrae
427 1804 488 1842 est
511 1799 675 1849 vivida,
696 1797 936 1846 uberrima,
960 1795 1161 1843 venusta,
1184 1794 1224 1833 et
1242 1791 1312 1831 vi-

283 1886 431 1927 gorem
457 1872 632 1913 habens.
664 1869 760 1911 Ideo
781 1867 1038 1922 qermz'navz‘t
1074 1868 1188 1908 terra
1218 1863 1310 1905 her-

283 1946 376 1988 bam
409 1946 639 1993 virentem,
670 1943 710 1982 et
738 1940 782 1980 in
810 1940 891 1980 hoc
923 1936 1177 1986 ostenditur,
1200 1933 1312 1987 quod

283 2020 547 2059 sacramenta
567 2014 798 2067 Scripturae
811 2043 821 2062 ,
845 2022 943 2064 quae
963 2008 1149 2050 exterius
1168 2006 1313 2047 viden-

253 2097 257 2100 *
284 2092 354 2130 tur
381 2088 518 2139 arida,
541 2087 655 2127 intus
675 2086 774 2125 sunt
785 2083 902 2124 viva.
925 2080 976 2121 Et
1000 2080 1081 2120 hoc
1101 2077 1208 2119 dixit
1227 2075 1314 2117 Sal-

285 2163 403 2203 vator
416 2159 573 2201 Judaeis
591 2159 605 2179 ‘²
628 2172 636 2198 :
667 2172 685 2195 α
706 2152 965 2196 Scrutamini
985 2151 1249 2203 ScripturaS,
1269 2149 1314 2188 in

284 2232 440 2286 quibus
460 2242 536 2272 vos
550 2227 704 2282 putatis
714 2227 845 2268 vitam
859 2224 1033 2265 habere.
1051 2237 1070 2260 ))
1088 2220 1213 2262 Nulla
1233 2220 1315 2260 alia

285 2303 492 2356 scriptura
512 2300 643 2342 vitam
663 2298 754 2348 dat,
774 2295 855 2336 nisi
873 2295 979 2335 haec.
1004 2291 1124 2333 Unde
1140 2291 1153 2312 ³
1176 2304 1184 2331 :
1211 2305 1231 2328 «
1248 2289 1315 2330 Vi-

286 2375 407 2417 vifica
440 2385 509 2414 me
541 2369 775 2412 secundum
810 2365 1027 2418 eloquium
1059 2366 1198 2404 tuum.
1222 2376 1241 2399 ›)
1265 2361 1315 2402 Et

285 2446 436 2488 Petrus
455 2449 469 2469 '⁴
492 2458 501 2485 ε
530 2459 549 2482 «
569 2440 744 2483 Domine
758 2471 767 2489 ‚
789 2438 842 2479 ad
864 2448 993 2490 quem
1012 2434 1201 2476 ibimus?
1225 2445 1316 2475 ver-

285 2519 338 2558 ba
359 2516 457 2558 vitae
479 2516 650 2556 aeternae
677 2510 822 2551 habes.
846 2523 865 2546 »
893 2506 1011 2547 Unde
1038 2518 1123 2546 non
1144 2507 1243 2546 sunt
1263 2504 1312 2544 fl-

286 2599 411 2640 gurae
448 2585 597 2635 aridae,
635 2582 736 2636 quia
772 2581 817 2621 in
855 2578 978 2620 nobis
1010 2580 1110 2618 sunt
1138 2588 1214 2629 per
1247 2587 1317 2616 eas

287 2657 617 2711 germinationes
642 2654 769 2696 vivae.
798 2651 849 2693 Et
876 2651 922 2691 in
950 2649 1244 2691 Ecclesiastico
1268 2652 1280 2672 5
1304 2662 1312 2688 ε

292 2746 311 2769 «
349 2729 534 2770 Gratiam
573 2728 613 2766 et
658 2723 841 2777 speciem
882 2719 1136 2761 desiderabit
1169 2718 1318 2759 oculus

287 2805 408 2851 tuus,
436 2802 477 2840 et
504 2808 627 2850 super
655 2795 735 2836 1106
766 2792 922 2834 virides
949 2790 1144 2831 sationes.
1168 2803 1186 2827 ›>
1213 2789 1316 2829 Item

289 2871 544 2927 germinatio
576 2871 638 2909 est
668 2866 885 2908 uberrima
903 2868 915 2890 ὅ
941 2876 950 2904 ;
980 2878 998 2901 α
1017 2862 1201 2903 Visitasti
1229 2864 1315 2902 ter-

285 2957 399 2995 ram,
422 2946 462 2984 et
482 2938 700 2982 inebriasti
720 2948 814 2978 eam
826 2966 839 2986 ,
860 2950 879 2972 n
904 2937 982 2976 etc.
1007 2948 1026 2972 α
1044 2933 1223 2974 Flumen
1243 2931 1314 2972 Dei

286 3016 494 3070 repletum
521 3014 584 3052 est
604 3009 747 3063 aquis,
769 3023 787 3046 ›)
810 3009 890 3046 etc.
919 3021 938 3044 α
958 3005 1009 3046 Et
1032 3004 1163 3044 valles
1181 3004 1316 3044 abun-

287 3088 449 3130 dabunt
469 3084 698 3125 frumento.
721 3094 739 3118 »)
764 3079 864 3120 Haec
883 3080 998 3118 terra
1018 3075 1126 3117 vivit
1142 3107 1152 3126 ,
1173 3075 1314 3127 viget,

289 3159 487 3201 abundat.
510 3153 730 3197 Uberrima
749 3153 812 3191 est
837 3161 953 3190 sacra
982 3147 1222 3200 Scriptura,
1244 3159 1319 3200 per

288 3231 368 3272 hoc
397 3227 512 3283 quod
532 3226 641 3267 Deus
671 3210 813 3264 {isitat
837 3231 931 3260 eam
964 3230 1041 3258 sua
1069 3217 1316 3268 influentia,

289 3302 521 3355 producens
532 3295 834 3353 pullulationes
844 3291 1094 3334 uberrimas.
1109 3290 1122 3312 ⁷
1140 3305 1159 3329 «
1169 3289 1315 3341 Terra,

335 3433 450 3473 Ἥρη,
471 3440 495 3473 1,
517 3434 568 3463 11.
589 3446 627 3454 -
646 3429 661 3450 ²
676 3429 787 3465 Joan.,
805 3432 839 3465 V,
861 3424 912 3456 39.
929 3441 965 3446 —
985 3422 999 3445 3
1016 3422 1106 3454 Psal.
1125 3429 1244 3462 can,
1266 3423 1317 3452 50.

289 3499 330 3506 -
348 3482 360 3501 ⁴
375 3482 482 3520 Joan„
500 3487 549 3518 VI,
569 3480 618 3510 69.
643 3493 684 3500 -
707 3476 721 3497 '⁵
744 3473 859 3513 Eccli.,
876 3479 933 3512 XL,
952 3472 1006 3503 22.
1023 3487 1065 3494 —
1084 3470 1095 3489 ‘⁵
1112 3469 1203 3502 Psal.
1225 3476 1318 3509 inv,

295 3533 342 3569 ιο,
367 3529 417 3560 14.
436 3545 476 3551 -
499 3528 505 3545 ¹
524 3526 670 3562 Denter„
689 3530 738 3562 iri,
755 3523 804 3561 10,
830 3523 880 3552 11.
896 3536 937 3543 -
954 3518 968 3540 ⁸
985 3519 1133 3559 neuter„
1151 3518 1320 3558 xxxl1,1,

1376 296 1504 337 quam
1524 283 1701 325 intrabis
1729 284 2026 338 possidendam
2044 315 2055 332 ‚
2076 296 2173 325 non
2207 286 2268 325 est
2300 284 2408 326 sicut

1376 359 1489 397 terra
1517 355 1691 409 AEgypti
1711 387 1721 405 ‚
1755 368 1852 409 quae
1881 356 2114 408 irrigatum
2146 356 2218 396 sed
2247 356 2298 397 de
2322 368 2406 397 coe-

1376 426 1438 477 lo,
1461 441 1479 465 »
1503 430 1580 467 etc.
1603 425 1697 467 Non
1722 427 1836 467 enim
1859 430 1920 468 est
1945 427 2053 467 sicut
2072 429 2236 467 caeterae
2266 426 2402 467 scien-

1377 497 1474 548 tiae3
1501 498 1573 538 sed
1593 511 1686 539 eam
1711 497 1819 539 Deus
1840 499 1994 541 visitat.
2017 498 2029 519 ⁸
2055 513 2074 536 (ι
2096 497 2274 538 Attende
2288 529 2300 548 ,
2323 509 2408 538 coe-

1378 569 1469 610 lum
1486 602 1496 621 ,
1532 572 1574 610 et
1604 569 1748 610 audiat
1778 571 1917 620 terra;
1950 571 2217 618 concrescat,
2238 571 2286 609 ut
2313 568 2410 621 plu-

1379 641 1450 682 via
1468 672 1478 691 ,
1501 640 1691 681 doctrina
1712 652 1835 680 mea:
1865 640 1989 691 fluat,
2013 643 2060 681 ut
2090 652 2161 680 ros
2190 639 2409 692 eloquium

1379 723 1541 752 meum.
1584 710 1710 759 Quasi
1732 710 1869 751 imber
1898 723 2025 763 super
2053 711 2255 762 herbam,
2282 724 2301 747 »
2328 711 2407 752 etc.

1381 781 1504 822 Recte
1520 781 1598 821 iste
1618 783 1679 822 est
1698 792 1768 821 ros
1785 796 1795 831 3
1818 781 2039 821 influentia
2059 782 2210 833 gratiae
2230 780 2411 834 Spiritus

1380 852 1536 904 sancti,
1559 852 1634 906 qui
1652 851 1792 893 visitet
1812 852 2072 905 Scripturam
2081 883 2094 903 ,
2118 854 2158 892 et
2181 851 2225 892 in
2245 864 2328 905 qua
2348 852 2411 892 in-

1381 924 1526 964 venies
1545 924 1748 965 fructum.
1773 923 1890 964 Unde
1910 923 2090 965 dicitur⁹
2112 938 2121 965 :
2147 938 2166 963 ε(
2186 923 2290 964 Ε666
2309 923 2412 964 odor

1381 993 1456 1034 filii
1494 995 1606 1046 mei,
1635 994 1743 1035 sicut
1770 995 1873 1035 odor
1904 994 2000 1047 agri
2030 994 2160 1047 pleni.
2196 1008 2215 1032 »
2255 994 2358 1035 Item
2398 1008 2407 1034 ε

1387 1081 1406 1104 <‹
1425 1064 1499 1106 Det
1518 1065 1593 1106 tibi
1615 1065 1725 1106 Deus
1752 1066 1803 1107 de
1826 1078 1922 1106 rore
1941 1065 2034 1106 coeli
2048 1097 2060 1117 ,
2084 1067 2125 1107 et
2149 1065 2200 1106 de
2225 1066 2413 1119 pingue-

1382 1137 1481 1178 dine
1502 1141 1625 1179 ierrae
1644 1138 1963 1179 abundantiam.
1989 1152 2008 1175 ›)
2034 1137 2114 1179 Iste
2139 1137 2264 1179 Jacob
2283 1138 2413 1179 bene-

1382 1209 1523 1250 dicens
1543 1212 1606 1250 est
1635 1209 1850 1262 Scriptura
1882 1221 2023 1260 sacra,
2045 1209 2113 1251 vel
2130 1209 2197 1250 vir
2217 1209 2413 1263 spiritua-

1379 1281 1433 1321 lis
1452 1281 1497 1321 in
1529 1293 1578 1322 ea
1599 1281 1763 1331 doetus,
1793 1293 1845 1321 ex
1873 1293 1957 1333 quo
1985 1281 2088 1321 odor
2110 1281 2317 1334 procedit,
2339 1282 2410 1334 qui

1385 1364 1460 1406 per
1481 1352 1744 1405 Scripturam
1764 1352 1951 1392 abundat
1971 1351 2141 1392 cuilibet
2160 1351 2410 1404 intellectui;

1382 1424 1608 1465 fructificat
1622 1426 1832 1477 quantum
1846 1423 1898 1464 ad
1914 1423 2164 1475 allegoriam
2181 1437 2200 1462 (‹
2221 1422 2414 1464 frumen-

1384 1495 1443 1546 ti;
1476 1509 1495 1533 »
1539 1497 1747 1548 quantum
1779 1495 1830 1535 ad
1868 1494 2151 1547 tropologiam
2200 1509 2220 1533 ((
2243 1494 2334 1534 vini
2356 1509 2365 1535 ;
2387 1510 2406 1533 »

1385 1570 1594 1621 quantum
1622 1566 1674 1607 ad
1705 1565 1946 1618 analogiam
1989 1565 2108 1606 «olei
2129 1578 2139 1607 ε
2162 1580 2181 1604 ))
2206 1565 2308 1618 quia
2337 1566 2415 1606 iste

1385 1650 1532 1679 sensus
1552 1640 1614 1678 est
1633 1636 1825 1689 superior
1843 1636 1959 1687 aliis,
1985 1636 2092 1676 sicut
2110 1636 2252 1677 oleum
2274 1637 2412 1678 omni—

1385 1710 1466 1751 bus
1503 1708 1740 1762 liquoribus
1778 1710 2038 1760 supernatat.
2083 1706 2187 1747 Item
2224 1706 2318 1747 haec
2354 1710 2417 1748 est

1387 1779 1645 1833 germinatio
1664 1781 1858 1821 venusta.
1881 1777 2040 1819 Verum
2070 1780 2150 1828 est,
2184 1778 2297 1831 quod
2326 1778 2417 1831 ipsa

1386 1851 1636 1893 scabrositas
1666 1849 1850 1892 exterior
1880 1849 1977 1889 facit
2002 1861 2096 1889 eam
2125 1848 2316 1902 reputari
2344 1850 2417 1889 de-

1385 1924 1588 1972 formem3
1610 1923 1651 1962 et
1682 1924 1826 1961 tamen
1854 1932 1908 1961 ex
1938 1920 2019 1961 1106
2039 1922 2102 1960 est
2130 1919 2417 1972 pulcherrima

1386 1997 1425 2035 et
1453 1993 1652 2047 speciosa.
1676 1993 1704 2015 ¹0
1731 1991 1899 2044 «Nigra
1918 2003 2039 2042 sum,
2068 1991 2140 2032 sed
2169 1991 2369 2032 formosa.
2392 2005 2410 2030 υ

1386 2063 1504 2106 Unde
1515 2064 1668 2106 dicitur
1686 2063 1733 2103 in
1752 2063 1899 2105 Genesi
1913 2063 1939 2088 ¹1
1962 2076 1971 2103 ι
1992 2061 2291 2104 «Plantaverat
2308 2061 2417 2103 Deus

1385 2136 1629 2190 paradisum
1651 2134 1881 2187 voluptatis
1897 2146 1922 2174 a
1939 2132 2162 2186 principio,
2178 2132 2223 2172 in
2244 2145 2329 2185 quo
2347 2144 2418 2186 po-

1386 2209 1472 2249 suit
1491 2208 1711 2249 hominem
1739 2218 1867 2260 quem
1891 2204 2104 2246 formavit.
2127 2204 2417 2258 Produxitque

1387 2280 1591 2321 Dominus
1607 2279 1717 2320 Deus
1737 2290 1862 2319 omne
1889 2277 2060 2329 lignum
2080 2275 2417 2329 pulcherrimum

1389 2352 1499 2403 visu,
1518 2356 1559 2392 et
1573 2351 1626 2392 ad
1645 2350 1900 2393 vescendum
1921 2360 2064 2389 suave.
2088 2347 2278 2399 Lignum
2291 2347 2418 2388 etiam

1387 2423 1488 2466 vitae
1509 2424 1553 2463 in
1569 2422 1715 2464 ‘medio
1733 2421 1931 2475 paradisi,
1953 2420 2126 2472 lignum
2139 2418 2266 2460 etiam
2287 2418 2420 2459 scien-

1388 2494 1458 2535 tiae
1469 2494 1569 2535 boni
1585 2497 1625 2535 et
1635 2493 1751 2534 mali.
1765 2508 1783 2530 »
1802 2492 1881 2533 Per
1891 2491 2013 2544 IIgna
2021 2490 2169 2531 suavia
2177 2491 2218 2530 et
2229 2488 2417 2542 pulchra,

1389 2565 1694 2618 intelliguntur
1751 2565 2014 2604 sacramenta
2065 2561 2383 2614 Scripturarum
2403 2591 2418 2612 ,

1390 2649 1487 2690 quae
1506 2648 1711 2689 magnam
1722 2635 1881 2676 habent
1890 2632 2248 2687 pulchritudinem
2255 2646 2265 2682 ;
2279 2635 2422 2673 tamen

1390 2721 1478 2749 non
1496 2709 1702 2761 apparent
1720 2706 1900 2760 pulchra
1913 2737 1923 2756 ,
1945 2705 2027 2745 nisi
2049 2716 2104 2745 ex
2129 2704 2421 2745 conformitate

1390 2777 1731 2833 repraesentantis
1749 2777 1804 2818 ad
1834 2778 2158 2830 repraesentata;
2180 2777 2326 2816 tamen
2344 2774 2422 2816 ista

1390 2853 1510 2905 ligna
1531 2853 1632 2891 sunt
1662 2849 1861 2903 pulchra,
1883 2851 1924 2889 et
1950 2848 2077 2889 etiam
2102 2847 2307 2888 ordinata.
2335 2846 2418 2888 Pu-

1390 2926 1482 2965 tant
1513 2921 1667 2975 aliqui,
1697 2921 1811 2974 quod
1839 2921 1918 2961 ista
1951 2921 2232 2971 sacramenta,
2263 2922 2304 2959 et
2329 2918 2422 2959 haec

1393 2995 1623 3048 scriptura,
1644 2995 1702 3034 Ita
1721 2993 1774 3034 sit
1794 2993 1948 3046 posita,
1973 2994 2021 3032 ut
2037 2992 2166 3032 homo
2185 2990 2305 3044 ponit
2324 3001 2422 3031 sen-

1391 3068 1568 3109 tentiam
1602 3069 1697 3119 post
1721 3065 1997 3115 sententiam,
2022 3064 2095 3117 qui
2122 3063 2280 3104 litteras
2306 3061 2417 3102 facit.

1391 3138 1485 3182 Non
1504 3142 1566 3179 est
1584 3139 1644 3179 ita
1659 3170 1669 3188 ,
1691 3138 1794 3191 quia
1819 3136 2128 3177 ordinatIssima
2155 3136 2237 3185 est,
2259 3135 2300 3174 et
2318 3132 2421 3173 ordo

1392 3212 1483 3262 ejus
1505 3207 1737 3250 consimilis
1758 3209 1818 3248 est
1837 3207 1976 3247 ordini
1995 3209 2182 3255 naturae,
2202 3204 2248 3244 in
2267 3202 2422 3255 germi-

1391 3281 1565 3322 natione
1583 3283 1722 3321 terrae.
1748 3278 1810 3319 Ibi
1837 3278 1951 3319 enim
1978 3281 2040 3319 est
2069 3276 2206 3330 primo
2228 3275 2331 3316 fixio
2350 3286 2419 3315 ra-

1392 3352 1535 3394 dicum
1551 3366 1561 3402 ;
1586 3350 1770 3392 secundo
1800 3348 2020 3402 productio
2052 3347 2329 3391 viridantium
2357 3345 2420 3387 fo-

1392 3462 1423 3492 2.
1441 3477 1477 3483 -
1492 3460 1506 3482 ⁹
1524 3459 1621 3499 Gen„
1639 3467 1747 3500 xxvii,
1766 3460 1818 3499 27,
1837 3459 1889 3490 28.
1904 3474 1941 3481 —
1962 3456 1987 3478 ¹⁰
2004 3456 2117 3496 Cant„
2136 3464 2159 3497 1,
2177 3458 2207 3487 4.
2223 3472 2262 3478 -
2281 3455 2304 3476 ¹¹
2324 3454 2418 3496 Gen„

1396 3517 1432 3548 ιι,
1450 3509 1468 3540 8
1488 3510 1522 3539 et
1540 3516 1612 3549 seq.
