2633 3878
113 3214 206 3250 Coph-

78 3335 186 3364 nesah.

1094 178 1338 221 PSALMUS
1367 177 1540 220 CXVIII.

252 274 362 322 quod
385 284 466 311 non
486 273 720 310 consentiret
738 271 895 309 malitiae
916 270 1080 307 scienter
1100 271 1136 306 et
1154 268 1281 306 liben-

251 338 323 382 ter,
353 336 420 384 qui
449 336 544 384 petit
571 336 705 371 lumen
731 332 1016 380 intelligentiae,
1043 343 1093 368 ne
1120 331 1282 368 fortasse

253 398 467 435 consentiat
497 397 725 434 nescienter.
764 396 829 432 Hic
860 397 987 443 potest
1018 393 1144 431 notari
1173 393 1284 440 quod

252 461 452 509 tripliciter
484 459 676 506 contingit
702 459 942 495 intellectum
975 457 1061 494 dari
1094 469 1102 493 :
1140 456 1285 493 scilicet

252 522 484 567 mentaliter,
504 521 705 566 vocaliter,
726 519 961 557 manualiter
983 532 990 555 ε
1018 519 1094 556 hoc
1116 520 1193 564 cst,
1213 529 1285 566 per

251 584 581 621 illuminationem
613 583 813 630 divinam,
844 594 914 631 per
946 582 1162 619 verborum
1194 581 1286 617 doc-

252 647 392 683 trinam
406 674 417 690 ,
433 656 504 693 per
521 646 731 682 verberum
746 645 1010 693 disciplinam.
1034 646 1084 681 De
1104 643 1233 691 primo
1248 643 1258 663 ¹
1274 655 1282 679 :

257 721 274 742 «
294 707 405 744 Dabit
423 707 493 744 tibi
514 707 700 744 Dominus
719 707 760 743 in
779 707 965 743 omnibus
984 706 1246 743 intellectum:
1263 719 1280 740 »

252 778 340 804 ecce
355 767 462 803 datio
479 766 674 803 mentalis.
697 768 746 802 De
767 766 942 802 secundo
958 765 1120 801 scibitur
1139 775 1161 800 a
1182 763 1286 800 Psal-

251 829 473 876 mographo
497 828 511 848 ²
541 841 549 865 ε
582 843 599 862 «
625 827 839 865 Declaratio
871 838 1100 864 sermonum
1126 830 1287 863 tuorum

250 890 467 936 illuminat,
491 892 528 927 et
548 891 786 927 intellectum
817 890 883 926 dat
901 889 1078 937 parvulis
1101 901 1109 925 ι
1128 903 1145 923 »
1177 888 1287 936 quod

250 954 378 1000 potest
391 951 515 999 accipi
530 952 579 988 de
607 952 765 988 datione
789 951 931 988 vocali.
949 954 998 987 Dc
1013 951 1168 988 tertio³:
1189 964 1207 985 «
1221 953 1288 987 Ve-

251 1013 357 1051 xatio
385 1014 496 1051 dabit
514 1015 754 1052 intellectum
787 1013 940 1051 auditui
960 1027 968 1051 :
990 1028 1007 1049 »
1033 1014 1143 1062 quod
1162 1015 1289 1062 potest

253 1076 397 1124 exponi
417 1077 466 1114 de
487 1077 645 1115 datione
665 1077 855 1114 manuali.

683 1186 857 1228 Epilogus.

298 1269 342 1304 Et
369 1266 446 1303 hoc
475 1269 551 1312 est,
588 1266 699 1314 quod
727 1267 780 1303 ait
813 1264 1167 1314 psalmographus,
1199 1276 1289 1303 con-

251 1329 547 1367 demnationem
566 1329 856 1378 impatientium
878 1329 930 1366 ad
949 1332 1105 1377 tempus
1125 1329 1288 1366 creden-

250 1393 349 1428 tium
363 1419 375 1437 ,
395 1391 466 1428 sed
485 1391 527 1428 in
547 1394 724 1439 tempore
749 1391 973 1428 tentationis
991 1391 1261 1428 recedentium
1274 1419 1287 1437 ,

250 1453 545 1501 intelligibiliter
565 1453 866 1500 contemplatus,
885 1456 922 1490 et
940 1453 1176 1490 sensibiliter
1195 1464 1288 1490 con-

249 1518 408 1553 testatus
432 1527 441 1551 :
462 1517 646 1562 AEquz'tas,
678 1517 870 1564 quantum
897 1516 949 1553 ad
975 1516 1199 1563 aequitatem
1224 1516 1290 1562 ju-

250 1579 472 1626 dicantem;
498 1580 716 1616 Testimom'a
736 1583 826 1623 tua,
848 1581 1042 1626 quantum
1067 1579 1119 1615 ad
1150 1579 1288 1615 verita-

248 1643 328 1678 tem
351 1641 648 1688 testificantem,
673 1641 737 1678 vel
769 1640 993 1678 testimonia
1022 1641 1286 1688 indicantem,

248 1706 294 1741 In
312 1707 480 1740 oetermtm
491 1732 504 1750 ,
524 1705 718 1751 quantum
739 1704 791 1740 ad
815 1703 1062 1740 severitatem
1081 1703 1288 1740 vindican-

248 1768 327 1802 tem
337 1779 348 1813 3
379 1767 604 1803 Intellectum
631 1766 680 1802 da
710 1767 827 1812 mihi,
861 1769 894 1802 et
926 1768 1070 1813 vivam,
1093 1767 1287 1814 quantum

249 1828 301 1865 ad
323 1829 583 1866 sinceritatem
599 1828 900 1876 supplicantem.

448 1989 768 2025 CAPITULUM
811 1988 1079 2026 DECIMUM.

564 2111 784 2139 VERSICULUS
810 2111 960 2139 PRIMUS.

268 2227 271 2228 ν
295 2209 375 2244 145.
399 2207 564 2243 clamavi
583 2208 623 2242 in
639 2208 708 2242 toto
730 2206 846 2250 corde,
867 2208 939 2242 etc.
963 2208 1060 2243 Ecce
1080 2206 1282 2243 decimum

246 2269 462 2318 capitulum
486 2280 495 2305 :
515 2267 679 2315 excipite
700 2267 902 2304 decimum
921 2267 1132 2305 ferculum.
1158 2271 1280 2306 Exce-

243 2332 352 2379 pistis
375 2331 423 2368 de
451 2341 574 2367 manu
593 2330 754 2377 capituli
772 2330 1028 2377 praecedentis
1054 2330 1281 2378 promissio-

244 2404 336 2430 nem
369 2392 574 2439 judicariae
607 2391 841 2438 severitati53
877 2391 1041 2439 excipite
1081 2392 1130 2428 de
1160 2403 1281 2430 manu

244 2455 403 2503 capituli
414 2454 613 2502 praesentis
628 2454 907 2493 admissionem
915 2455 1277 2502 precariaefp'ietatis.

242 2520 317 2555 Nec
345 2517 437 2554 latet
466 2517 710 2554 ferculorum
735 2517 900 2554 istorum
924 2517 1122 2555 ordinatio
1144 2531 1154 2554 .-
1178 2529 1277 2566 quo-

242 2579 351 2616 niam
377 2581 590 2627 antequam
619 2579 852 2616 decernatur
876 2579 1095 2627 jiidicium,
1125 2583 1280 2628 oportet

243 2640 354 2688 quod
372 2640 485 2687 pium
505 2639 556 2676 ab
576 2639 699 2687 impio
722 2640 976 2676 discernatur.
1006 2640 1117 2677 Pium
1145 2643 1277 2678 autem

242 2702 292 2739 ab
318 2703 441 2750 impio
463 2701 711 2748 discernitur,
739 2713 830 2739 cum
848 2702 953 2740 istud
973 2703 1148 2750 admitti,
1175 2704 1276 2741 illud

241 2764 363 2802 emitti
383 2765 645 2802 concernitur.
669 2764 778 2802 Circa
796 2765 962 2813 pietatis,
983 2776 1051 2803 seu
1074 2766 1149 2814 pize
1177 2768 1275 2815 peti—

239 2827 356 2865 tionis
373 2827 656 2865 admissionem
669 2839 833 2875 pensare
847 2839 1058 2876 possumus
1073 2829 1274 2878 duplicem

239 2891 361 2938 ipsius
381 2890 671 2928 conditionem:
694 2891 878 2929 videlicet
892 2892 1131 2939 virilitatem,
1152 2905 1274 2941 quam

240 2954 463 2990 octonarius
483 2954 633 3001 primus
652 2954 922 3003 praeloquitur,
945 2958 981 2992 et
999 2955 1272 3004 humilitatem,

239 3025 360 3062 quam
394 3015 617 3052 octonarius
644 3027 812 3064 sequens
844 3016 1061 3065 exequitur.
1102 3020 1145 3055 Et
1170 3029 1273 3066 quo—

238 3077 345 3114 niam
361 3077 554 3115 virilitatis
575 3080 631 3115 est
649 3079 732 3116 vim
751 3078 914 3122 inferre,
944 3079 1173 3117 humilitatis
1202 3092 1271 3119 au-

238 3141 316 3177 tem
343 3139 506 3177 sufferre
529 3153 537 3177 :
563 3151 633 3189 pcr
662 3141 893 3188 primariam
919 3142 1106 3179 octonarii
1130 3144 1272 3191 prioris

236 3201 425 3248 litteram,
443 3202 587 3239 scilicet
602 3203 730 3250 Coph,
753 3214 842 3251 quae
857 3203 1132 3252 interpretatur
1151 3216 1273 3243 excus-

236 3267 304 3310 sio,
332 3264 495 3302 virilitas
521 3267 779 3313 praenotatur;
803 3268 840 3302 et
858 3277 929 3314 per
947 3267 1179 3314 primariam
1208 3279 1273 3306 oc-

236 3326 379 3364 tonarii
401 3327 630 3374 posterioris
648 3327 831 3374 litteram,
859 3328 1005 3366 scilicet
1024 3329 1159 3377 Resch,
1183 3341 1271 3379 quae

281 3456 292 3478 ¹
310 3456 337 3490 11
357 3455 451 3496 Tim„
472 3464 513 3499 11,
534 3460 565 3492 7.
579 3475 620 3483 --
636 3459 649 3481 ²
668 3459 752 3494 psal.
776 3459 853 3500 hoc,
876 3461 945 3492 130.
964 3477 1003 3485 -—
1017 3459 1030 3482 ²
1047 3461 1126 3502 Isca,
1147 3470 1269 3504 xxvni,

2307 182 2384 220 503

1358 268 1631 316 interpretatur
1660 269 1863 314 patientia,
1897 266 2095 304 humilitas
2135 267 2382 306 subnotatur.

1357 330 1523 367 virilitas
1546 329 1821 376 hujuscemodi
1845 329 1953 376 prius
1981 329 2199 367 declaratur
2228 330 2269 367 in
2297 341 2385 368 ora-

1359 392 1463 428 tione
1489 391 1670 437 mentali,
1697 391 1749 428 ad
1766 390 1940 438 primum
1960 392 2254 439 quaternarium
2272 392 2388 441 perti-

1359 454 1489 495 nenti;
1512 453 1705 500 posterius
1730 452 1771 490 in
1791 453 1967 489 oratione
1987 453 2139 500 vocali,
2166 454 2218 491 ad
2249 465 2387 492 secun-

1361 515 1457 551 dum
1489 515 1783 562 quaternarium
1816 514 2002 551 attinenti.
2046 515 2122 551 Sed
2160 518 2197 552 et
2226 516 2390 553 virilitas

1362 577 1503 614 orandi
1534 577 1633 614 solet
1661 577 1808 614 servari
1841 576 1881 613 in
1915 576 2077 613 mentali
2107 576 2282 614 oratione
2316 588 2389 625 pro

1362 639 1612 686 quadruplici
1632 639 1857 675 necessitate
1881 649 1889 674 :
1911 638 2093 675 videlicet
2111 649 2184 686 pro
2204 639 2291 676 vitae
2317 650 2391 687 pu—

1361 701 1472 738 ritate
1485 729 1495 745 ,
1523 711 1596 748 pro
1615 701 1702 737 vitae
1721 701 1946 746 securitate,
1966 711 2040 748 pro
2061 700 2243 737 exteriori
2262 703 2394 737 matu-

1361 764 1472 800 ritate
1486 792 1498 809 ,
1519 766 1556 800 et
1573 774 1647 811 pro
1667 763 1840 799 interi0ri
1861 763 2056 800 saturitate
2085 776 2093 800 :
2123 774 2211 811 quae
2237 763 2394 800 videtur

1362 825 1692 873 Psalmographus
1705 827 1874 872 quatuor
1888 825 2066 861 versibus
2076 853 2087 871 ,
2106 825 2217 872 quasi
2230 825 2394 862 totidem

1362 888 1525 925 testibus
1540 887 1816 935 comprobare.
1833 889 1972 923 Versus
1985 886 2136 934 primus
2151 887 2294 934 probat
2311 898 2395 924 ora·

1362 951 1479 987 tionis
1498 949 1721 987 virilitatem
1748 951 1909 997 propter
1928 949 2016 985 vitae
2038 949 2249 997 puritatem
2264 978 2276 996 ,
2303 960 2396 997 pro-

1362 1012 1538 1061 palando
1559 1023 1639 1060 qua
1658 1011 1892 1060 frequentia,
1913 1022 1992 1059 qua
2010 1011 2214 1058 ferventia,
2237 1023 2317 1060 qua
2336 1012 2395 1048 in-

1364 1075 1504 1113 stantia
1517 1074 1728 1123 requiritur
1738 1074 2026 1121 justificationis
2038 1074 2176 1121 gratia,
2190 1085 2261 1122 per
2275 1085 2397 1123 quam

1363 1140 1554 1186 purgatur
1586 1137 1822 1175 conscientia
1829 1150 1840 1184 3
1877 1137 1972 1185 quia
2000 1136 2118 1184 plane
2154 1137 2278 1174 oratio
2313 1137 2396 1175 sine

1364 1203 1522 1248 torpore
1536 1228 1549 1246 ,
1564 1200 1645 1237 sine
1664 1202 1801 1248 tepore
1812 1228 1824 1247 ,
1839 1199 1921 1236 sine
1935 1201 2089 1236 tumore
2105 1199 2290 1247 recipitur
2306 1210 2397 1236 cum

1363 1262 1512 1300 favore.
1567 1263 1674 1300 Unde
1712 1265 1816 1310 patet
1863 1273 1998 1299 versus
2036 1262 2235 1310 praesentis
2273 1263 2397 1299 conti-

1364 1327 1496 1364 nentia
1517 1326 1864 1375 quadrimembris.
1887 1325 2066 1364 Continet
2085 1325 2190 1361 enim
2210 1325 2397 1362 orationis

1363 1389 1645 1437 frequentiam,
1671 1389 1918 1434 ferventiam,
1941 1387 2187 1432 instantiam,
2208 1389 2244 1424 et
2260 1387 2397 1434 Justifi-

1364 1452 1526 1496 cationis
1551 1452 1718 1498 gratiam
1740 1463 1747 1487 :
1772 1460 1943 1499 quorum
1967 1450 2142 1498 primum
2163 1449 2292 1498 privat
2316 1452 2398 1486 tor-

1362 1516 1502 1561 porem
1517 1542 1530 1560 ,
1552 1514 1771 1551 secundum
1788 1516 1985 1561 teporem,
2007 1513 2161 1550 tertium
2180 1515 2395 1558 tumorem,

1363 1579 1548 1625 quartum
1567 1577 1680 1624 ponit
1697 1576 1890 1613 favorem.

1701 1682 1886 1717 Articulus
1911 1682 2062 1727 primus.

1411 1764 1602 1802 Orationis
1622 1764 1843 1812 frequentia
1860 1764 2115 1811 praenotatur,
2128 1773 2220 1800 cum
2233 1763 2397 1801 dicitur:

1361 1829 1541 1874 Clamavz'3
1553 1827 1721 1864 dicendo
1736 1837 1929 1874 namque:
1948 1827 2122 1871 Clamavi,
2130 1836 2213 1863 non
2227 1839 2234 1863 :
2248 1826 2398 1873 Clamo,

1361 1891 1522 1927 notatur
1557 1889 1740 1926 clamoris
1772 1888 2033 1933 continuatio,
2067 1898 2147 1925 non
2181 1888 2395 1927 inchoatio.

1360 1955 1403 1989 Et
1422 1955 1536 1999 nota,
1558 1952 1669 1999 quod
1684 1952 1853 1988 clamare
1873 1951 2030 1998 signum
2046 1953 2103 1988 est
2121 1951 2321 1988 interdum
2341 1951 2397 1988 dj-

1360 2015 1527 2061 stantiae,
1548 2015 1747 2052 interdum
1763 2015 1973 2061 instantiae,
1992 2016 2028 2052 et
2046 2014 2245 2051 interdum
2264 2025 2397 2062 perse-

1358 2078 1556 2115 verantiae.
1596 2078 1744 2115 Clamat
1772 2077 1877 2115 enim
1903 2077 2059 2123 anima,
2089 2076 2196 2114 velut
2226 2077 2394 2123 distans,

1356 2141 1576 2189 posteriora
1596 2141 1844 2188 desiderans3
1862 2141 2005 2178 clamat
2024 2141 2131 2178 velut
2149 2141 2311 2184 instans,
2333 2150 2394 2177 su-

1356 2204 1515 2251 periora
1535 2203 1764 2240 desiderans
1783 2216 1794 2250 ;
1822 2204 1966 2240 clamat
1983 2203 2091 2240 velut
2108 2213 2364 2250 perseverans
2379 2230 2390 2248 ,

1357 2267 1409 2303 ad
1435 2266 1632 2304 anteriora
1661 2277 1892 2314 properans.
1917 2268 1968 2302 De
2001 2265 2130 2313 primo
2165 2265 2316 2302 canitur
2337 2266 2351 2287 ¹0
2382 2277 2390 2301 :

1359 2342 1375 2362 «
1388 2333 1416 2366 A
1429 2329 1574 2365 finibus
1586 2331 1698 2365 terrae
1715 2329 1766 2365 ad
1780 2331 1816 2365 te
1832 2328 2021 2366 clamavi:
2038 2342 2055 2363 »
2069 2328 2133 2364 hic
2150 2328 2293 2364 clamat
2311 2328 2393 2364 ani-

1354 2402 1444 2437 ma,
1467 2391 1580 2438 quasi
1608 2391 1768 2428 distans.
1802 2391 1874 2435 Qui
1901 2392 1990 2427 sunt
2019 2392 2129 2427 terrae
2158 2389 2284 2436 fines,
2315 2390 2390 2426 nisi

1353 2455 1514 2490 terrenae
1534 2452 1728 2501 passionis
1754 2453 2037 2497 extremitates,
2064 2452 2106 2488 in
2126 2451 2271 2499 quibus
2296 2462 2388 2489 nos-

1353 2518 1493 2552 cuntur
1503 2515 1597 2553 vitia
1613 2515 1948 2560 residere,virtute
1964 2514 2005 2550 in
2019 2513 2153 2550 medio
2165 2514 2358 2550 residente
2369 2516 2388 2550 ⁶?

1351 2579 1459 2615 Unde
1473 2578 1666 2626 sapienter
1684 2588 1754 2625 per
1765 2577 1987 2625 Sapientem
2001 2576 2182 2613 scribitur
2192 2575 2204 2597 ⁵
2225 2588 2236 2611 :
2249 2576 2386 2614 «Oculi

1350 2641 1558 2678 stultorum
1581 2640 1622 2676 in
1647 2639 1795 2676 finibus
1824 2641 1947 2676 terrae.
1967 2652 1985 2674 »
2008 2641 2059 2675 De
2089 2638 2264 2675 secundo
2290 2638 2386 2685 legi-

1349 2707 1411 2741 tur
1427 2706 1440 2727 6
1465 2715 1473 2740 :
1499 2716 1517 2738 «
1534 2702 1725 2741 Clamavit
1743 2702 1917 2750 populus
1936 2701 1988 2738 ad
2009 2702 2218 2739 Dominum
2237 2702 2383 2739 instan-

1349 2767 1401 2804 tia
1422 2776 1581 2813 magna.
1599 2779 1617 2800 »
1641 2765 1707 2802 Hic
1743 2765 1887 2802 clamat
1911 2765 2064 2811 anima,
2096 2764 2194 2802 sicut
2218 2764 2378 2801 instans.

1347 2832 1397 2866 De
1417 2829 1530 2866 tertio
1544 2828 1686 2866 dicitur
1700 2838 1723 2864 a
1741 2827 2051 2875 psalmographo
2071 2828 2107 2863 ⁷:
2125 2828 2196 2864 «In
2216 2827 2280 2864 die
2301 2827 2380 2864 cla-

1346 2893 1476 2938 mavi,
1497 2894 1534 2929 et
1553 2893 1666 2929 nocte
1686 2901 1820 2928 coram
1842 2893 1888 2927 te.
1908 2903 1925 2924 n
1949 2889 2016 2926 Hic
2048 2889 2192 2927 clamat
2217 2890 2351 2927 anima
2366 2918 2378 2936 ‚

1346 2959 1536 3004 tanquam
1555 2954 1738 3003 improbe
1758 2964 2029 3003 perseverans

1659 3060 1848 3096 Arttculus
1871 3058 2059 3096 secundus.

1393 3143 1584 3182 Orationis
1600 3142 1790 3180 ferventia
1803 3142 2050 3188 subnotatur,
2065 3152 2155 3178 cum
2166 3140 2348 3178 subditur
2364 3153 2374 3178 z

1344 3209 1388 3244 In
1413 3210 1485 3244 toto
1506 3206 1622 3243 corde.
1650 3204 1754 3242 Nulli
1780 3203 1968 3250 dubium,
1987 3204 2093 3251 *quin
2118 3213 2185 3240 cor
2205 3203 2254 3240 sit
2284 3202 2376 3240 cali-

1346 3269 1457 3316 dum,
1479 3271 1515 3305 et
1534 3266 1740 3305 caliditatis
1759 3265 1997 3313 principium
2015 3278 2023 3302 ;
2044 3265 2166 3312 unde,
2185 3265 2226 3302 ni
2243 3264 2375 3311 fallor,

1343 3333 1469 3370 totum
1484 3340 1552 3367 cor
1568 3329 1710 3366 dicitur
1723 3338 1891 3375 magnus
1905 3327 2049 3365 fervor.
2070 3327 2146 3365 Sed
2161 3329 2256 3366 nota
2272 3328 2375 3368 circa
2393 3341 2451 3371 cor
2464 3341 2536 3379 quid

1346 3418 1395 3448 19.
1417 3433 1457 3439 —
1474 3415 1488 3437 ¹*
1507 3413 1598 3445 Psal.
1619 3421 1675 3453 Lx,
1695 3414 1726 3443 3.
1747 3428 1789 3435 —
1807 3412 1818 3430 ⁵
1838 3412 1949 3451 Prov„
1967 3418 2053 3452 xvn‚
2079 3413 2130 3446 14.
2151 3428 2192 3436 -
2212 3412 2224 3432 ⁸
2243 3411 2373 3453 Judith,

1343 3471 1390 3504 iv,
1411 3465 1441 3495 8.
1458 3480 1494 3486 -
1514 3463 1527 3484 ⁷
1548 3460 1639 3494 Psal.
1660 3466 1812 3500 Lxxxvn,
1830 3460 1861 3492 2.
