2633 3878
42 3250 178 3277 Peccator

50 3290 176 3325 invidus,

43 3333 71 3358 et
85 3339 100 3358 e
114 3339 181 3358 con-

42 3380 137 3400 verso.

1070 255 1311 299 PSALMUS
1341 259 1514 302 cxviii.

224 345 474 392 rectificatio,
493 346 573 383 sive
584 346 808 393 justificatio
821 373 832 392 ,
848 346 944 394 quia
961 346 1010 394 (a.)
1032 347 1139 383 tanto
1159 346 1260 384 fiunt

225 410 410 447 rectiores
455 412 492 447 et
521 409 702 457 jiistiores
720 439 731 456 ,
763 412 911 458 quanto
939 410 1076 458 primae
1106 410 1258 447 veritati

226 472 493 520 subjectiores.
522 473 640 519 Hujus
661 482 756 519 ergo
775 471 1063 519 justificationis
1084 472 1257 520 exquisi-

226 535 280 572 tio
297 563 308 581 ,
330 538 386 572 est
409 535 589 572 salutaris
612 534 832 582 acquisitio.
866 535 973 571 Unde
1006 535 1228 572 notandum
1243 563 1254 581 ,

227 598 338 646 quod
361 597 647 645 justificationis
676 597 794 644 hujus
826 597 1033 645 exquisitio
1059 599 1126 634 ·est
1157 607 1259 645 quo-

226 660 410 697 rumdam
442 659 706 708 preestolatio,
739 659 986 705 consolatio,
1019 659 1212 696 desolatio
1247 671 1255 696 2

227 723 321 771 quia
339 723 525 759 nimirum
553 722 788 770 praestolatio
824 725 880 759 est
910 722 1008 769 legis
1040 722 1257 768 lectorum,

226 785 444 822 consolatio
467 784 724 830 dilectorum,
751 784 943 821 desolatio
971 784 1258 831 neglectorum.

226 848 277 884 De
295 847 425 894 primo
449 848 455 865 ¹
476 859 484 884 :
508 860 524 881 «
542 849 683 893 Legem
701 857 805 894 pone
821 847 931 892 mihi,
954 847 1130 893 Domine,
1152 846 1258 884 viam

219 908 543 956 justificationum
563 911 740 954 tuarum,
768 912 804 946 et
823 909 1028 956 exquiram
1050 920 1137 945 cam
1157 920 1259 946 sem-

222 981 316 1018 per;
337 983 354 1005 »
378 970 448 1007 ubi
479 973 608 1018 patet,
631 971 741 1018 quod
766 971 1055 1017 justificationis
1088 971 1260 1019 exquisi-

223 1033 316 1082 tio„
347 1032 503 1069 lectoris
547 1036 602 1070 est
634 1033 883 1080 praestolatio.
920 1035 969 1070 De
999 1034 1175 1071 secundo
1199 1033 1212 1053 2
1249 1047 1257 1071 ε

227 1097 346 1132 «Haec
376 1094 479 1132 facta
499 1097 555 1131 est
573 1095 695 1142 mihi,
719 1095 813 1143 quia
838 1096 1137 1142 justificationes
1172 1099 1260 1134 tuas

224 1156 440 1206 exquisivi3
459 1170 476 1192 »
498 1157 568 1194 ubi
588 1158 735 1206 liquet,
757 1159 867 1206 quod
883 1159 1172 1205 justificationis
1193 1170 1258 1196 ex-

223 1219 382 1268 quisitio
396 1248 408 1266 ,
430 1219 649 1258 dilectionis
670 1223 727 1257 est
746 1221 977 1258 consolatio.
1002 1224 1051 1258 De
1074 1222 1184 1259 tert10
1211 1223 1225 1244 ³
1247 1234 1255 1258 :

226 1294 243 1316 α
263 1282 394 1328 Longe
413 1293 437 1320 a
454 1283 729 1330 peccatoribus
748 1283 872 1329 salus,
895 1284 989 1331 quia
1014 1284 1257 1332 justificatio-

221 1355 291 1382 nes
323 1348 410 1382 tuas
435 1356 517 1382 non
534 1346 831 1394 jexquisierunt;
854 1361 870 1381 »
894 1347 963 1383 ubi
978 1374 990 1392 ,
1014 1349 1089 1384 Deo
1111 1347 1253 1394 dante,

222 1407 407 1454 clarebit,
429 1408 541 1456 quod
555 1408 843 1455 justificationis
864 1409 1094 1457 exquisitio,
1117 1412 1171 1447 est
1191 1421 1256 1447 ne-

220 1469 439 1517 glectorum
460 1471 663 1508 desolatio.

646 1580 819 1623 Epilogus.

263 1661 324 1697 Ait
347 1670 441 1707 ergo
461 1660 661 1708 ¹Propheta
679 1660 880 1699 mentione
906 1662 1067 1710 praefata
1093 1664 1142 1700 de
1170 1665 1254 1712 spei

215 1735 295 1760 suae
315 1723 532 1760 constantia
553 1734 561 1759 ε
585 1725 658 1769 qu
672 1752 683 1770 ,
705 1734 868 1771 sperans
893 1725 1083 1772 salutem,
1107 1726 1263 1773 scilicet,

215 1785 377 1822 visionis
393 1785 637 1831 libertatem3
663 1787 758 1823 Tuus
778 1797 854 1823 snm
866 1814 877 1832 ,
899 1787 1070 1824 tolerans
1090 1789 1253 1826 servitu-

216 1850 308 1892 tem,
320 1846 467 1883 scilicet
479 1847 642 1883 rationis
657 1848 921 1895 captivitatem
933 1863 943 1897 3
956 1851 1101 1887 Salvum
1112 1863 1165 1888 me
1178 1853 1248 1898 far,

216 1909 405 1947 exhibens
431 1909 565 1945 salutis
590 1910 822 1957 praemium,
855 1912 1001 1949 scilicet
1032 1913 1249 1952 salvificam

215 1972 385 2009 veritatis
405 1972 667 2019 evidentiam3
688 1973 782 2017 Quia
791 1974 1072 2021 Juste'ftcationes
1093 1979 1172 2014 tuas
1192 1988 1251 2014 θα)-

213 2037 374 2081 quivisti,
397 2035 605 2072 exsolvens
635 2035 830 2073 servitutis
863 2038 1067 2085 meritum,
1102 2039 1250 2076 scilicet

208 2097 421 2144 justificam
441 2097 614 2135 veritatis
635 2097 889 2136 credentiam.

572 2245 790 2274 VERSiCULUs
815 2248 881 2274 XV.

256 2356 315 2391 95.
350 2355 408 2390 Me
428 2355 704 2400 eaepectaverunt
731 2355 953 2399 peccatores,
975 2355 1045 2391 etc.
1068 2355 1246 2392 Intimata

208 2416 291 2464 spei
312 2415 459 2452 fiducia
475 2415 649 2462 fideique
670 2416 887 2452 constantia.
908 2416 948 2452 in
969 2416 1143 2453 duorum
1162 2428 1246 2453 ver-

209 2488 325 2515 suum
344 2477 652 2525 praecedentium
672 2477 913 2514 continentia
930 2507 940 2524 ,
963 2478 1023 2514 hic
1042 2478 1245 2532 intimatur

209 2540 406 2578 charitatis
431 2540 651 2587 flagrantia.
683 2540 780 2584 Quia
800 2550 894 2577 vero
924 2540 1130 2587 flagrantia
1155 2541 1243 2578 talis

207 2603 392 2652 praeclare
417 2605 594 2640 coruscat
614 2602 655 2639 in
683 2602 875 2640 ferventia
895 2603 1186 2650 praedicationis
1207 2607 1244 2641 et

206 2666 393 2714 patientia
425 2665 618 2713 passionis
636 2693 647 2711 ,
679 2664 731 2701 ob
761 2665 864 2702 hanc
899 2676 1059 2703 causam
1093 2666 1134 2702 in
1165 2666 1242 2703 hoc

205 2739 322 2766 versu
341 2727 576 2766 describitur
590 2739 660 2776 per
679 2728 913 2776 prophetam
931 2728 1100 2776 qualiter
1115 2739 1137 2766 a
1153 2739 1241 2777 pec-

206 2791 403 2830 catoribus
423 2792 631 2838 spectatur,
652 2793 892 2838 expectatur,
915 2793 1115 2837 tractatur,
1137 2792 1240 2839 quis-

205 2854 294 2902 quis
313 2864 361 2890 ex
380 2853 590 2900 flagrantia
609 2852 805 2890 charitatis
825 2852 1048 2890 testimonia
1067 2854 1240 2891 veritatis

206 2915 397 2962 gaudiose
429 2916 610 2952 sectatur.
647 2917 744 2952 Nam
775 2915 1011 2964 plerumque
1043 2918 1240 2963 spectatur

205 2977 398 3016 invidiose
411 3006 423 3024 ,
444 2979 671 3026 expectatur
687 2978 874 3016 insidiose
889 3006 901 3024 ,
923 2981 1109 3016 tractatur
1129 2979 1239 3017 odio-

205 3051 245 3078 se
259 3068 272 3087 ‚
295 3043 462 3078 sectatur
484 3041 686 3089 gaudiose.

536 3143 725 3181 Articulus
749 3146 902 3191 primus.

250 3229 396 3265 Horum
416 3225 591 3275 primum
607 3227 859 3275 praesignavit
879 3228 1072 3276 Propheta
1089 3239 1237 3277 propo-

201 3300 320 3327 nens:
342 3291 568 3335 Peccatores,
581 3299 652 3337 per
672 3289 748 3326 hoc
763 3289 929 3326 innuens
947 3289 1106 3327 invidos
1124 3301 1235 3339 spec-

201 3353 356 3390 tatores.
380 3354 456 3390 Nec
475 3351 628 3389 mireris
641 3380 652 3398 ,
687 3351 799 3400 quod
829 3352 1071 3400 accipiantur
1101 3364 1236 3402 pecca-

246 3451 252 3469 ¹
275 3450 364 3484 Psal.
391 3451 475 3492 hoc,
497 3452 549 3484 33.
572 3469 607 3475 —
636 3452 649 3472 ²
676 3451 773 3493 ibid„
799 3454 852 3484 56.
870 3469 910 3475 -
939 3452 950 3470 ³
978 3451 1077 3494 ibid„
1103 3454 1174 3485 155.
1194 3471 1235 3478 —-

203 3498 212 3516 ⁴
235 3496 354 3539 Eccli„
372 3506 427 3540 vr,
450 3502 498 3531 11.
521 3516 562 3524 —
581 3499 595 3522 ὓ
615 3499 734 3539 Εεείί.,
758 3508 806 3541 m,
827 3502 878 3532 34.
899 3516 939 3524 -
960 3501 972 3519 ⁸
995 3500 1114 3542 Eccli.,
1136 3509 1161 3543 1,
1181 3503 1231 3535 32.

201 3562 241 3568 —
261 3545 270 3564 ⁷
292 3544 389 3586 ibid„
411 3548 462 3580 26.
485 3565 519 3570 —
541 3546 555 3569 ⁸
574 3548 744 3588 lsa.‚1..1x‚
766 3549 795 3580 9.
819 3565 858 3572 —
878 3547 890 3567 ⁹
909 3547 990 3588 Job,
1009 3555 1100 3590 xxx,
1121 3551 1173 3582 20.
1193 3568 1234 3574 —

2289 273 2366 312 439

1332 351 1435 387 tores
1468 362 1541 399 pro
1570 353 1716 391 invidis
1735 367 1746 401 ;
1783 357 1974 403 quoniam
2014 359 2143 396 omnis
2183 361 2367 407 peccator

1332 414 1647 452 convenientiam
1661 416 1780 454 hahet
1795 428 1884 454 cum
1900 419 2050 466 invido,
2067 423 2102 458 et
2117 431 2136 458 e
2153 431 2343 459 converso
2353 435 2364 469 ;

1331 476 1437 512 unde
1459 477 1626 524 legimus
1638 481 1650 502 ¹*
1666 491 1674 515 ε
1701 493 1718 513 α
1735 481 1868 517 Omnis
1886 484 2069 529 peccator
2083 486 2139 520 est
2154 484 2326 521 invidus.
2344 499 2361 518 »

1332 539 1448 582 Quod
1469 542 1509 575 ut
1528 539 1710 577 videatur
1731 541 1975 588 evidentius,
2005 545 2227 582 notandum
2255 546 2366 594 quod

1332 600 1400 637 iste
1421 604 1618 650 peccator,
1640 603 1786 641 scilicet
1816 603 1975 642 invidus
1993 633 2005 651 ,
2031 608 2087 642 est
2113 607 2240 644 omnis
2270 608 2367 645 boni

1332 663 1578 702 adversarius
1599 694 1610 711 ,
1643 666 1724 703 sive
1762 666 1810 704 sit
1839 667 1992 706 bonum
2024 669 2257 716 corporale,
2287 670 2366 707 sive

1331 725 1511 772 morale,
1546 727 1627 763 sive
1659 728 1920 767 intellectuale
1955 742 1963 766 :
1998 730 2204 779 corporale
2219 759 2230 778 ,
2269 732 2368 769 sicut

1332 787 1412 824 vita
1429 787 1605 826 humana
1618 801 1629 836 3
1651 790 1823 836 morale,
1841 791 1940 827 sicut
1961 791 2114 829 cultura
2132 792 2268 830 divina
2279 805 2290 839 3
2311 793 2367 830 in-

1333 849 1550 888 tellectuale
1567 880 1578 898 ,
1607 852 1705 889 sicut
1733 853 1925 900 sapientia
1951 865 2061 892 sana.
2094 857 2142 892 De
2170 855 2300 903 primo
2320 857 2333 878 ⁶
2356 870 2364 891 :

1338 915 1498 951 «Homo
1532 918 1717 962 peccator
1747 915 1954 953 insidiatur
1982 917 2164 963 sanguini
2189 929 2198 954 :
2220 931 2238 953 »
2275 929 2366 956 ecce

1333 975 1556 1014 adversatio
1571 977 1669 1014 boni
1684 978 1917 1026 corporalis.
1933 980 1983 1016 De
1998 979 2172 1017 secundo
2183 979 2196 1001 ⁸
2214 992 2222 1017 :
2246 993 2263 1015 «
2276 983 2369 1018 Exe-

1333 1037 1453 1075 cratio
1483 1039 1681 1086 peccatori
1702 1040 1858 1078 cultura
1878 1040 1945 1078 Dei
1966 1053 1974 1078 :
1999 1054 2015 1075 »
2034 1052 2123 1078 ecce
2144 1042 2365 1080 adversatio

1331 1100 1427 1137 boni
1447 1102 1622 1139 moralis.
1643 1115 1659 1136 »
1684 1105 1734 1139 De
1759 1102 1871 1140 tertio
1893 1103 1907 1126 ⁷
1926 1115 1935 1140 :
1958 1116 1976 1138 «
1996 1104 2195 1142 Execratio
2227 1115 2369 1153 pecca-

1333 1165 1481 1202 toribus
1500 1165 1692 1213 sapientia
1712 1178 1720 1203 :
1743 1179 1761 1201 »
1785 1176 1875 1203 ecce
1895 1166 2118 1204 adversatio
2139 1167 2236 1205 boni
2255 1167 2366 1206 intel-

1331 1227 1521 1265 lectualis.

1647 1277 1837 1314 Arctcuzus
1861 1278 2048 1315 secundus.

1379 1354 1606 1392 Secundum
1627 1354 1841 1401 assignavit
1857 1382 1869 1401 ,
1889 1355 2113 1402 adjungens
2135 1368 2143 1392 :
2170 1358 2229 1393 Me
2248 1367 2369 1404 eaepec-

1331 1420 1523 1463 taverunt,
1545 1417 1643 1454 sicut
1659 1417 1922 1455 insidiatores.
1944 1419 1973 1456 Ο
1993 1418 2167 1456 infelices
2188 1422 2368 1467 expecta·
2405 1434 2528 1461 Sancto-

1329 1483 1459 1527 tores,
1491 1481 1647 1518 nescitis
1675 1481 1773 1529 quid
1805 1482 2040 1529 expectetis:
2067 1482 2368 1530 prosperitatem
2388 1475 2527 1544 ’893ζᾶξῖ

1329 1543 1524 1591 quaeritis3
1547 1543 1615 1580 sed
1635 1543 1912 1581 adversitatem
1932 1544 2150 1581 invenietis.
2183 1546 2224 1581 Et
2248 1547 2364 1592 nota,
2388 1565 2435 1584 res
2458 1557 2529 1592 quid

1329 1606 1439 1654 qnod
1453 1606 1701 1643 insidiatores
1718 1607 1950 1643 Sanctorum
1963 1609 2169 1654 expectant
2182 1607 2255 1644 tria
2273 1618 2367 1655 pro„
2406 1607 2510 1667 ffi‘g‘ffit

1326 1679 1465 1716 spera,
1495 1668 1565 1705 sed
1598 1668 1671 1705 tria
1701 1668 1900 1706 invenient
1931 1668 2098 1706 adversa
2127 1681 2136 1704 :
2161 1672 2367 1717 expectant
2387 1681 2458 1715 quid
2478 1681 2525 1708 in-

1327 1731 1432 1768 enim
1452 1730 1682 1776 claritatem,
1694 1733 1889 1778 quantum
1900 1731 1952 1768 ad
1967 1731 2049 1767 vim
2062 1731 2364 1779 rationabilem3
2387 1722 2521 1750 veniunt.

1326 1794 1579 1839 suavitatem,
1594 1796 1787 1841 quantum
1804 1793 1856 1830 ad
1870 1793 2243 1842 concupiscibilem3
2261 1797 2364 1832 tran-

1327 1856 1576 1904 quillitatem,
1593 1859 1786 1904 quantum
1799 1856 1851 1893 ad
1865 1855 2236 1904 concupiscibilem3
2261 1859 2364 1894 tran-

1326 1919 1584 1966 quillitatem,
1612 1920 1806 1966 quantum
1833 1918 1885 1956 ad
1911 1918 2162 1955 irascibilem.
2193 1919 2268 1956 Sed
2299 1919 2364 1956 in-

1324 1981 1481 2019 venient
1499 1992 1572 2029 pro
1592 1980 1802 2028 temporali
1822 1980 1997 2018 claritate
2024 1981 2249 2018 aeternalem
2269 1981 2364 2019 cali-

1323 2044 1457 2091 ginem
1472 2056 1492 2093 3.
1523 2054 1595 2091 pro
1645 2043 1834 2080 suavitate
1861 2072 1873 2090 ,
1913 2043 2240 2091 amaritudinem3
2287 2055 2361 2092 pro

1323 2106 1602 2154 tranquillitate
1614 2133 1626 2150 ,
1643 2105 1854 2143 turbinem.
1878 2105 2016 2142 Primis
2035 2106 2232 2152 convenit,
2247 2107 2360 2155 quod

1322 2169 1516 2216 Scriptura
1535 2168 1705 2206 concinit
1722 2166 1735 2188 ⁸
1756 2181 1765 2205 ε
1790 2181 1809 2203 α
1830 2168 2129 2216 Expectavimus
2148 2169 2300 2216 lucem,
2322 2172 2360 2207 et

1323 2242 1411 2269 ecce
1431 2231 1603 2269 tenebrae
1626 2244 1634 2268 :
1656 2245 1673 2266 n
1699 2241 1787 2268 ecce
1806 2230 1942 2278 jcaligo
1969 2241 2043 2278 pro
2070 2231 2259 2269 claritate.
2292 2233 2358 2270 Se-

1322 2294 1461 2332 cundis
1479 2294 1604 2342 aptari
1623 2295 1751 2342 potest
1770 2293 1881 2342 quod
1901 2292 2090 2340 scriptum
2109 2296 2166 2330 est
2178 2295 2192 2317 ⁹
2211 2305 2220 2330 z
2240 2307 2258 2328 «
2277 2296 2355 2331 Ex-

1320 2358 1528 2407 pectabam
1549 2358 1657 2395 bona
1670 2385 1683 2404 ,
1710 2359 1747 2394 et
1765 2359 1957 2394 venerunt
1976 2356 2073 2393 mihi
2092 2357 2199 2394 mala
2221 2369 2230 2394 ε
2253 2370 2271 2392 »
2295 2369 2357 2395 ec-

1321 2432 1363 2457 ce
1381 2420 1606 2457 amaritudo
1627 2430 1700 2468 pro
1718 2419 1921 2456 suavitate.
1943 2419 2078 2455 Tertiis
2092 2419 2356 2458 condecenter

1319 2482 1555 2519 adscribitur
1586 2482 1696 2529 quod
1724 2481 1905 2518 scribitur
1933 2481 1959 2503 ¹⁰
1987 2491 1996 2516 ε
2024 2494 2041 2514 «
2058 2481 2356 2528 Expectavimus

1318 2555 1473 2592 pacem,
1487 2547 1524 2581 et
1537 2554 1619 2581 non
1633 2546 1689 2581 est
1706 2543 1882 2589 bonum3
1903 2544 1940 2579 et
1954 2544 2110 2590 tempus
2124 2543 2351 2590 curationis,

1319 2609 1356 2644 et
1383 2617 1472 2644 ecce
1501 2606 1672 2644 turbatio
1698 2618 1706 2643 :
1729 2620 1746 2639 »
1770 2615 1858 2643 ecce
1884 2604 2000 2642 turbo
2027 2614 2100 2652 pro
2128 2605 2353 2654 tranquilli-

1318 2672 1406 2707 tate.

1656 2717 1843 2753 Articulus
1866 2718 2009 2753 tertius.

1363 2795 1533 2833 Tertium
1565 2794 1834 2841 consignavit,
1870 2796 2130 2831 connectens:
2160 2795 2205 2831 Ut
2222 2794 2350 2841 perde-

1315 2859 1395 2893 rent
1416 2866 1482 2892 me.
1504 2856 1578 2891 Ista
1597 2853 1767 2902 perditio
1798 2856 1854 2891 est
1887 2853 2027 2891 odiosa
2053 2853 2243 2891 tractatio.
2276 2854 2350 2891 Sed

1315 2921 1434 2964 nota,
1462 2917 1573 2965 quod
1600 2917 1790 2964 contingit
1809 2915 1976 2965 perdere
2002 2916 2217 2965 tripliciter,
2238 2915 2349 2953 vide·
2386 2932 2511 2960 Perdere

1315 2981 1405 3018 licet
1424 2980 1706 3028 temporaliter,
1726 2979 1998 3028 corporaliter,
2020 2981 2057 3016 et
2074 2978 2346 3027 spiritualiter:
2370 2974 2507 3042 ἱῑὲἑΡῑὲζῑΘ·

1313 3043 1443 3091 primo
1465 3042 1588 3080 modo
1608 3042 1739 3090 perdit
1763 3041 1980 3090 rapacitas;
2014 3041 2214 3086 secundo,
2241 3040 2346 3078 fero·
2369 3055 2424 3083 nr.

1315 3107 1408 3144 citas
1423 3119 1433 3153 ;
1468 3105 1578 3143 tertio
1605 3115 1766 3154 quoque
1799 3105 2042 3154 quandoque
2061 3105 2267 3143 voracitas.
2295 3105 2346 3142 De

1313 3169 1443 3218 primo
1464 3170 1518 3206 ¹¹:
1547 3170 1660 3206 «Fur
1690 3178 1773 3206 non
1801 3168 1922 3214 venit,
1950 3167 2025 3205 nisi
2056 3169 2100 3204 ut
2127 3166 2290 3211 furetur,
2311 3169 2348 3204 et

1312 3232 1477 3276 mactet,
1504 3233 1541 3269 et
1567 3230 1731 3279 perdat:
1759 3243 1777 3265 ι)
1800 3241 1888 3268 ecce
1918 3229 2088 3278 perditio
2123 3228 2348 3266 substantiae

1314 3293 1557 3342 temporalis,
1570 3303 1693 3341 quam
1708 3292 1798 3330 facit
1810 3291 2016 3340 rapacitas.
2039 3293 2090 3328 De
2105 3290 2279 3328 secundo
2297 3289 2344 3328 ¹²:

1315 3370 1333 3392 «
1352 3358 1479 3394 Testes
1499 3357 1613 3393 erunt
1631 3365 1750 3402 super
1770 3365 1844 3392 nos
1864 3353 2008 3391 coelum
2027 3355 2064 3390 et
2083 3355 2186 3390 terra
2202 3379 2214 3399 ‚
2235 3352 2347 3402 quod

1313 3448 1341 3469 ¹⁰
1366 3443 1500 3485 ,Τει-ὲηι...
1520 3453 1596 3485 xlv,
1618 3445 1668 3477 19.
1690 3461 1725 3467 —
1754 3445 1775 3466 ¹¹
1798 3443 1905 3483 Joan„
1930 3450 1973 3483 x,
2004 3444 2052 3475 ¹0.
2080 3460 2110 3466 —
2145 3443 2169 3464 ¹²
2193 3444 2201 3475 Ι
2224 3443 2346 3485 ΜασΙι.,

1312 3503 1351 3536 11,
1371 3496 1421 3527 37.

1355 3550 1400 3591 (a)
1423 3549 1504 3582 Caet.
1524 3547 1604 3581 edit.
1623 3547 1692 3589 qui.
