2633 3878
179 1977 282 2003 Domi-

143 2025 200 2043 nus
227 2025 284 2051 qno

171 2059 257 2084 modo

163 2107 261 2126 servos

145 2147 213 2166 suos
238 2140 283 2165 in·

144 2181 224 2207 vitat.

184 3153 240 3180 Lex
251 3153 291 3180 lo-

170 3201 272 3228 quens,

171 3234 263 3261 instra

153 3283 216 3308 ens,
224 3283 291 3302 con-

153 3316 260 3343 uniens.

305 279 380 316 542

637 399 818 433 Artt’culus
842 399 995 443 primus.

350 482 554 519 invitatum
572 479 771 527 exprimit,
793 478 926 515 diceus
946 491 953 514 :
976 479 1170 523 Concupivi
1187 479 1325 514 saluta-

302 555 339 580 re
361 548 484 585 tuum,
505 542 599 589 quia
633 540 908 587 concupiscere
938 540 1103 586 pertinet
1129 539 1180 575 ad
1210 539 1323 575 affec-

302 608 397 642 tum.
419 606 502 640 Non
533 606 587 639 est
621 601 936 648 concupiscentia
966 601 1037 636 ista
1066 599 1230 645 vitiosa,
1257 600 1327 637 sed

300 667 504 702 virtuosa:
535 675 616 701 non
646 662 845 711 prohibita
864 689 875 706 ,
907 661 977 698 sed
1012 664 1219 709 praecepta.
1258 662 1328 698 llla

300 727 551 775 prohibetur,
573 736 661 762 cum
692 724 831 759 dicitur
852 723 861 743 ¹
885 734 893 758 :
918 736 936 757 «
967 725 1051 759 Non
1073 724 1327 770 concupisces

301 799 441 825 aurum
473 791 508 823 et
545 788 774 832 argentum3
803 799 819 817 2>
854 784 926 820 ista
960 785 1208 832 praecipitur,
1238 795 1327 821 cum

300 850 481 887 scribitur
496 848 533 885 ²:
553 863 571 883 «
585 850 657 885 Lac
672 846 950 894 concupiscite,
970 849 1012 882 ut
1029 846 1069 882 in
1083 857 1129 882 eo
1149 845 1327 881 crescatis

299 913 339 948 in
373 911 551 948 salutem.
586 924 603 943 n
629 909 736 945 Unde
763 907 997 948 notandum,
1021 907 1132 954 quod
1159 917 1240 942 non
1273 909 1329 942 est

299 974 372 1010 ista
398 971 713 1019 concupiscentia
744 970 871 1006 carnis
889 998 898 1014 ,
920 979 992 1005 nec
1014 967 1329 1014 concupiscentia

301 1034 505 1071 oculorum
526 1045 535 1077 ;
568 1032 638 1069 sed
666 1030 983 1077 concupiscentia
1005 1029 1216 1065 coelestium
1234 1038 1329 1074 gau-

301 1096 458 1132 diorum
474 1107 482 1130 :
499 1104 667 1142 quarum
683 1093 810 1140 prima
824 1092 1013 1136 humana,
1029 1090 1202 1126 secunda
1218 1099 1329 1126 mun-

300 1157 405 1194 dana
428 1184 439 1201 ,
475 1156 584 1192 tertia
617 1152 949 1201 supermundana.
986 1154 1036 1188 De
1071 1152 1199 1198 prima
1232 1151 1330 1187 dixit

300 1219 393 1255 Sara
411 1216 592 1263 Raguelis
611 1216 693 1252 filia
710 1216 724 1237 ³
741 1228 750 1250 :
771 1228 788 1248 ι(
813 1228 830 1249 «
850 1217 905 1250 Tu
925 1214 1021 1259 scis,
1043 1213 1220 1258 Domine,
1236 1212 1328 1259 quia

301 1289 506 1326 nunquam
524 1277 732 1324 concupivi
752 1277 882 1312 virum
904 1287 912 1312 :
936 1289 953 1308 »
973 1274 1035 1311 hic
1055 1277 1219 1321 negatur
1239 1283 1328 1310 con—

302 1341 540 1388 cupiscentia
582 1340 767 1376 humana.
807 1340 857 1374 De
888 1337 1062 1374 secunda
1100 1336 1240 1373 dicitur
1276 1335 1327 1372 ab

301 1402 486 1450 Apostolo
502 1404 514 1425 ⁵
534 1414 541 1438 :
568 1415 584 1434 (ι
604 1403 835 1447 Argentum,
858 1402 893 1435 et
913 1409 1078 1444 aurum,
1100 1400 1167 1434 aut
1179 1399 1327 1433 vestem

301 1464 446 1500 nullius
467 1461 675 1509 concupivi
693 1474 731 1498 :»
750 1461 813 1497 hic
826 1463 993 1507 negatur
1013 1458 1329 1506 concupiscentia

302 1527 517 1563 mundana.
546 1528 595 1562 De
622 1524 732 1561 tertia
752 1525 764 1545 ⁵
786 1536 794 1560 :
820 1536 839 1557 «
857 1525 952 1559 Ecce
980 1521 1188 1569 concupivi
1214 1531 1327 1558 man-

302 1588 392 1625 data
408 1591 494 1633 tua,
512 1601 530 1622 »
553 1597 640 1634 quae
659 1588 747 1622 sunt
774 1585 908 1622 salutis
937 1584 1136 1621 meritoria
1158 1595 1165 1619 :
1187 1583 1251 1619 hie
1271 1582 1328 1619 as-

302 1650 479 1687 firmatur
499 1647 816 1695 concupiscentia
834 1645 1167 1693 supermundana.

620 1751 804 1787 Articulus
829 1749 1012 1785 secundus.

350 1834 579 1872 invitantem
608 1831 800 1879 expromit
821 1834 856 1867 et
886 1829 1088 1877 exprimit,
1109 1830 1297 1876 adjiciens
1319 1842 1327 1865 ;

303 1899 462 1940 Domine,
485 1894 553 1941 qui
571 1904 633 1930 me
655 1892 828 1939 dignaris
847 1892 1011 1928 invitare
1030 1891 1083 1927 ad
1104 1891 1331 1927 convivium

303 1957 482 1994 salutare.
504 1957 546 1992 Et
565 1958 680 2000 nota,
701 1954 812 2002 quod
831 1964 964 1990 servos
990 1963 1081 1989 suos
1100 1953 1236 1989 invitat
1256 1955 1331 1990 Do-

303 2019 431 2056 minus
452 2017 503 2055 ad
525 2017 654 2054 lucem
678 2016 973 2064 sempiternam,
996 2014 1047 2051 ad
1068 2025 1207 2062 pacem
1227 2025 1327 2051 sem-

303 2081 512 2128 piternam,
542 2078 594 2115 ad
612 2078 784 2114 laetitiam
803 2076 1106 2123 sempiternam;
1128 2076 1330 2113 invitando

304 2142 356 2179 ad
382 2151 581 2178 summum
601 2140 754 2176 honum
778 2138 976 2175 luculente
1005 2137 1243 2183 videndum,
1264 2148 1332 2185 pa-

305 2203 412 2239 cifice
430 2201 730 2250 possidendum,
749 2200 944 2237 laetissime
959 2199 1256 2246 perfruendum.
1279 2201 1330 2236 De

305 2266 433 2313 primo
453 2266 466 2287 ⁶
485 2278 492 2301 :
517 2278 535 2298 «
556 2265 632 2301 Erit
651 2263 722 2300 tibi
749 2263 936 2300 Dominus
964 2262 1005 2298 in
1030 2262 1160 2299 lucem
1180 2262 1332 2308 [sempi—

304 2331 456 2364 ternam
479 2339 487 2362 :
509 2340 526 2361 n
551 2335 639 2362 ecce
661 2324 730 2360 lux
750 2323 903 2361 Domini
924 2322 1172 2370 sempiterna.
1194 2324 1244 2360 De
1272 2334 1332 2360 se-

306 2389 436 2426 cundo
460 2387 473 2408 ⁷
499 2400 508 2424 ε
552 2386 775 2424 «Dominus
806 2385 914 2432 pacis
952 2385 1017 2422 det
1050 2384 1165 2422 vobis
1193 2395 1332 2432 pacem

305 2450 582 2498 sempiternam
604 2460 611 2484 :
634 2462 651 2482 1>
676 2457 762 2484 ecce
793 2457 871 2494 pax
901 2446 1054 2484 Domini
1082 2446 1330 2493 sempiterna.

306 2514 357 2549 De
376 2512 488 2549 tertio
509 2512 522 2533 ⁸
545 2522 553 2546 ε
581 2509 684 2554 «Qui
704 2508 898 2555 redempti
917 2511 1006 2545 sunt
1025 2518 1049 2544 a
1068 2507 1250 2554 Domino,
1270 2518 1329 2544 re-

306 2577 516 2618 vertentur,
537 2575 574 2609 et
593 2572 751 2608 venient
769 2571 811 2607 in
830 2571 922 2608 Sion
940 2570 1162 2615 laudantes,
1182 2572 1218 2606 et
1235 2569 1333 2606 laeti-

307 2636 360 2672 tia
378 2635 614 2682 sempiterna
633 2643 750 2680 super
767 2632 896 2679 capita
913 2642 1052 2668 eorum
1073 2644 1114 2666 :n
1130 2641 1219 2668 ecce
1239 2631 1334 2668 laeti-

307 2697 359 2734 tia
373 2696 524 2734 Domini
543 2694 791 2742 sempiterna.

644 2798 830 2833 Articulus
855 2797 994 2832 tertius.

355 2881 592 2919 Excitantem
611 2878 752 2924 exerit,
767 2878 948 2925 inquiens
969 2889 978 2913 ι
997 2879 1045 2914 Et
1078 2879 1134 2914 leae
1154 2881 1216 2913 tua
1243 2888 1252 2913 :
1270 2877 1334 2914 lex

310 2944 415 2981 enim
431 2941 595 2989 legentis
611 2943 783 2976 mentem
800 2940 938 2977 excitat
955 2940 1007 2977 ad
1026 2939 1219 2977 virtutem.
1233 2939 1334 2984 Quid

309 3008 365 3042 est
390 3004 494 3042 enim
524 3003 631 3040 bona
655 3001 931 3048 pronuntiare,
964 3001 1120 3039 utiliora
1147 3002 1332 3049 probare,

309 3067 480 3115 perfecta
517 3064 741 3108 consulere,
785 3062 858 3098 nisi
897 3062 1152 3099 somnolentae
1194 3063 1334 3100 mentis

310 3128 470 3166 oculum
485 3126 537 3163 ad
554 3124 704 3162 virtutis
724 3123 950 3160 exercitium
969 3124 1161 3160 excitare?
1175 3126 1216 3161 Et
1227 3127 1334 3169 nota,

311 3190 422 3240 quod
440 3189 607 3236 legimus
637 3187 679 3223 in
705 3185 900 3233 Scriptura
932 3184 1062 3232 legem
1092 3185 1334 3232 loquentem,

310 3252 437 3298 legem
456 3250 728 3293 instruentem,
750 3250 786 3283 et
809 3246 938 3292 legem
966 3245 1247 3283 consulentem.
1268 3248 1335 3283 Lo·

313 3323 437 3360 quens
469 3311 609 3348 dicitur
639 3310 747 3347 bona
778 3307 1094 3356 pronuntiand03
1126 3307 1333 3354 instruens,

353 3412 362 3428 ¹
378 3410 489 3448 Dent„
508 3416 571 3448 vn,
590 3409 642 3439 25.
657 3423 698 3430 —
718 3407 873 3447 ²1Petr.,
890 3414 935 3446 11,
948 3408 980 3438 2.
999 3422 1040 3430 —
1060 3406 1071 3425 ³
1089 3404 1179 3446 Tob„
1198 3412 1259 3445 111,
1281 3406 1333 3437 16.

311 3473 351 3481 -
369 3457 380 3474 ⁶
397 3456 485 3494 Act„
508 3464 566 3495 xx,
585 3456 637 3485 33.
653 3471 689 3477 —
710 3454 724 3475 ⁵
738 3453 928 3493 Psal.,hoc‚
946 3455 997 3485 40.
1014 3470 1055 3477 —
1074 3454 1086 3471 ⁰
1105 3454 1186 3492 lsa..
1205 3459 1262 3492 Lx,
1284 3453 1333 3483 19.

311 3520 350 3528 —
371 3503 380 3521 ⁷
402 3503 428 3533 11
451 3500 570 3540 Thess„
589 3508 650 3541 111,
667 3502 716 3532 16.
733 3517 774 3523 -
791 3499 806 3522 ⁸
822 3499 900 3539 lsa„
921 3508 966 3540 Li,
992 3502 1042 3532 11.
1063 3517 1103 3524 -
1124 3499 1138 3521 ⁹
1157 3499 1261 3538 Rom„
1283 3505 1333 3537 111,

1002 268 1065 309 Ex
1075 268 1273 310 POSlTlO
1306 268 1355 308 ΙΝ
1389 269 1737 311 PSALTERIUM.

1399 356 1554 395 utiliora
1572 358 1804 405 probando;
1826 358 2046 405 consulens,
2066 360 2237 407 perfecta
2264 371 2424 408 persua-

1399 416 1545 453 dendo.
1584 418 1645 454 Vis
1681 418 1817 455 audire
1859 419 1987 465 legem
2028 419 2255 467 loquentem
2274 422 2292 457 ⁶?
2335 424 2427 460 audi

1399 480 1629 525 Apostolum
1649 483 1889 519 attestantem
1904 482 1917 503 ⁹
1939 493 1947 517 :
1975 496 1992 514 «
2007 483 2268 530 Quaecumque
2287 483 2351 521 lex
2369 484 2428 521 lo-

1399 540 1552 586 quitur,
1571 541 1638 584 iis,
1659 543 1727 589 qui
1765 543 1806 578 in
1836 542 1922 588 lege
1939 545 2048 588 sunt,
2068 543 2244 591 loquitur
2266 558 2274 581 :
2298 557 2316 579 »
2336 556 2426 582 ecce

1398 601 1495 648 legis
1514 603 1675 639 locutio.
1701 603 1760 639 Vis
1781 604 1998 641 auscultare
2008 605 2427 652 legeminstruentem?

1400 663 1573 700 ausculta
1596 663 1754 700 Paulum
1775 664 1968 701 dicentem
1988 667 2016 688 ¹⁰
2039 677 2047 701 :
2068 666 2258 713 «Probas,
2276 667 2341 713 ait,
2356 667 2430 704 uti-

1399 723 1520 766 liora,
1540 724 1747 761 instructus
1776 736 1846 772 per
1877 725 2006 772 legem
2039 738 2047 763 :
2082 740 2100 761 »
2132 738 2219 764 ecce
2237 727 2332 775 legis
2352 729 2427 765 ins-

1399 786 1551 822 tructio.
1581 787 1642 822 Vis
1669 788 1868 824 attendere
1896 788 2024 834 legem
2055 789 2352 827 consulentem?
2376 793 2428 827 at-

1400 847 1515 883 tende
1543 847 1763 895 Sapientem
1783 848 1864 886 filio
1893 849 2123 886 suadentem
2152 850 2204 886 ¹¹:
2232 851 2430 887 «Custodi

1399 909 1528 955 legem
1544 920 1692 956 meam,
1721 913 1837 958 atque
1858 912 2067 949 consilium
2087 923 2235 958 meum,
2256 926 2274 948 »
2298 913 2340 949 id
2360 915 2429 959 est,

1400 971 1496 1018 legis
1516 982 1613 1008 meae
1632 972 1841 1010 consilium
1863 985 1871 1010 ε
1895 984 1982 1010 ecce
2001 974 2099 1020 legis
2119 974 2364 1012 consultatio.

1724 1077 1914 1112 Articulus
1938 1079 2103 1122 quartus.

1449 1157 1663 1195 Excitatum
1682 1157 1876 1204 edisserit,
1903 1158 2077 1195 scribens
2104 1170 2112 1195 ε
2141 1159 2334 1196 Meditatio
2353 1168 2431 1194 mea

1401 1222 1464 1254 est.
1488 1220 1584 1255 Cum
1603 1218 1708 1255 enim
1726 1218 1868 1266 aliquis
1897 1219 2129 1265 meditatur,
2167 1219 2302 1256 oculus
2330 1219 2429 1256 inte·

1401 1279 1514 1316 rioris
1534 1279 1705 1316 hominis
1721 1279 1922 1316 excitatur.
1942 1280 2019 1316 Sed
2042 1280 2287 1326 notandum,
2317 1279 2431 1327 quod

1401 1341 1473 1378 tria
1488 1341 1735 1388 potissimum
1755 1340 1923 1377 excitant
1936 1340 2162 1378 interiorem
2176 1341 2359 1387 oculum3
2375 1340 2431 1377 vi-

1402 1403 1543 1440 delicet
1561 1403 1771 1440 assistentis
1790 1403 2058 1450 spectaculum
2071 1431 2082 1449 ,
2098 1402 2320 1439 meditantis
2330 1401 2431 1450 peri-

1403 1465 1556 1510 culum,
1585 1468 1622 1502 et
1640 1465 1836 1502 charitatis
1866 1465 2071 1502 vinculum
2104 1477 2113 1500 :
2149 1474 2321 1512 quorum
2349 1463 2431 1511 pri-

1402 1536 1512 1562 mum
1529 1526 1668 1562 excitat
1687 1526 1844 1563 oculum
1864 1537 1936 1573 per
1955 1529 2178 1573 stuporem3
2196 1524 2429 1570 secundum,

1401 1598 1473 1635 per
1500 1587 1681 1624 timorem
1704 1600 1714 1623 :
1736 1587 1890 1624 tertium
1917 1598 1989 1634 per
2018 1597 2208 1624 amorem.
2232 1588 2284 1623 De
2301 1585 2431 1634 primo

1402 1648 1543 1695 legitur
1563 1649 1588 1670 ¹²
1610 1661 1619 1685 :
1644 1662 1661 1683 «
1682 1648 1875 1685 Meditatio
1897 1648 2027 1685 cordis
2050 1648 2128 1684 mei
2157 1647 2198 1684 in
2219 1648 2431 1695 conspectu

1402 1713 1469 1747 tuo
1490 1720 1645 1757 semper
1664 1723 1672 1746 :
1695 1723 1713 1744 n
1736 1709 1777 1746 in
1795 1710 1869 1747 hac
1887 1710 2140 1748 meditatione
2167 1710 2307 1747 excitat
2325 1720 2432 1747 men-

1404 1771 1450 1807 tis
1462 1772 1622 1808 oculum
1630 1771 1838 1808 assistentis
1851 1772 2129 1819 spectaculum.
2143 1773 2193 1808 De
2204 1771 2377 1808 secundo
2391 1772 2430 1808 ¹³:

1409 1833 1522 1869 «Nisi
1550 1833 1657 1880 quod
1682 1833 1745 1869 lex
1776 1835 1844 1870 tua
1873 1833 2074 1870 meditatio
2106 1843 2196 1870 mea
2226 1835 2302 1879 est,
2338 1835 2430 1870 tunc

1403 1894 1501 1932 forte
1537 1895 1738 1942 periissem
1775 1895 1815 1930 in
1853 1895 2070 1932 humilitate
2101 1905 2220 1931 mea:
2242 1907 2260 1930 »
2292 1894 2333 1931 in
2357 1894 2433 1932 hac

1405 1956 1656 1993 meditatione
1678 1956 1818 1992 excitat
1848 1956 1989 1992 mentis
2021 1956 2182 1993 oculum
2210 1955 2434 1992 meditantis

1404 2018 1637 2065 periculum.
1662 2019 1711 2054 Dc
1741 2017 1853 2055 tertio
1875 2018 1905 2040 ¹¹⁹
1928 2030 1936 2054 ε
1961 2017 2207 2062 «Quomodo
2240 2016 2361 2054 dilexi
2379 2017 2434 2054 le-

1404 2089 1494 2125 gem
1511 2082 1616 2116 tuam
1632 2079 1793 2116 Domine
1809 2081 1817 2115 t
1839 2081 1920 2116 tota
1931 2079 1994 2115 die
2010 2079 2212 2116 meditatio
2223 2088 2312 2115 mea
2321 2080 2378 2116 est
2384 2090 2396 2124 3
2411 2091 2430 2113 η

1404 2139 1445 2176 in
1464 2140 1538 2176 hae
1557 2140 1811 2177 meditatione
1832 2140 1974 2178 excitat
2005 2139 2145 2177 mentis
2165 2138 2326 2176 oculum
2346 2138 2435 2176 cha-

1405 2201 1522 2247 ritas,
1554 2212 1642 2248 quae
1674 2202 1890 2239 secundum
1920 2200 2151 2248 Apostolum
2172 2201 2200 2224 ¹⁵
2224 2202 2316 2238 «est
2344 2210 2434 2248 per-

1406 2262 1582 2299 fectionis
1599 2263 1813 2300 vinculum.
1837 2277 1854 2298 »

1831 2369 2001 2410 Epilogus.

1456 2451 1686 2486 ostensurus
1730 2457 1823 2493 ergo
1871 2447 2200 2494 Psalmographus
2249 2447 2434 2496 orationis

1406 2510 1713 2557 protectionem,
1749 2508 1937 2545 adversus
1970 2508 2197 2545 offensionis
2236 2508 2432 2554 timorem,

1406 2582 1477 2618 per
1497 2571 1632 2608 salutis
1659 2569 1944 2615 invitationem,
1980 2572 2016 2606 et
2046 2569 2195 2607 virtutis
2232 2569 2431 2606 excitatio-

1406 2643 1498 2670 nem
1517 2633 1571 2669 sie
1594 2632 1647 2668 ait
1667 2643 1676 2668 :
1701 2631 1896 2677 Concupivi
1922 2631 2081 2667 salutare
2106 2634 2220 2677 tuum,
2242 2632 2434 2678 quantum

1407 2694 1459 2731 ad
1480 2694 1661 2731 eflectum
1691 2692 1894 2729 invitatum
1903 2704 1915 2739 3
1956 2694 2122 2734 Domine,
2162 2693 2355 2739 quantum
2381 2690 2435 2728 ad

1406 2766 1540 2802 regem
1561 2754 1789 2791 invitantem
1801 2766 1812 2800 ;
1832 2755 1880 2790 Et
1900 2754 1958 2790 lem
1985 2756 2068 2799 tua,
2090 2755 2282 2800 quantum
2309 2752 2362 2790 ad
2379 2751 2435 2789 le-

1407 2828 1498 2864 gem
1519 2817 1769 2863 excitantem3
1789 2816 1982 2852 Meditatio
1997 2825 2074 2852 mea
2092 2818 2156 2862 est,
2177 2817 2368 2864 quantum
2382 2813 2434 2852 ad

1407 2876 1647 2914 intellectum
1666 2875 1887 2913 excitatum.

1770 3019 1989 3047 VERSICULUS
2013 3019 2076 3045 XV.

1456 3124 1654 3160 175.Vivet
1674 3123 1798 3158 anima
1816 3131 1905 3166 mea,
1927 3123 1999 3158 etc.
2023 3119 2190 3167 Clypeus
2209 3118 2430 3167 spiritualis,

1409 3184 1684 3222 scilicetvirtus
1697 3181 1896 3227 orationis,
1909 3191 1991 3218 non
2009 3183 2161 3218 tantum
2171 3179 2341 3228 protegit
2349 3189 2433 3216 ora-

1409 3250 1534 3284 torem
1553 3256 1575 3283 a
1594 3247 1703 3293 parte
1723 3243 1903 3281 exteriori
1923 3244 2058 3280 eontra
2087 3242 2270 3279 timorem
2287 3239 2433 3288 passio-

1409 3308 1483 3353 nis,
1505 3309 1542 3344 et
1561 3317 1585 3344 a
1601 3307 1711 3354 parte
1737 3303 1911 3342 interiori
1938 3304 2074 3341 contra
2104 3302 2286 3339 timorem
2304 3299 2430 3338 offen-

1411 3407 1460 3437 19.
1483 3421 1523 3428 —
1545 3405 1571 3427 ¹⁰
1589 3404 1693 3440 Rom..
1711 3410 1752 3443 11,
1772 3403 1822 3434 18.
1843 3418 1883 3426 -
1905 3402 1926 3420 ¹¹
1945 3400 2055 3439 Prov.,
2075 3405 2135 3438 111,
2157 3399 2210 3430 21.
2227 3414 2269 3420 —
2292 3397 2317 3419 ²²
2335 3397 2429 3430 Psal.

1410 3459 1518 3491 xviii,
1551 3453 1601 3483 15.
1630 3467 1670 3473 -
1699 3450 1723 3469 ¹³
1745 3448 1833 3481 Psal.
1862 3448 1946 3487 hoc,
1979 3447 2030 3478 92.
2059 3461 2098 3467 —
2127 3444 2151 3466 ’Β
2176 3443 2274 3485 ibid„
2308 3446 2359 3476 97.
2392 3461 2429 3467 —

1411 3498 1434 3516 ¹⁵
1455 3497 1592 3536 Golas-s„
1614 3504 1665 3537 111,
1687 3497 1735 3528 14.
