2633 3878
1132 201 1377 244 PSALMUS
1408 202 1582 245 CXVIII.

282 295 385 341 phus
405 294 458 332 ait
478 294 531 331 ita
550 295 559 317 ¹
583 306 592 331 :
614 307 631 328 «
649 293 863 342 Exquisivit
881 296 918 330 te
937 291 1056 329 facies
1076 302 1177 329 mea.
1197 306 1212 325 υ
1231 293 1322 337 Quae

284 360 340 393 est
359 357 477 393 facies
498 357 580 402 illa,
600 356 674 393 nisi
695 356 877 403 superior
897 354 1061 392 rationis
1077 353 1211 399 facies,
1230 365 1319 402 quae

283 421 337 456 est
356 419 586 456 divinorum
605 418 846 466 speculativa
860 418 878 454 ἱ)
907 419 958 454 De
986 416 1160 453 secundo
1186 416 1319 464 psallit

282 483 475 530 Propheta
493 482 507 502 ²
529 495 536 519 :
563 496 581 516 «
600 484 641 518 In
661 485 741 518 toto
763 481 883 518 corde
904 491 997 518 meo
1020 480 1213 527 exquisivi
1235 482 1284 517 te.
1299 493 1316 514 »

281 546 351 581 Per
370 545 500 582 cordis
527 544 757 581 totalitatem
783 554 995 591 possumus
1025 542 1202 590 accipere
1231 552 1319 590 per-

280 606 422 644 fectam
452 606 720 652 voluntatem,
749 606 844 654 quia
880 605 1102 642 secundum
1143 604 1320 642 Philoso-

279 669 404 716 phum
433 670 460 714 ³,
494 671 603 704 totum
633 670 670 704 et
698 671 899 714 perfectum
932 667 1040 704 idem
1063 679 1071 703 :
1094 667 1183 703 licet
1217 666 1319 704 illud

278 731 446 767 verbum
466 729 577 766 aliter
595 730 718 776 possit
738 729 907 778 exponi,
936 729 1036 766 sicut
1061 729 1241 777 superius
1262 730 1319 765 est

279 803 520 840 expressum.
553 792 618 828 Hic
653 792 759 829 enim
778 794 903 829 totum
929 791 1140 839 exponitur
1171 790 1315 828 collec-

278 855 373 901 tive3
395 855 466 891 sed
485 855 666 901 superius
687 854 867 891 divisive.
896 856 946 890 Dc
968 854 1081 891 tertio
1102 853 1196 891 dicit
1216 854 1318 890 Psal-

276 916 520 964 mographus
533 916 546 938 '⁴
563 929 571 953 :
594 918 742 953 «Deum
761 916 957 964 exquisivi
970 916 1156 953 manibus
1174 916 1285 962 meis,
1296 929 1312 950 »

274 977 316 1014 id
337 981 411 1024 est,
435 978 686 1016 manualibus
708 978 861 1026 pietatis
882 978 1087 1015 exercitiis.

714 1087 884 1129 Epilogus.

320 1168 380 1204 Ait
412 1178 506 1215 ergo
532 1168 660 1215 J'ustus
685 1171 848 1216 propter
878 1168 1164 1205 contumeliam
1190 1171 1227 1206 et
1253 1180 1316 1206 ca-

272 1229 467 1267 lumniam
504 1230 715 1278 prolapsus
750 1231 792 1267 in
827 1231 1111 1278 impatientiam
1126 1258 1138 1276 ‚
1180 1234 1316 1278 petens

274 1292 462 1329 divinitus
479 1293 730 1340 impatientiae
751 1304 844 1339 suae,
862 1295 1054 1341 tanquam
1073 1293 1315 1332 infirmitatis

272 1356 475 1403 pessimae,
495 1355 736 1392 medicinam
760 1367 768 1391 :
793 1356 909 1400 Aufer
930 1367 951 1392 α
971 1368 1042 1402 me,
1064 1359 1225 1404 propter
1244 1357 1317 1395 im-

271 1418 500 1465 patientiam
521 1420 720 1455 causatam
739 1418 780 1454 in
798 1429 859 1454 me
873 1446 885 1464 ,
906 1419 1170 1466 pertinentem
1185 1419 1237 1456 ad
1259 1419 1314 1456 af-

270 1480 416 1516 fectum
436 1493 445 1527 3
485 1481 724 1527 Opprobrt'wn
742 1510 752 1523 ,
790 1483 984 1528 quantum
1017 1481 1070 1518 ad
1103 1484 1314 1518 contume-

271 1542 384 1583 liam,
408 1542 661 1590 impatientiae
682 1553 843 1579 causam
859 1572 869 1588 ,
893 1543 1125 1580 attinentem
1146 1544 1198 1581 ad
1218 1544 1313 1582 affa-

270 1607 375 1650 tum;
395 1606 443 1640 Ec
464 1607 722 1651 contemptum,
749 1608 943 1652 quantum
964 1605 1016 1642 ad
1035 1606 1282 1643 calumniam
1300 1635 1312 1652 ‚

270 1666 518 1703 contumeliae
532 1677 708 1713 causam,
730 1670 972 1714 spectantem
989 1668 1041 1705 ad
1060 1668 1311 1716 despectum;

270 1729 365 1772 Quia
384 1732 595 1765 testimonia
613 1732 676 1765 tica
699 1732 897 1776 eaequz‘stvc',
914 1732 1109 1777 quantum
1130 1730 1182 1767 ad
1198 1731 1311 1777 justi-

268 1791 376 1834 tiam,
401 1791 609 1828 calumniae
644 1792 895 1829 occasionem
933 1803 1016 1829 non
1046 1793 1180 1830 datam
1195 1821 1206 1840 ,
1241 1794 1312 1831 sed

268 1855 489 1901 acceptam,
512 1853 787 1902 respicientem
808 1854 1004 1891 effectum.

634 2002 858 2030 VERSICULUS
885 2003 951 2030 vn.

316 2109 372 2144 23.
390 2107 535 2143 Etenim
546 2106 716 2143 sederunt
727 2109 924 2152 princz'peS,
941 2106 1095 2143 ete.Viri
1111 2106 1204 2153 justi
1225 2107 1310 2143 ani-

267 2181 356 2207 mus
378 2169 591 2218 tepefactus
607 2172 770 2218 propter
790 2170 1077 2217 inspectionem
1097 2173 1134 2206 et
1152 2170 1312 2218 despec-

268 2232 417 2269 tionem
436 2231 651 2269 laudabilis
671 2234 794 2278 actus,
812 2231 991 2269 adhibito
1012 2232 1192 2269 remedio
1209 2232 1312 2269 circa

267 2295 569 2342 tepet'actionem
590 2297 626 2331 et
659 2294 953 2342 despectionem
969 2308 979 2342 3
1008 2295 1072 2331 hic
1100 2295 1312 2333 adhibetur

264 2358 488 2394 remedium
509 2357 613 2394 circa
645 2357 932 2405 inspectionem
946 2387 958 2401 ,
979 2357 1212 2395 meditando
1234 2357 1310 2395 mi-

265 2420 477 2457 serabilem
507 2419 777 2467 inspectorum
801 2420 1053 2457 abusionem.
1082 2420 1191 2457 Unde
1217 2431 1310 2468 pro-

264 2481 366 2519 fecto
386 2482 425 2518 in
446 2482 629 2530 praesenti
648 2482 845 2518 versiculo
860 2485 1048 2519 notantur
1067 2482 1311 2534 inspectores

265 2544 506 2590 inordinati,
540 2547 576 2581 et
605 2544 780 2592 perversi
815 2544 956 2581 ordine
985 2555 1199 2592 perverso,
1228 2544 1310 2582 sive

263 2607 497 2654 retrogrado
514 2635 526 2653 ,
546 2610 736 2655 tanquam
766 2606 932 2653 curiosi,
954 2607 1219 2654 murmurosi,
1246 2606 1309 2645 su-

264 2670 378 2717 riosi,
408 2672 444 2707 et
472 2670 665 2716 injuriosi.
695 2669 840 2714 Quaeris
872 2669 1106 2717 quomodo?
1135 2669 1308 2714 Curiosi,

264 2732 524 2780 suspicando;
547 2731 815 2778 murmurosi,
838 2731 1104 2769 mordicando
1112 2745 1123 2778 3
1150 2732 1309 2778 furiosi,

265 2784 438 2833 alien'um
463 2796 527 2842 Jus
558 2794 634 2831 sii—‚i
661 2794 937 2841 vendicand03
971 2795 1178 2841 injuriosi,
1215 2794 1308 2832 alie-

265 2868 359 2895 nam
375 2858 566 2905 justitiam
588 2857 792 2895 temerarie
810 2857 1048 2904 judicando.

601 2966 791 3002 Articulus
814 2967 878 3012 pri*
882 2976 970 3002 mus.

314 3050 582 3096 Inspectorum
602 3048 842 3095 injuriositas
862 3049 1068 3096 clucescit,
1089 3061 1182 3087 cum
1201 3050 1305 3087 Psal-

266 3112 381 3147 mista
399 3111 597 3159 praemittit
613 3124 620 3148 :
639 3113 782 3148 Etenim
801 3112 993 3155 sedcrunt3
1015 3123 1061 3148 ac
1082 3112 1113 3149 si
1134 3112 1305 3150 diceret:

264 3175 349 3210 Non
370 3176 426 3210 est
452 3173 636 3210 mirabile
656 3174 688 3210 si
709 3173 999 3221 despexerunt,
1032 3175 1126 3222 quia
1146 3175 1308 3213 misera-

264 3236 396 3274 biliter
422 3237 689 3284 inspexerunt.
717 3237 862 3272 Etenim
897 3237 1085 3280 sederunt,
1116 3240 1306 3285 tanquam

260 3299 439 3347 judices;
462 3299 532 3336 sed
558 3302 705 3336 temere
737 3298 944 3344 sederunt,
977 3299 1072 3347 quia
1101 3300 1306 3337 temerarie

260 3362 506 3408 judicantes,
535 3365 572 3399 et
591 3362 731 3400 alienae
746 3362 904 3409 justitiae
925 3361 1239 3409 praeJ'udicantes.
1262 3363 1307 3400 Et

314 3447 428 3479 ¹Psal.
448 3454 549 3487 xxvi,
575 3448 606 3479 8.
627 3463 669 3470 —
689 3447 703 3468 ²
722 3446 814 3478 Psal.
840 3445 925 3486 hoc,
954 3448 1003 3478 10.
1031 3462 1071 3470 -—
1098 3446 1109 3464 ³
1128 3445 1244 3488 Arist„
1266 3447 1306 3479 cle

266 3493 363 3535 Cael„
387 3493 444 3527 lib.
469 3496 492 3525 t.
512 3511 554 3519 —
573 3494 586 3515 ⁴
611 3493 701 3526 Psal.
729 3500 848 3533 Lxxvt,
868 3495 899 3526 3.
918 3510 957 3518 —
976 3493 989 3516 ⁵
1010 3494 1054 3526 ΙΙΙ
1072 3493 1166 3536 Req„
1185 3502 1248 3536 vii,
1269 3496 1300 3528 8.

2356 216 2432 254 340

1399 296 1514 338 ΠΟῑᾶ,
1543 293 1654 340 quod
1679 295 1861 340 judicum
1887 302 1942 336 est
1967 298 2123 344 sedere,
2159 300 2230 336 sed
2257 300 2433 337 diverso·
2475 308 2593 354 iudices

1396 365 1486 391 rum
1515 354 1795 395 diversimode.
1817 360 1985 404 Quidam
2012 361 2150 398 sedent
2174 362 2226 398 ad
2251 363 2430 409 Judican-
2459 347 2583 416 ἀῐζζξᾶξξ

1398 416 1495 453 dum
1518 417 1707 463 justitiam
1721 447 1732 463 ,
1764 420 2038 469 dissipandum
2060 424 2269 471 malitiam,
2291 437 2432 463 conso·
2454 430 2589 458 dicuntur

1396 477 1563 515 landum
1583 479 1790 526 tristitiam,
1807 485 2125 531 persequendum
2142 486 2430 525 innocentiam:
2454 471 2565 502 sedere,

1395 551 1568 587 quorum
1588 542 1763 589 primum
1781 545 1948 591 pertinet
1971 546 2024 582 ad
2049 547 2205 592 justitiae
2232 549 2432 587 sincerita-

1396 604 1495 647 tem;
1523 604 1768 652 secundum,
1795 606 1847 643 ad
1866 608 2136 655 severitatem3
2165 611 2321 648 tertium
2339 641 2349 658 ,
2378 613 2430 649 ad

1394 664 1579 710 pietatem
1591 678 1600 712 ;
1620 670 1820 715 quartum,
1843 669 1895 706 ad
1910 670 2164 718 impietatem.
2182 675 2231 708 Dc
2252 673 2380 720 primo
2395 676 2428 711 ⁵:

1398 740 1415 758 «
1435 727 1537 763 Fecit
1556 728 1744 766 Salomon
1764 730 2074 779 domunculam,
2099 734 2140 770 in
2161 745 2240 782 qua
2269 737 2432 774 sedebat

1393 788 1446 824 ad
1469 789 1754 838 judicandum,
1777 807 1794 828 »
1818 794 1964 832 scilicet
1985 796 2176 842 justitiam
2204 809 2212 833 ι
2235 808 2323 835 ecce
2350 799 2429 835 sin-

1394 852 1545 890 ceritas,
1571 855 1621 890 De
1642 855 1818 893 secundo
1834 858 1846 879 ⁶
1863 869 1871 893 ;
1894 870 1911 891 ε(
1928 860 2007 894 Rex
2022 887 2034 904 ,
2056 860 2125 907 qui
2145 860 2253 897 sedet
2271 861 2311 897 in
2329 862 2429 899 solio

1388 913 1554 962 judicii,
1590 915 1756 964 dissipat
1787 929 1905 955 omne
1932 920 2086 957 malum
2116 921 2257 959 intuitu
2283 934 2354 960 suo
2379 937 2386 960 :
2410 939 2427 959 »

1393 987 1482 1014 ecce
1496 978 1695 1015 severitas.
1713 982 1762 1017 De
1778 981 1891 1019 tertio
1903 983 1916 1004 ⁷
1934 995 1941 1019 :
1966 984 2092 1020 «Cum
2106 984 2299 1031 sederem,
2315 988 2430 1033 quasi

1390 1049 1485 1086 rex,
1512 1040 1786 1080 circumstante
1818 1045 2014 1092 exercitu,
2043 1043 2151 1083 eram
2180 1049 2312 1085 tamen
2332 1059 2429 1085 moe-

1391 1102 1561 1139 rentium
1582 1105 1809 1142 consolator
1830 1119 1871 1143 :n
1894 1118 1983 1144 ecce
2003 1108 2140 1156 pietas
2164 1111 2214 1146 De
2237 1113 2377 1158 quarto
2394 1113 2429 1148 ⁸:

1395 1177 1414 1199 «
1433 1166 1539 1203 Sedit
1571 1168 1786 1205 Demetrius
1820 1170 1908 1217 (qui
1945 1170 2222 1219 interpretatur
2262 1174 2430 1211 nimium
2488 1189 2591 1216 neme-

1390 1230 1655 1277 persequens)
1677 1241 1797 1279 super
1817 1232 1954 1269 sedem
1972 1234 2086 1280 regni
2106 1236 2165 1271 sui
2185 1247 2227 1272 :»
2251 1246 2341 1274 ecce
2361 1237 2432 1274 im-
2452 1229 2536 1258 ‘¹5⁰⁴'

1391 1289 1529 1337 pietas.

1712 1342 1898 1379 Arte'culas
1922 1344 2108 1380 secundas.

1439 1417 1650 1455 Furiositas
1683 1419 1912 1466 innotescit,
1942 1432 2034 1459 cum
2054 1423 2247 1471 Propheta
2267 1426 2430 1473 subjun-

1389 1479 1443 1525 git
1464 1492 1472 1515 :
1493 1480 1693 1528 Principes.
1717 1484 1801 1527 Quo
1822 1486 1967 1530 pacto?
1988 1494 2068 1521 non
2090 1485 2139 1522 de
2157 1486 2266 1533 jure,
2288 1488 2358 1524 sed
2380 1489 2429 1525 de

1387 1541 1512 1589 fact03
1534 1553 1616 1580 non
1637 1543 1839 1582 ordinaria
1855 1546 2152 1594 jurisdictione,
2175 1549 2245 1585 scd
2267 1552 2431 1588 temera-

1387 1605 1446 1641 ria
1466 1607 1737 1654 usurpatione.
1769 1608 1878 1645 Unde
1904 1620 1986 1646 non
2012 1613 2068 1647 est
2087 1610 2268 1648 mirabile
2285 1640 2296 1658 ,
2319 1614 2350 1649 si
2371 1626 2430 1651 se-

1389 1666 1531 1704 derunt
1551 1668 1776 1714 judicantes
1810 1670 2021 1717 injuriose,
2055 1673 2123 1720 qui
2154 1674 2244 1710 facti
2271 1674 2429 1712 suerunt

1387 1729 1586 1778 principes
1615 1731 1776 1769 furiose.
1810 1735 1854 1769 Et
1887 1737 1981 1770 nota
2013 1734 2062 1770 de
2095 1726 2242 1772 talibus
2272 1736 2427 1774 furiosis
2479 1745 2588 1773 Princi-

1386 1790 1653 1839 principibus,
1676 1794 1796 1841 ¹quod
1825 1800 2106 1843 comparantur
2125 1798 2225 1834 ursis
2253 1800 2425 1837 esurien-
2447 1796 2517 1856 {³33}
2528 1788 2590 1863 ἐξ,

1386 1852 1491 1890 tibus
1506 1881 1516 1898 ‚
1539 1854 1723 1892 leonibus
1741 1856 2012 1905 rugientibus,
2044 1863 2080 1897 et
2108 1860 2212 1908 lupis
2238 1862 2426 1910 rapienti·
2448 1870 2594 1898 buscom-

1386 1915 1474 1953 bus
1505 1917 1656 1955 Habent
1675 1919 1782 1957 enim
1802 1920 2101 1959 similitudinem
2125 1935 2309 1962 ursorum
2341 1937 2428 1964 esu-
2448 1913 2588 1948 parentur

1385 1979 1594 2027 rientium,
1628 1984 1793 2029 propter
1822 1984 2017 2022 furiosum
2057 1986 2297 2025 desiderium
2308 2002 2319 2036 3
2349 1989 2427 2027 leo-

1385 2050 1483 2079 num
1503 2043 1769 2092 rugientium,
1797 2050 1958 2095 propter
1977 2048 2171 2087 furiosum
2193 2050 2423 2100 eloquium3

1385 2102 1574 2152 luporum
1593 2107 1832 2155 rapientium
1845 2137 1857 2155 ,
1876 2112 2038 2158 propter
2059 2111 2254 2149 furiosum
2278 2116 2425 2152 exerci-

1386 2166 1497 2205 tium.
1531 2169 1583 2205 De
1602 2170 1733 2217 primo
1753 2171 1766 2192 ⁹
1790 2183 1798 2207 :
1826 2173 1979 2209 «Ursus
2013 2174 2217 2221 esuriens,
2243 2176 2426 2225 princeps

1384 2229 1530 2278 impius
1559 2242 1678 2279 super
1706 2233 1903 2281 populum
1935 2245 2152 2283 pauperem
2174 2250 2182 2274 :
2205 2251 2222 2272 »
2249 2249 2338 2275 ecce
2358 2239 2422 2276 fu-

1385 2291 1490 2330 riosa
1510 2295 1717 2332 voracitas
1739 2297 1790 2333 De
1811 2297 1986 2334 secundo
2006 2298 2033 2321 ¹⁰
2056 2312 2064 2334 :
2092 2313 2109 2332 «
2128 2299 2326 2348 Principes
2342 2302 2426 2348 ejus

1384 2354 1426 2392 in
1451 2356 1586 2395 medio
1617 2358 1724 2404 ejuS,
1749 2360 1863 2407 quasi
1883 2359 2018 2398 leones
2043 2362 2270 2409 rugientes:
2293 2377 2310 2398 »
2336 2375 2423 2401 ecce

1383 2416 1534 2457 furiosa
1553 2420 1774 2459 minacitas.
1796 2424 1848 2460 De
1868 2423 1979 2461 tertio
1996 2424 2022 2446 ¹¹
2045 2436 2053 2461 :
2080 2439 2098 2459 «
2118 2426 2313 2474 Principes
2341 2427 2425 2474 ejus

1384 2478 1426 2517 in
1438 2481 1572 2519 medio
1588 2482 1716 2530 illius,
1733 2485 1848 2532 quasi
1867 2486 1951 2534 lupi
1966 2487 2163 2536 rapientes
2183 2490 2362 2537 praedam
2380 2502 2418 2527 z»

1384 2552 1474 2580 ecce
1494 2542 1644 2583 furiosa
1664 2547 1873 2594 rapacitas.

1724 2654 1908 2690 Articulus
1936 2656 2076 2691 tertius.

1431 2735 1724 2772 Murmurositas
1743 2747 1910 2784 quaeque
1928 2737 2116 2785 clarescit,
2140 2749 2230 2776 cum
2251 2740 2420 2778 Psalmo-

1383 2797 1558 2845 graphus
1586 2797 1670 2846 ipse
1698 2798 1919 2837 subnectit:
1943 2802 1991 2837 Ec
2015 2802 2203 2838 adversum
2225 2814 2278 2839 me
2299 2805 2419 2850 quue-

1382 2860 1526 2896 bantur.
1548 2860 1722 2898 Adversa
1748 2861 1895 2899 locutio
1917 2865 1974 2899 est
1992 2864 2327 2902 murmurantium
2348 2866 2420 2902 ob-

1381 2920 1576 2960 locutoria
1596 2923 1846 2962 mordicatio.
1869 2926 1911 2961 Et
1937 2929 2052 2972 nota,
2077 2926 2185 2974 quod
2214 2927 2421 2975 loquentes

1381 2996 1633 3024 murmurose
1654 2987 1874 3036 loquuntur
1891 2990 2011 3035 male,
2033 3000 2183 3037 aspere,
2201 2993 2237 3027 et
2251 2993 2418 3028 temero.-

1381 3049 1485 3086 male
1518 3049 1682 3098 quidem
1718 3054 1881 3099 propter
1914 3051 2202 3099 malignitatem
2238 3053 2419 3090 materia-

1380 3110 1480 3158 lem,
1510 3112 1605 3160 quia
1632 3112 1852 3161 loquuntur
1884 3114 1934 3151 de
1959 3114 2066 3151 malo
2076 3127 2087 3161 3
2122 3125 2258 3162 aspere
2288 3118 2419 3152 autem

1380 3176 1544 3222 propter
1564 3175 1814 3223 asperitatem
1831 3176 2056 3223 formalem,
2075 3177 2169 3225 quia
2186 3187 2266 3214 non
2286 3177 2417 3214 solum

1379 3236 1600 3285 loquuntur
1633 3237 1681 3275 dc
1712 3238 1843 3285 malo,
1877 3238 1947 3275 sed
1979 3239 2096 3276 etiam
2130 3239 2237 3275 malo
2272 3239 2416 3286 mod03

1379 3301 1526 3336 temere
1546 3310 1641 3338 vero
1661 3303 1824 3349 propter
1843 3300 2100 3338 temeritatem
2120 3300 2302 3347 finalem,
2325 3302 2419 3349 quia

1380 3415 1416 3421 —
1435 3398 1448 3420 ⁶
1465 3399 1574 3435 Prov..
1594 3407 1655 3439 xx,
1674 3400 1705 3431 8.
1723 3414 1763 3422 -
1782 3399 1792 3417 ⁷
1809 3398 1879 3437 Job,
1901 3406 1998 3440 xxix,
2019 3401 2071 3431 25.
2089 3417 2131 3423 —
2150 3401 2161 3419 ⁸
2181 3400 2191 3431 Ι
2214 3399 2335 3440 Maeli.¹
2357 3408 2417 3442 vii,

1378 3451 1409 3480 4.
1439 3463 1480 3471 --
1505 3446 1519 3468 ⁹
1547 3447 1658 3485 Pron„
1686 3453 1816 3487 xxviii,
1851 3448 1902 3480 15.
1923 3463 1964 3470 —
1998 3448 2019 3466 ¹⁰
2044 3447 2206 3490 sophon„
2233 3456 2290 3487 ιιι,
2322 3451 2354 3480 3.
2376 3465 2417 3472 -

1381 3495 1403 3516 ¹¹
1420 3493 1553 3534 Ezecle„
1573 3501 1660 3534 xxu,
1680 3495 1732 3526 27.
