2633 3878
2245 212 2289 240 Xl

156 305 405 348 Jadoeorum
425 301 600 355 loquens
618 299 662 339 in
683 297 790 338 libro
809 295 1068 349 Sapientioe,
1093 298 1141 333 ut
1161 292 1455 346 philosophus,
1491 294 1549 333 sic
1582 293 1721 346 inquit
1747 304 1760 332 .·
1800 294 1940 346 Vapor
1968 296 2050 341 est,
2079 292 2158 330 etc.
2189 288 2289 330 Haee

156 383 368 436 postrema
386 379 506 420 lectio
525 374 781 418 conformior
801 375 863 414 est
880 372 982 422 illis,
1005 381 1103 424 quae
1122 369 1173 410 de
1193 368 1365 410 laudato
1384 368 1559 411 Philone
1578 369 1807 411 tradiderat
1825 369 2126 411 Bonaventura
2144 368 2287 408 noster

157 460 203 501 in
223 455 533 500 Commentario
553 453 651 494 libri
678 450 925 506 Sapientioe.

464 588 484 633 ξ
510 587 570 623 111.
593 604 639 612 —
666 585 786 621 Smnm
811 583 1045 618 ExposlTlole
1069 590 1107 615 in
1134 580 1347 615 PSALTERIUM
1373 578 1597 625 (Pi-odwin„
1625 577 1691 613 col.
1723 579 1790 614 629
1817 580 1852 613 ct
1878 576 1985 623 seq.).

195 697 233 734 1.
251 687 711 740 Probaturlegitimum
724 684 1033 726 Bonaventurae
1049 679 1310 734 Opusculum
1318 679 1477 720 nedum
1489 678 1734 730 universali,
1746 678 1818 718 scd
1832 679 1873 719 et
1888 677 1954 717 sin
1960 676 2100 729 gulari
2113 676 2292 718 editione

155 764 380 814 Vaticana,
402 761 625 814 magisque
639 760 917 802 confirmatur
931 765 1068 800 vetere
1086 757 1347 811 exemplari,
1371 769 1506 798 manu
1535 762 1728 806 exarato,
1751 755 1863 809 quod
1899 759 2108 807 tanquam
2118 754 2297 808 proecla-

157 853 256 882 rum
281 851 438 881 munus
456 839 582 881 Sixto
608 838 652 888 V,
676 838 877 888 Pontifici
896 837 1089 877 maximo
1098 866 1111 886 ,
1128 847 1180 875 esc
1202 835 1385 876 Etruria
1410 834 1607 885 allatam,
1632 834 1755 874 bonae
1786 834 1920 882 notae,
1944 833 2071 884 atque
2091 830 2143 871 ad
2169 830 2296 871 fidem

156 917 393 959 faciendam
419 915 642 964 idoneum,
671 914 929 955 credendum
958 916 1020 954 est
1043 928 1051 953 :
1081 913 1317 966 praesertim
1348 924 1447 952 cum
1476 923 1562 952 non
1586 910 1713 951 modo
1737 909 1999 950 locutionum
2023 909 2192 961 forma,
2227 907 2303 949 secl

159 994 291 1035 etiam
314 993 508 1034 doctrina
532 992 586 1032 stt
610 1003 708 1032 cam
731 991 890 1033 coetem's
917 990 1030 1031 illias
1057 989 1281 1043 Opusczclz's
1306 993 1347 1029 et
1364 987 1716 1042 Exposz'te'onz'bus
1739 986 2021 1036 consentiens,
2044 987 2092 1025 ut
2111 984 2299 1025 animad-

157 1072 330 1112 vertunt
347 1069 392 1110 in
409 1069 681 1121 Argumento
702 1067 881 1108 Romani
901 1067 1106 1109 Editores.
1136 1067 1326 1109 Profecto
1354 1066 1467 1119 quod
1495 1064 1742 1118 huiusmodi
1769 1063 1962 1105 Summae
1990 1065 2136 1104 auctor
2155 1062 2301 1103 scribit

158 1147 209 1189 cle
227 1147 490 1202 perfectione
511 1146 672 1187 senarii
693 1145 888 1197 numeri,
917 1150 958 1186 et
983 1145 1074 1199 ejus
1088 1144 1287 1199 partibus
1309 1144 1511 1197 aliquotz's
1531 1143 1561 1192 ¹,
1585 1142 1799 1183 conforme
1818 1140 1991 1181 omnino
2011 1143 2074 1180 est
2098 1139 2171 1190 iis,
2202 1151 2300 1192 quae

153 1226 200 1268 S.
224 1227 525 1267 Bonaventura
550 1223 671 1265 docet
689 1223 849 1264 nedum
873 1222 917 1263 in
937 1221 1332 1264 Illamz‘natz'onibus
1358 1219 1607 1270 Ecclesiffl,
1640 1218 1712 1260 sed
1735 1217 1862 1259 etiam
1888 1217 1997 1258 libro
2021 1216 2160 1270 primo
2189 1216 2299 1258 Sen-

157 1302 432 1345 tentz'arum³.
464 1300 544 1342 Ubi
580 1300 709 1342 etiam
740 1302 876 1341 Deum
905 1299 1093 1341 mediam
1123 1298 1243 1340 velut
1272 1299 1467 1338 centrum
1496 1295 1540 1336 in
1573 1295 1742 1348 sphaera
1773 1293 1996 1347 praedicat,
2033 1293 2299 1343 adnotando,

157 1380 270 1433 quod
290 1379 401 1420 Deus
429 1378 614 1419 «dicitur
632 1381 742 1418 stare
762 1377 807 1417 in
830 1377 991 1426 medio,
1019 1388 1105 1417 non
1131 1377 1251 1416 extra
1279 1374 1478 1415 exclusus
1515 1387 1524 1413 ι
1548 1384 1649 1414 nam
1676 1372 1831 1413 dicitur
1862 1372 1974 1412 intra
2005 1369 2170 1421 omnia,
2202 1369 2303 1422 quia

158 1457 302 1499 omnia
323 1455 456 1509 replet
477 1470 485 1496 :
507 1457 627 1496 extra
651 1455 817 1505 omnia,
848 1454 948 1507 quia
977 1453 1122 1495 omnia
1145 1453 1333 1493 continet
1356 1464 1365 1492 :
1389 1463 1519 1503 supra
1540 1449 1684 1491 omnia
1698 1481 1708 1500 ,
1731 1449 1832 1501 quia
1851 1447 2051 1489 omnibus
2071 1446 2269 1500 praesidet
2291 1461 2299 1488 :

158 1534 308 1576 subtus
327 1533 493 1584 omnia,
516 1532 618 1586 quia
636 1531 781 1573 omnia
802 1530 1028 1579 sustinet¹⁹3
1059 1541 1147 1571 non
1177 1528 1368 1571 dissentit
1395 1540 1421 1568 a
1446 1527 1768 1575 Bonaventura,
1799 1524 1872 1577 qui
1898 1523 1942 1563 iu
1970 1534 2049 1564 suo
2074 1522 2303 1564 Itz'nerarz'o

157 1612 309 1654 mentis
337 1613 382 1652 in
405 1613 544 1653 Deum
563 1611 756 1664 agnoscit
774 1610 907 1651 Deum
927 1611 1134 1661 tanquam
1154 1607 1348 1648 omnium
1372 1604 1586 1658 sphaeram
1604 1601 1936 1655 z'ntelliqz'bz'lem,
1965 1599 2087 1653 cujus
2112 1604 2304 1640 centrum

157 1695 218 1731 est
237 1690 416 1744 ubique,
447 1693 486 1732 et
507 1687 858 1741 circumferentia
884 1698 1101 1740 nusquam
1120 1697 1134 1726 .·
1165 1689 1382 1734 centrum,
1411 1682 1589 1734 inquam
1605 1713 1615 1733 ,
1647 1679 1761 1734 quod
1793 1694 1812 1717 «
1831 1678 1980 1719 stabile
1998 1689 2192 1727 manem,
2217 1688 2305 1718 mo-

154 1768 246 1810 veri
279 1767 349 1809 dat
386 1767 610 1816 universa,
649 1768 690 1806 et
730 1769 792 1806 est
832 1765 946 1806 intra
988 1764 1155 1813 omnia,
1186 1776 1273 1804 non
1304 1762 1544 1811 inclusum;
1579 1761 1700 1801 extra
1731 1757 1899 1808 omnia,
1935 1768 2022 1797 non
2055 1755 2302 1806 exclusum3

153 1857 282 1899 supra
301 1844 448 1885 omnia
467 1855 553 1884 non
575 1842 759 1893 elatum3
787 1842 938 1883 subtus
959 1841 1128 1892 omnia,
1151 1852 1237 1881 non
1256 1841 1520 1893 prostratum
1534 1841 1563 1878 ⁵.
1583 1851 1602 1875 >³
1627 1835 1745 1877 Sicut
1765 1837 1911 1876 autem
1937 1833 2051 1874 idem
2081 1832 2302 1873 Bonaven-

154 1924 334 1963 ventura
353 1921 458 1962 alibi
481 1919 600 1973 loqui
619 1920 838 1961 consuevit
847 1920 1070 1973 fusiusque
1090 1919 1297 1960 disserere
1317 1917 1368 1958 de
1390 1928 1521 1957 sacrae
1543 1914 1774 1968 Scripturae
1794 1911 2059 1967 praestantia,
2082 1913 2122 1951 et
2151 1907 2306 1951 refluc-

156 1999 313 2039 te'onem
354 1998 549 2039 omnium
587 1998 748 2038 artium
784 1997 844 2038 acl
879 1998 913 2039 T
911 1997 1152 2051 heotoqz‘am
1181 1995 1381 2045 ostendit,
1414 1995 1572 2048 pariter
1602 1993 1697 2034 heic
1729 1991 1798 2034 vel
1831 1991 1884 2031 ab
1917 1990 2008 2043 ipso
2043 1987 2306 2030 Praefationis

155 2076 328 2118 exordio
356 2075 552 2117 eamdem
577 2074 867 2128 praestantiam
894 2077 1041 2116 auctor
1066 2074 1232 2124 innuit,
1262 2073 1484 2125 ipsamque
1513 2071 1779 2123 Scripturam
1805 2066 1963 2108 indicat
1987 2077 2087 2106 cum
2115 2064 2305 2105 materiae

154 2153 386 2206 dignitate,
414 2155 508 2193 tum
537 2152 822 2206 profunditate
852 2164 900 2193 ac
933 2151 1191 2201 subtilitate,
1220 2149 1419 2191 omnibus
1447 2148 1540 2189 aliis
1572 2146 1910 2201 praecellentem,
1944 2154 2178 2196 omnesque
2203 2141 2307 2182 alias

156 2233 293 2280 artes,
325 2233 367 2271 et
399 2229 616 2281 scientias,
654 2229 1007 2279 Grammaticam,
1043 2229 1332 2278 Dialecticam,
1370 2226 1660 2275 Rhetoricam,
1694 2221 2043 2272 Arithmeticam,
2071 2219 2274 2262 Musicam
2294 2249 2304 2268 ,

157 2307 443 2350 Geometriam
457 2339 467 2357 ,
489 2307 830 2359 Astronomiam,
853 2307 1101 2360 Physicam,
1123 2305 1246 2360 quasi
1271 2305 1305 2347 T
1303 2304 1509 2357 lzeoloqz'oe
1528 2302 1802 2357 pedissequas
1822 2299 2056 2341 adseverat.

156 2411 162 2415 -
211 2389 250 2426 2.
272 2384 387 2426 Nihil
406 2385 535 2426 etiam
555 2385 713 2434 obstat,
737 2384 969 2437 quominus
989 2396 1083 2425 eam
1106 2383 1432 2436 Expositionem
1457 2381 1502 2422 D.
1533 2380 1847 2422 Bonaventurae
1873 2376 2181 2418 adscribamus.
2211 2373 2306 2415 Non

158 2462 376 2504 silentium
396 2461 616 2503 Ptolomaei
635 2461 856 2513 Lucensis,
878 2473 978 2502 eum
996 2461 1157 2502 similes
1177 2460 1302 2510 alios,
1327 2459 1583 2511 eosdemque
1603 2460 1755 2508 certOS,
1774 2455 1967 2508 ejusdem
1987 2453 2303 2495 Bonaventurae

158 2540 484 2581 commentarios
502 2539 838 2592 praetermiserit.
862 2538 995 2588 Sane,
1018 2538 1157 2590 inquit
1178 2537 1223 2578 P.
1247 2535 1470 2585 Sbaralea,
1501 2549 1520 2572 «
1545 2534 1590 2575 Si
1611 2531 1833 2574 Ptolomaei
1853 2529 2055 2572 Lucensis
2076 2527 2306 2570 auctoritas

159 2618 414 2669 attendatur,
436 2620 485 2658 ut
504 2617 701 2658 excludat
721 2616 829 2657 lianc
854 2615 1170 2669 Expositionem
1185 2646 1194 2664 ‚
1216 2612 1459 2654 excluderet
1485 2610 1613 2652 etiam
1639 2608 1829 2662 Exposit.
1867 2607 1913 2647 in
1937 2605 2012 2646 lib.
2048 2603 2302 2657 Sapientioe,

161 2696 202 2736 et
221 2695 567 2736 Lamentationes
585 2693 802 2744 Jeremiae,
824 2695 865 2734 et
883 2695 1027 2733 tamen
1045 2691 1270 2733 novissimi
1289 2689 1488 2731 Censores
1507 2687 1602 2727 illas
1623 2684 1909 2727 admittunt.»
1931 2680 2025 2723 Non
2039 2680 2176 2721 obstat
2192 2679 2305 2732 quod

151 2770 302 2812 'laudet
319 2770 587 2812 Aristotelem
607 2773 649 2812 et
665 2770 876 2822 Tullium,
898 2781 998 2811 cum
1017 2769 1047 2809 ii
1066 2769 1145 2822 ipsi
1164 2769 1216 2809 ab
1242 2767 1389 2808 eodem
1418 2764 1718 2806 Bonaventura
1742 2761 1788 2801 in
1809 2759 1900 2801 aliis
1932 2757 2184 2800 certioribus
2202 2767 2305 2809 ope-

162 2849 284 2890 ribus
307 2849 448 2890 adhuc
471 2849 734 2902 frequentius
765 2848 1036 2890 adferantur:
1073 2861 1092 2886 <‹
1108 2846 1160 2888 Et
1179 2844 1414 2899 quomodo,
1436 2842 1578 2896 pergit
1603 2838 1826 2888 Sbaralea‚
1849 2837 1894 2878 in
1921 2834 2303 2890 Peripateticorum

163 2925 318 2967 scholis
334 2926 523 2976 edoctus,
542 2926 779 2967 Aristotelis
800 2925 994 2977 vestigiis
1011 2925 1262 2978 neutiquam
1278 2922 1505 2965 adhaesisse
1519 2918 1744 2963 videatur?
1761 2916 1952 2968 Legatur
1964 2916 2057 2968 eJus
2076 2913 2303 2955 Commen-

164 3003 296 3044 tarius
316 3003 360 3043 in
377 3005 559 3056 quatuor
576 3003 708 3044 libros
728 3002 1071 3053 Sententiarum,
1095 3001 1334 3055 praesertim
1352 3001 1398 3040 in
1419 2997 1668 3040 secundum.
1693 2993 1835 3036 Sancti
1855 2991 2062 3034 Antonini
2089 2990 2251 3032 dictum
2279 3002 2304 3029 a

164 3079 419 3122 Censoribus
438 3080 691 3134 productum
707 3080 896 3133 loquitur
912 3080 1181 3133 potissimum
1195 3079 1246 3120 de
1259 3077 1462 3120 asceticis.
1478 3092 1496 3114 »
1515 3073 1761 3117 Addiderim
1774 3083 1872 3125 ego,
1888 3070 2002 3124 quod
2015 3071 2186 3110 sanctus
2202 3067 2304 3108 Doc-

164 3161 230 3199 tor
249 3159 293 3198 in
312 3157 588 3210 Expositione
611 3157 691 3198 hac
713 3170 757 3198 se
777 3169 864 3198 non
884 3156 942 3198 ita
962 3155 1211 3211 huiusmodi
1233 3154 1507 3209 scriptoribus
1527 3151 1706 3194 ethnicis
1727 3149 1943 3191 addictum
1963 3146 2178 3195 ostendat,
2199 3143 2303 3197 quin

164 3234 275 3276 dieat
295 3248 305 3275 ι
329 3233 451 3276 «Non
469 3234 583 3276 enim
603 3234 656 3276 ad
669 3234 865 3288 jacienda
883 3234 981 3276 fidei
1000 3233 1277 3276 fundamenta
1296 3226 1427 3284 elegit
1448 3230 1557 3272 Deus
1577 3228 1786 3272 versutias
1802 3224 2062 3275 AristoteliS‚
2084 3222 2152 3264 vel
2174 3220 2302 3262 Tullii

165 3312 328 3365 lepores
347 3312 578 3354 verborum
604 3312 860 3354 lascivientis
880 3311 1152 3366 eloquentiae,
1183 3313 1225 3352 et
1249 3311 1362 3351 fastu
1391 3307 1605 3350 rhetorico
1638 3305 1853 3347 conditam
1884 3299 2195 3355 eloquentiam,
2229 3297 2301 3339 sed

210 3433 217 3450 ¹
241 3432 278 3463 ln
304 3431 391 3463 Psal.
412 3438 530 3470 cxxlx,
550 3440 628 3473 pag.
651 3433 724 3464 554.
742 3449 783 3455 —
803 3432 813 3451 ²
833 3433 942 3465 Serm.
963 3439 1010 3472 ιν,
1029 3440 1106 3473 pag.
1132 3432 1185 3469 52,
1217 3430 1281 3462 col.
1303 3430 1335 3460 2.
1359 3444 1399 3452 —
1418 3427 1430 3446 ³
1458 3425 1541 3458 Dist.
1564 3431 1602 3463 11,
1635 3425 1699 3455 art.
1730 3426 1762 3464 1,
1783 3431 1817 3463 q.
1836 3422 1866 3460 4,
1886 3420 1921 3453 in
1941 3417 2105 3460 Resolut„
2124 3417 2196 3459 huj.
2220 3414 2299 3448 edit·

168 3481 250 3512 tom.
272 3481 301 3519 1,
323 3487 400 3520 pag.
419 3480 470 3512 58.
490 3495 529 3504 —
549 3478 562 3501 ⁸
582 3479 618 3511 ln
639 3478 726 3511 Psal.
749 3487 867 3518 Lxxxi,
892 3482 920 3520 1,
940 3478 1012 3520 huj.
1033 3478 1117 3512 tomi
1139 3486 1217 3520 pag.
1239 3478 1315 3510 257.
1332 3493 1372 3501 -
1392 3476 1405 3498 ὅ
1426 3475 1510 3515 Cap.
1532 3480 1564 3512 V,
1582 3470 1625 3504 ad
1644 3469 1701 3503 fin·
