2633 3878
64 944 191 971 Verbum

52 989 103 1015 Dei
119 995 190 1022 quo-

82 1033 167 1060 modo

76 1078 171 1101 custo-

50 1115 189 1142 diendum

221 243 297 282 336

218 330 474 372 Pronuntz'avz’5
508 338 597 366 ecce
628 328 772 367 utilitas
804 330 940 366 eontra
967 328 1243 366 infructuosos,

219 390 346 425 Omnia
361 390 532 435 judicia5
554 401 642 429 ecce
659 391 839 430 docilitas
858 393 994 430 contra
1014 391 1244 429 obliviosos,

221 451 303 487 Oris
324 454 379 488 tui
389 464 400 496 ς
424 463 513 490 eece
533 453 726 491 subtilitas
748 456 884 492 contra
903 453 1119 491 fabulosos.

569 601 792 630 VERSICULUS
811 602 889 628 xlv,

260 703 302 737 In
332 703 395 738 via
429 704 709 740 testimoniorum
740 707 902 749 tuorum,
935 704 1005 740 ete.
1028 703 1245 740 versiculus

214 764 448 800 antecedens
468 765 688 812 pertinebat
707 765 758 802 ad
777 765 1025 812 respirantes,
1045 765 1243 802 mediante

212 826 277 860 Dm
304 826 447 871 verbo,
476 826 606 872 ipsum
631 826 821 873 sagaciter
839 826 1046 873 {audiendo
1056 840 1066 873 3
1094 827 1164 864 iste
1184 838 1244 863 se-

213 897 336 934 quens
373 888 540 935 pertinet
571 889 623 926 ad
651 889 908 937 respirantes,
947 890 1144 927 mediante
1178 889 1244 925 Dei

211 949 350 994 verbo,
368 949 498 997 ipsum
515 950 701 988 tenaciter
714 951 987 989 custodiendo.
998 952 1101 988 Sicut
1114 953 1245 988 autem

210 1009 381 1048 insinuat
393 1022 529 1049 versus
544 1013 628 1059 iste,
644 1015 813 1060 quatuor
826 1016 915 1050 sunt
931 1024 1071 1058 causae,
1084 1016 1245 1061 propter

210 1083 310 1120 quas
351 1077 504 1121 oportet
540 1075 671 1122 ipsum
712 1075 897 1112 tenaciter
935 1075 1143 1112 custodire.
1184 1077 1245 1112 Est

210 1144 384 1183 namque
414 1135 583 1173 verbum
611 1137 677 1174 Dei
703 1137 1007 1174 custodiendum
1036 1137 1134 1173 sicut
1160 1136 1243 1174 the-

209 1207 347 1234 saurus
368 1198 599 1235 artifieiosus
613 1227 624 1245 ,
646 1199 847 1245 radiosus,
868 1199 1090 1245 deliciosus,
1113 1198 1245 1246 copio-

209 1269 285 1295 sus.
309 1259 547 1297 Artificiosus
576 1260 732 1306 dicitur,
753 1263 945 1308 quantum
972 1261 1024 1298 ad
1051 1260 1244 1297 mosaicas

208 1319 417 1366 allegorias
426 1333 437 1367 3
469 1321 673 1367 radiosus,
702 1324 895 1370 quantum
918 1322 970 1359 ad
996 1322 1243 1369 evangelicas

208 1380 377 1419 theorias
385 1393 396 1428 3
419 1382 648 1429 deliciosuS,
671 1386 864 1431 quantum
883 1383 936 1421 ad
956 1383 1129 1420 coelestes
1153 1394 1244 1421 ana-

208 1443 346 1490 gogias
357 1456 368 1490 3
389 1444 588 1492 copiosus,
609 1448 802 1493 quantum
821 1445 874 1483 ad
893 1447 1089 1483 terrestres
1108 1448 1243 1493 tropo-

208 1504 347 1552 logias.
366 1505 564 1554 Allegoria
582 1507 750 1555 pertinet
775 1508 828 1544 ad
848 1507 1066 1554 credenda3
1090 1507 1242 1545 theoria

209 1566 260 1603 ad
280 1567 451 1606 videnda
462 1581 473 1615 3
494 1570 692 1617 anagogia
709 1570 762 1608 ad
780 1570 999 1619 speranda3
1020 1570 1242 1619 tropologia

207 1628 259 1666 ad
279 1630 494 1677 operanda.

546 1730 729 1766 Articulus
751 1732 902 1777 primus.

254 1816 298 1852 In
320 1818 394 1853 ria.
426 1817 505 1853 Hoc
533 1816 674 1854 dicitur
705 1820 897 1865 quantum
926 1817 978 1855 ad
1010 1817 1239 1865 allegorias,

207 1888 294 1925 quse
319 1877 392 1914 vice
423 1880 513 1915 sunt
538 1879 591 1916 ad
619 1879 815 1917 theorias:
847 1879 941 1927 quia
962 1879 1150 1917 nimirum
1169 1891 1241 1927 per

206 1939 413 1986 allegorias
425 1939 524 1987 legis
538 1941 679 1978 veteris
693 1941 848 1978 venitur
868 1941 920 1979 ad
938 1941 1108 1979 theorias
1125 1952 1239 1979 novae

205 2001 315 2048 legis.
338 2004 380 2039 Et
402 2005 517 2048 nota,
542 2002 653 2050 quod
675 2002 864 2050 allegoria
889 2005 946 2040 est
969 2003 1035 2041 via
1053 2004 1238 2051 spatiosa,

203 2063 429 2112 laboriosa,
451 2064 660 2113 inaquosa.
687 2065 787 2102 Licet
806 2067 938 2103 autem
969 2066 1016 2103 sit
1046 2067 1238 2114 spatiosa,

205 2125 312 2163 ducit
344 2126 397 2163 ad
427 2126 661 2164 sacrificium
686 2127 842 2174 justitiae
851 2140 862 2175 3
896 2128 988 2165 licet
1015 2128 1237 2176 labor105a‚

204 2187 310 2225 ducit
328 2188 381 2225 ad
393 2189 620 2226 unctionem
637 2189 789 2236 gratiae3
806 2189 895 2229 licet
908 2189 1116 2238 inaquosa,
1132 2192 1238 2228 ducit

203 2249 256 2286 ad
275 2260 422 2297 aquam
441 2251 652 2298 sapientiae.
670 2252 722 2287 De
736 2250 890 2298 primo¹
906 2263 915 2288 :
935 2252 1115 2289 «Ibimus
1130 2252 1238 2290 viam

203 2311 319 2348 trium
339 2311 493 2348 dierum
511 2312 560 2357 {in
580 2311 812 2359 solitudine,
833 2315 875 2349 ut
894 2313 1144 2351 immolemus
1163 2316 1237 2351 Do-

202 2372 311 2410 mino
339 2375 416 2410 Deo
446 2376 580 2411 nostro
590 2385 602 2419 3
623 2387 640 2409 »
663 2374 776 2421 quasi
803 2374 907 2412 dieat
935 2375 1135 2422 apertius:
1161 2377 1237 2412 loz·-

202 2445 280 2471 mus
300 2435 459 2472 interm's
478 2435 668 2484 pedibus,
690 2436 874 2474 videlicet
892 2437 1178 2484 admirationis,
1201 2440 1238 2475 et

201 2496 508 2544 investigationis
533 2498 805 2545 processibus;
830 2511 847 2533 α
877 2499 984 2536 viam
1008 2498 1127 2536 trium
1156 2498 1237 2536 die-

201 2568 303 2605 rum,
325 2572 343 2594 »
360 2559 403 2596 id
424 2562 491 2606 est,
514 2560 746 2606 allegoriam
766 2560 884 2597 trium
903 2561 1144 2608 specierum,
1165 2561 1237 2597 sci-

201 2619 290 2657 lieet
309 2621 519 2667 visualem,
540 2622 741 2668 vocalem,
763 2625 799 2659 et
817 2623 1064 2669 manualem3
1085 2623 1162 2660 1106
1181 2626 1237 2661 est

202 2681 242 2718 in
266 2682 383 2729 visis,
412 2683 453 2720 in
478 2684 609 2729 dictis,
633 2684 674 2720 in
699 2684 886 2732 operibus
912 2685 1142 2721 existentem
1163 2696 1171 2721 :
1196 2687 1235 2721 in

202 2745 417 2791 solitudine,
438 2745 480 2782 id
501 2748 575 2792 est,
596 2746 775 2783 doctrina
796 2745 892 2792 legis
918 2747 1100 2784 mosaicae
1121 2758 1130 2784 :
1157 2759 1174 2781 «
1193 2750 1236 2784 ut

203 2806 455 2844 immolemus
492 2808 728 2844 sacrificium
761 2808 918 2854 J‘ustitiae
951 2809 1119 2845 Domino
1155 2810 1234 2846 Deo

202 2871 337 2904 nostro
361 2880 369 2903 ε
395 2881 412 2902 »
437 2868 582 2906 scilieet
602 2869 843 2906 intellectum
865 2872 1044 2907 nostrum
1063 2870 1103 2906 in
1124 2870 1235 2906 obse-

204 2929 343 2976 quium
381 2929 517 2966 Christi
554 2930 817 2977 captivando,
855 2934 891 2968 et
928 2931 1041 2978 quasi
1075 2932 1234 2968 mortiti-

205 2990 352 3034 cando,
377 2991 596 3027 seeundum
623 2991 843 3028 doctrinam
868 2992 1041 3029 veritatis
1071 3004 1236 3039 evange-

203 3051 299 3089 lieae.
328 3054 423 3089 Eece
449 3052 514 3088 via
543 3052 738 3099 spatiosa,
759 3052 829 3089 sed
855 3063 936 3090 non
966 3054 1233 3101 dispendiosa,

203 3114 297 3161 quia
322 3114 428 3150 ducit
453 3114 505 3150 ad
531 3114 767 3152 sacrificium
781 3114 949 3160 justitiae.
968 3118 1063 3152 Ecce
1083 3116 1234 3153 thesau-

202 3186 269 3212 rus
291 3175 537 3222 artificiosus,
558 3177 751 3224 quoniam
770 3176 1024 3213 artificiosum
1045 3180 1101 3214 est
1117 3178 1233 3215 valde

203 3237 351 3284 figuras
388 3237 564 3275 visibiles
598 3237 862 3275 invisibilibus
896 3241 1092 3285 coaptare.
1126 3239 1233 3276 Unde

204 3299 410 3346 Dionysius
440 3300 454 3321 ²
492 3311 501 3336 :
534 3311 553 3334 α
586 3300 707 3336 Valde
740 3299 995 3337 artificialiter
1034 3299 1234 3346 theologia

203 3361 364 3407 poeticis
394 3361 514 3399 sacris
546 3361 850 3400 formationibus
877 3362 918 3399 in
948 3371 1031 3400 non
1057 3361 1233 3408 figuratis

249 3443 258 3465 ¹
280 3443 402 3485 Exod„
424 3452 486 3486 111,
508 3446 559 3478 18.
577 3459 617 3470 —-
646 3446 658 3465 ²
679 3446 778 3479 D10n.
801 3447 940 3487 Areop.,
959 3445 999 3477 de
1026 3445 1107 3478 Coel.
1126 3443 1232 3485 Hier„

209 3500 238 3523 c.
267 3497 305 3522 ιι.
334 3506 373 3514 --
401 3490 415 3512 ⁸
443 3492 536 3530 Gen„
562 3499 696 3533 xxvm,
716 3495 768 3525 20.
795 3509 836 3519 —
865 3493 878 3516 ὁ
901 3493 996 3533 Gen„
1021 3500 1117 3533 mv,
1141 3493 1172 3523 3.
1191 3508 1232 3515 —

919 239 1192 282 EXPOSITIO
1223 238 1276 280 IN
1306 239 1656 283 PSALTERIUM.

1319 329 1577 367 intellectibus
1598 339 1670 367 usa
1688 331 1755 366 est.
1777 340 1795 364 >w
1819 330 1870 366 De
1887 329 2062 366 seeundo
2082 332 2096 353 ⁸
2118 342 2127 367 ε
2147 343 2166 366 ι(
2183 331 2220 368 Si
2233 331 2349 368 fuerit

1319 392 1505 429 Dominus
1542 402 1721 437 mecum,
1760 393 1796 427 et
1834 391 2060 428 custodierit
2089 391 2130 428 in
2160 392 2249 438 via,
2278 404 2348 440 per

1318 463 1440 500 quam
1460 453 1643 500 ambulo;
1671 455 1707 490 et
1734 453 1886 490 dederit
1909 453 2007 490 mihi
2029 464 2174 500 panem
2193 454 2245 491 ad
2263 465 2347 491 ves-

1319 515 1504 560 cendum,
1519 519 1554 552 et
1572 518 1720 552 vestem
1740 515 1792 552 ad
1807 515 2067 560 induendum,
2087 525 2346 563 reversusque

1317 576 1431 614 fuero
1451 588 1639 624 prospere
1663 577 1705 613 in
1724 577 1890 613 domum
1909 577 2029 624 patris
2047 577 2140 623 mei,
2160 577 2230 614 erit
2248 577 2346 614 mihi

1317 639 1505 675 Dominus
1524 639 1565 675 in
1587 641 1732 684 Deum,
1751 641 1787 675 et
1804 639 1905 686 lapis
1924 639 2014 685 iste,
2040 650 2161 686 quem
2181 639 2286 676 erexi
2306 639 2346 676 in

1317 701 1495 747 titulum,
1521 701 1728 738 vocabitur
1756 702 1898 738 domus
1923 702 2000 739 Dei.
2031 715 2049 737 »
2071 704 2122 738 Α6
2145 701 2176 737 si
2202 701 2346 738 diceret

1316 763 1543 800 manifeste:
1571 763 1612 799 Si·
1636 764 1749 807 fuerit
1778 765 1874 799 Deus
1898 774 2050 810 meeum,
2085 763 2229 800 scilicet
2256 774 2346 810 ape-

1315 825 1454 862 riendo
1484 836 1667 862 sensum:
1696 828 1727 862 et
1752 826 1965 862 custodierit
1991 836 2065 868 me,
2090 824 2271 862 videlicet
2295 825 2346 863 ab

1316 897 1448 924 errore
1468 899 1476 925 :
1499 890 1538 924 in
1554 890 1637 933 υία,
1657 888 1733 925 hoe
1754 890 1810 924 est
1836 887 2037 924 laboriosa
2054 887 2264 934 allegoria,
2284 899 2347 933 per

1315 960 1422 996 quam
1441 951 1580 986 ambulo
1604 950 1808 998 (theoriam
1826 949 2136 996 investigando);
2153 954 2186 986 et
2207 949 2346 986 dederit

1315 1012 1406 1048 mihi
1426 1023 1555 1058 panem
1583 1013 1631 1048 ad
1657 1012 1890 1056 vescendum,
1919 1011 2063 1048 scilicet
2087 1010 2346 1048 intellectuale

1315 1073 1619 1120 nutrimentum3
1640 1078 1673 1111 ec
1690 1077 1819 1111 vestem
1834 1074 1882 1110 ad
1901 1073 2146 1119 induendum,
2165 1072 2347 1110 videlieet

1317 1135 1562 1182 disciplinale
1581 1136 1878 1173 vestimentum:
1893 1146 2119 1183 reversusque
2132 1137 2235 1180 fuero
2247 1145 2346 1182 pros-

1314 1208 1396 1243 pere
1414 1208 1485 1244 per
1503 1199 1609 1234 viam
1626 1198 1881 1244 obedientiae,
1902 1200 1942 1234 in
1961 1198 2102 1234 domum
2115 1199 2237 1244 patris
2255 1199 2345 1240 mei,

1315 1258 1357 1295 id
1372 1262 1440 1305 est,
1454 1259 1494 1295 in
1507 1260 1672 1296 domum
1687 1260 1898 1307 sapientire,
1912 1260 1960 1296 de
1976 1270 2055 1307 qua
2068 1259 2224 1296 recessit
2236 1261 2347 1306 pater

1315 1331 1427 1358 meus
1444 1332 1515 1369 per
1531 1322 1640 1358 viam
1659 1321 1956 1358 inobedientiae:
1980 1323 2049 1358 erit
2066 1323 2158 1357 mihi
2172 1324 2346 1358 Dominus

1315 1385 1355 1420 in
1386 1386 1514 1428 Deum,
1547 1384 1590 1420 id
1622 1386 1697 1430 est,
1725 1383 1922 1420 timendus
1947 1382 1988 1419 in
2016 1382 2287 1420 eredendum:
2314 1386 2348 1420 et

1316 1446 1412 1493 lapis
1438 1448 1524 1490 iste,
1550 1445 1698 1483 seilicet
1723 1445 1893 1482 Christus
1915 1444 2149 1492 reprobatus
2167 1444 2349 1482 humani-

1314 1509 1394 1544 tus:
1412 1518 1513 1554 quem
1533 1510 1631 1545 eremi
1643 1510 1683 1544 in
1703 1509 1862 1549 titulum,
1878 1509 2068 1554 tanquam
2082 1507 2348 1555 approbatum

1316 1570 1517 1616 divinitus,
1532 1570 1718 1607 vocabitur
1730 1580 1801 1617 per
1815 1569 1908 1606 fidei
1925 1569 2210 1607 confessionem
2224 1570 2348 1606 domus

1314 1634 1402 1678 Dei,
1423 1634 1618 1680 quantum
1634 1632 1686 1669 ad
1698 1633 1930 1669 naturarum
1943 1631 2130 1669 unionem
2145 1643 2154 1668 τ
2169 1633 2211 1669 ut
2225 1632 2348 1669 domus

1313 1694 1503 1732 referatur
1521 1694 1574 1732 ad
1598 1693 1907 1741 humanitatem3
1931 1695 1998 1730 Dei
2017 1696 2168 1740 autem,
2189 1694 2242 1731 ad
2264 1694 2346 1731 dei-

1314 1758 1445 1794 tatem.
1460 1759 1556 1794 Ecce
1576 1756 1641 1794 via
1659 1756 1875 1803 laboriosa,
1892 1755 1962 1793 sed
1981 1766 2064 1794 non
2082 1755 2344 1794 infructuosa:

1314 1818 1408 1866 quia
1435 1818 1542 1855 ducit
1565 1818 1618 1856 ad
1646 1818 1874 1856 unctionem
1899 1818 2053 1865 gratiae,
2078 1818 2224 1856 scilieet
2247 1818 2347 1867 lapi-

1314 1879 1407 1917 dem
1430 1880 1590 1928 vivum,
1617 1883 1780 1918 unctum
1803 1880 1893 1918 oleo
1912 1880 2065 1917 laetitiae.
2095 1882 2147 1917 De
2171 1880 2285 1918 tertio
2307 1882 2344 1918 ⁵:

1317 1954 1335 1976 α
1354 1941 1639 1979 Deambulabat
1658 1944 1763 1980 Isaac
1775 1971 1787 1989 ,
1807 1955 1826 1977 »
1850 1941 1894 1978 id
1912 1944 1981 1989 est,
2005 1941 2160 1979 animus
2178 1952 2348 1990 congau-

1314 2001 1411 2040 dens
1434 2003 1607 2049 veritati,
1629 2004 1724 2052 quia
1742 2006 1844 2041 Isaac
1857 2004 2132 2052 interpretatur
2149 2005 2345 2051 gaudium,-

1308 2076 1374 2112 per
1392 2067 1490 2102 viam
1518 2068 1729 2112 inaquosam
1749 2065 2054 2114 scripturarum,
2083 2066 2230 2104 scilicet
2247 2066 2348 2114 figu-

1311 2127 1469 2174 ralium,
1489 2139 1576 2176 quae
1597 2128 1704 2165 ducit
1723 2128 1775 2166 ad
1786 2130 1950 2176 puteum
1966 2138 2181 2176 aquarum;
2202 2128 2347 2166 scilicet

1311 2189 1557 2236 viventium,
1588 2190 1631 2226 id
1659 2193 1737 2238 est,
1775 2190 2016 2228 theoriarum
2046 2190 2343 2228 vivificantium.

1311 2251 1406 2287 Eece
1425 2251 1491 2288 via
1508 2251 1722 2299 inaquosa,
1736 2249 1824 2289 'non
1839 2253 1973 2290 tamen
1992 2251 2137 2299 otiosa,
2159 2252 2253 2300 quia
2272 2252 2345 2290 du-

1312 2312 1362 2350 cit
1381 2312 1434 2351 ad
1451 2312 1599 2352 fontem
1619 2305 1819 2362 sapientiae
1836 2325 1845 2351 ε

1628 2420 1817 2456 Articulus
1841 2420 1969 2457 secund
1974 2431 2023 2457 us.

1362 2501 1653 2538 Testimoniorum
1679 2505 1831 2540 tuorum.
1866 2504 1946 2540 Hoc
1979 2502 2120 2540 dicitur
2151 2505 2341 2551 quantum

1310 2561 1363 2599 ad
1382 2561 1552 2600 theorias
1575 2565 1669 2601 novi
1687 2565 1941 2611 Testamenti,
1963 2576 2050 2612 quae
2075 2565 2226 2602 clarum
2244 2565 2344 2602 testi-

1308 2624 1489 2661 monium
1507 2625 1718 2672 perhibent
1735 2626 1900 2664 veritati.
1919 2628 1962 2663 Et
1981 2629 2089 2673 nota,
2110 2627 2221 2674 quod
2240 2627 2342 2664 testi-

1308 2686 1536 2724 moniorum
1554 2687 1785 2734 huJusmodi
1806 2688 1989 2736 quaedam
2008 2688 2192 2726 dicuntur
2211 2689 2338 2726 credi-

1307 2747 1418 2794 bilia,
1438 2748 1622 2796 quaedam
1640 2749 1853 2796 mirabilia,
1870 2750 2054 2798 quaedam
2071 2750 2220 2787 fidelia.
2241 2752 2343 2795 Quo-

1306 2818 1397 2845 rum
1420 2810 1551 2856 prima
1575 2811 1771 2858 pertinent
1797 2811 1849 2849 ad
1874 2811 2104 2859 purgandos
2127 2823 2135 2847 :
2168 2811 2343 2848 secunda

1307 2872 1360 2908 ad
1379 2871 1682 2910 illuminandos:
1700 2874 1812 2911 tertia
1826 2873 1878 2910 ad
1898 2873 2174 2921 perficiendos,
2194 2876 2245 2911 De
2264 2874 2342 2921 pri-

1307 2933 1381 2969 mis
1406 2933 1500 2971 dicit
1530 2935 1543 2956 ⁵
1565 2946 1574 2971 :
1607 2947 1625 2969 «
1649 2935 1884 2972 Testimonia
1910 2937 1976 2972 tua
2008 2935 2215 2972 credibilia
2240 2935 2342 2973 sacta

1307 2997 1397 3032 sunt
1425 2995 1566 3033 nimis:
1595 2997 1762 3034 domum
1787 2999 1896 3034 tuam
1921 2997 2031 3034 decet
2055 2997 2298 3035 sanctitudo:
2320 3011 2337 3033 n

1308 3067 1396 3093 eece
1419 3058 1639 3096 testimonia
1656 3069 1727 3107 per
1745 3058 1868 3095 fidem
1887 3059 2111 3106 purgantia,
2133 3059 2214 3096 sive
2234 3069 2342 3096 sanc·

1307 3118 1506 3156 tifieantia.
1528 3122 1579 3156 De
1600 3121 1781 3158 secundis
1800 3121 1943 3158 iterum
1968 3123 2009 3158 in
2031 3121 2184 3159 Psalmo
2204 3122 2280 3159 hoe
2300 3123 2338 3158 ⁶:

1312 3193 1329 3213 «
1349 3180 1538 3218 Mirabilia
1553 3182 1774 3220 testimonia
1794 3185 1860 3220 tua
1882 3195 1890 3220 :
1912 3183 2004 3220 ideo
2024 3185 2193 3220 scrutata
2220 3185 2275 3220 est
2294 3193 2341 3219 ea

1307 3241 1440 3280 anima
1461 3254 1574 3280 mea:
1598 3244 1809 3282 declaratio
1829 3255 2056 3282 sermonum
2078 3247 2236 3281 tuorum
2251 3243 2339 3280 illu-

1308 3304 1444 3342 minat.
1473 3318 1492 3340 »
1515 3309 1610 3343 Ecce
1636 3307 1859 3344 testimonia
1881 3309 2094 3344 scrutantes
2118 3305 2339 3343 illuminan-

1306 3365 1372 3403 tia.
1401 3368 1452 3404 De
1481 3368 1600 3406 tertiis
1620 3379 1754 3406 rursus
1777 3370 1816 3406 ⁷:
1845 3367 2159 3406 «Testimonium
2183 3366 2337 3404 Domini

1307 3449 1320 3470 ⁶
1339 3450 1430 3483 Psal.
1455 3459 1546 3494 xcu,
1572 3455 1602 3486 5.
1623 3470 1664 3477 —
1690 3453 1703 3475 θ
1723 3451 1814 3485 Psal.
1838 3451 1921 3492 hoe,
1944 3452 2022 3492 129,
2043 3453 2113 3483 130.
2142 3467 2180 3474 —
2208 3451 2221 3473 ⁷
2243 3450 2335 3482 Psal.

1308 3502 1408 3538 xvm,
1428 3500 1459 3531 8.

2367 2009 2459 2037 Isaac.
