2633 3878
869 220 918 260 IN
949 220 1329 264 HEXAEMERON.
1359 224 1533 266 SERMO
1564 226 1704 267 XXIII.

213 314 335 355 extra
346 323 405 354 se.
424 311 581 363 Tertio,
600 313 653 354 ad
665 313 746 353 1100
761 310 875 364 quod
893 311 946 351 sit
962 310 1238 363 hierarchica,

213 397 382 427 necesse
418 388 482 427 est
516 389 564 426 ut
589 384 729 426 videat
755 383 970 424 civitatem
1007 384 1051 424 in
1087 383 1243 425 coelum

213 457 524 498 ascendentem.
548 456 598 497 Et
618 455 698 496 hoc
719 457 807 505 est,
838 455 1010 508 quando
1033 467 1108 507 per
1128 455 1244 495 insu-

215 541 312 570 sum
337 528 417 569 sibi
457 526 659 568 divinitus
691 526 912 578 vigorem,
945 525 1212 577 splendorem
1229 557 1241 575 ,

214 600 408 641 ardorem
423 611 448 639 a
467 597 562 639 Sole
579 600 740 638 aeterno
755 629 766 648 ,
789 597 857 650 pie
876 599 1116 646 veneratur,
1135 597 1246 637 clare

213 670 467 724 speculatur,
507 673 648 709 sancte
679 669 913 721 perfruitur
932 683 942 719 ;
980 680 1028 708 ac
1060 680 1135 720 per
1168 668 1248 709 hoc

213 741 532 795 comprehendit
548 741 706 782 diviua}
721 741 936 782 charitatis
955 739 1248 781 indissolubile

213 814 435 857 vinculum
452 847 462 865 ,
504 814 659 855 divinae
694 814 910 854 charitatis
951 812 1249 854 incoarctabile

213 887 399 937 donum,
428 886 586 927 divinae
617 885 834 926 charitatis
862 884 1148 937 insuperabile
1180 884 1248 924 in-

212 957 429 1008 cendium,
450 957 608 999 divinae
631 957 849 998 charitatis
878 956 1246 1009 incomprehensi-

212 1029 296 1071 bile
306 1029 516 1070 solatium.
539 1029 659 1070 Tunc
669 1028 784 1070 videt
797 1028 1009 1069 civitatem
1032 1027 1119 1078 Dei,
1135 1028 1247 1068 scili—

213 1103 278 1142 cet
293 1101 490 1154 seipsam.
505 1100 556 1141 Et
576 1100 704 1141 habet
722 1102 906 1153 quatuor
920 1099 1070 1147 latera,
1085 1099 1138 1141 de
1151 1100 1247 1152 qui-

214 1172 293 1213 bus
307 1171 533 1225 Apostolus
547 1171 646 1212 dicit
665 1172 675 1193 ¹
700 1185 708 1213 ε
729 1186 749 1210 ε(
764 1170 810 1212 111
827 1170 1031 1212 charitate
1053 1170 1249 1222 radicati,

213 1247 255 1285 et
274 1244 456 1295 fundati,
472 1259 490 1282 »
517 1246 595 1285 etc.
625 1242 719 1283 Non
739 1254 783 1283 es
803 1242 916 1283 enim
936 1242 1075 1283 adhuc
1103 1243 1252 1283 civitas

215 1315 314 1366 Dei,
360 1327 437 1356 nec
472 1315 668 1368 signatus
690 1347 701 1366 ,
741 1314 825 1355 nisi
860 1314 1042 1367 signeris
1090 1315 1252 1368 Spiritu

217 1391 360 1428 sancto
379 1387 432 1428 ad
450 1387 518 1441 pie
539 1386 855 1436 venerandum;
876 1389 916 1427 et
936 1398 1012 1439 per
1031 1387 1113 1427 1100
1134 1399 1251 1428 00111-

216 1460 453 1514 prehendas
473 1472 571 1513 quae
591 1460 752 1500 suntin
774 1459 873 1508 Deo,
893 1462 933 1500 et
946 1471 1022 1512 per
1042 1459 1191 1510 Deum,
1213 1462 1254 1501 et

217 1531 328 1584 apud
345 1530 494 1572 Deum.
516 1530 809 1572 Indissolubile
826 1529 1051 1570 vinculum
1073 1529 1117 1569 in
1142 1541 1251 1582 prae-

217 1602 507 1644 destinationis
527 1602 712 1651 ratione,
736 1613 822 1654 qua
842 1600 981 1652 diligit
1009 1612 1192 1653 semper,
1214 1603 1255 1641 et

220 1686 387 1728 semper
404 1674 565 1721 dilexit,
584 1676 625 1714 et
637 1673 777 1726 diligit
795 1685 963 1726 semper
978 1673 1254 1726 praedestina-

219 1753 284 1791 tos
297 1752 454 1791 aeterna
468 1749 686 1799 charitate,
703 1748 784 1789 nisi
797 1747 1134 1801 comprehendas
1153 1748 1256 1788 cha-

220 1822 356 1863 ritatis
377 1822 673 1864 incoarctabile
697 1822 750 1874 (a)
772 1821 933 1862 donum
959 1821 1003 1861 in
1029 1820 1256 1863 universa-

216 1905 316 1935 rum
332 1905 478 1934 rerum
498 1893 736 1934 conditione
751 1926 760 1944 ,
786 1905 893 1946 quas
911 1892 1043 1933 libere
1066 1893 1256 1934 condidit

218 1969 259 2008 et
278 1967 449 2008 ornavit
480 1980 490 2007 z
521 1968 563 2006 et
591 1965 763 2006 cuilibet
785 1965 898 2006 dedit
930 1964 1132 2016 modum,
1158 1977 1252 2018 spe-

218 2039 352 2091 ciem,
374 2042 416 2081 et
435 2039 642 2081 ordinem.
674 2038 815 2080 Tertio
835 2037 1121 2091 insuperabile
1151 2038 1252 2079 cha-

215 2111 352 2153 ritatis
370 2111 617 2152 incendium
648 2111 695 2151 in
716 2109 811 2151 Filii
831 2109 1069 2151 traditione.
1094 2109 1254 2160 Quarto

217 2183 642 2238 incomprehensibile
656 2182 854 2224 solatium
871 2182 915 2223 in
932 2182 1177 2224 animarum
1190 2194 1256 2223 re-

218 2257 527 2308 muneratione,
552 2255 721 2310 quando
736 2255 987 2307 considerat,
1010 2255 1124 2309 quod
1143 2255 1255 2297 Deus

218 2328 475 2383 glorificabit
507 2340 661 2382 corpus
693 2329 735 2368 et
773 2326 987 2378 animam,
1026 2329 1076 2368 ut
1106 2327 1253 2368 absor-

166 2435 173 2439 .
217 2400 398 2443 beantur
416 2433 426 2452 ,
461 2402 503 2442 et
533 2399 800 2441 inebrientur
827 2411 853 2440 a
888 2410 984 2440 rore
1024 2399 1134 2440 coeli.
1172 2397 1254 2440 Sed

218 2475 381 2525 oportet
400 2472 515 2526 quod
550 2473 728 2524 signum
755 2470 948 2512 veritatis
980 2470 1254 2524 imprimatur

219 2544 263 2585 in
301 2543 489 2585 animam
506 2574 519 2593 ,
555 2555 631 2596 per
675 2543 788 2596 quod
823 2542 952 2583 etiam
985 2542 1128 2583 anima
1146 2542 1205 2582 ,111
1243 2543 1256 2563 2

225 2615 405 2658 «hortus
423 2615 662 2666 conclusuS,
683 2615 777 2656 fons
797 2614 1034 2667 signatus.»
1059 2613 1254 2656 Primum

219 2690 281 2730 est
296 2688 483 2741 signum,
501 2689 549 2728 ut
566 2687 721 2728 habeat
731 2685 946 2727 charitatis
962 2685 1249 2727 indissolubile

217 2759 454 2802 vinculum.
475 2759 556 2801 Sed
584 2758 756 2812 quando
776 2757 919 2799 anima
938 2758 999 2799 510
1018 2757 1185 2810 diligit,
1208 2759 1257 2797 ut

218 2832 373 2875 dicat⁸:
390 2848 410 2871 «
431 2830 533 2882 Quis
552 2843 632 2872 nos
655 2829 866 2883 separabit
885 2842 910 2870 a
931 2829 1136 2870 charitate
1158 2829 1255 2871 Dei?

218 2905 466 2947 tribulatio?
487 2915 542 2944 an
562 2902 793 2955 angustia?
821 2913 877 2942 au
902 2902 1171 2954 persecutio?
1200 2913 1256 2943 an

218 2977 383 3018 fames?
405 2990 425 3014 1)
446 2978 524 3017 010.
544 2989 553 3015 :
575 2987 664 3016 non
682 2974 786 3027 quin
805 2973 936 3014 homo
956 2972 1089 3026 possit
1108 2974 1256 3015 cadere

221 3060 245 3088 a
265 3046 489 3097 charitate;
514 3046 587 3088 sed
605 3045 777 3099 quando
791 3044 850 3085 sic
870 3046 947 3096 est,
963 3046 1012 3085 ut
1031 3057 1256 3099 nunquam

220 3121 375 3172 regnet
387 3119 622 3172 peccatum.
642 3115 850 3166 SecundO,
867 3118 914 3156 ut
929 3115 1083 3157 habeat
1097 3116 1256 3159 divinae

221 3189 437 3233 charitatis
466 3187 764 3230 incoarctabile
799 3187 981 3237 donum,
1020 3190 1069 3229 ut
1104 3188 1258 3242 diligat

222 3262 386 3314 omnia,
408 3272 506 3316 quae
528 3259 667 3313 diligit
686 3259 809 3311 DeuS,
838 3258 1011 3309 amicos,
1040 3262 1081 3300 et
1104 3259 1257 3301 inimi-

223 3346 314 3386 cos,
336 3335 379 3375 et
397 3335 639 3375 extraneos.
663 3330 780 3373 Unde
800 3331 813 3353 ¹·
843 3346 862 3370 ι(
889 3330 1070 3372 charitas
1089 3329 1162 3372 Dei
1183 3332 1257 3373 dif-

267 3417 277 3440 ¹
296 3418 430 3460 Ephes„
455 3425 509 3457 111,
537 3418 586 3449 17.
609 3433 649 3440 —
675 3416 686 3436 ²
707 3416 818 3455 Cant„
839 3423 873 3453 v,
899 3416 948 3448 12.
963 3432 1005 3438 —
1027 3415 1038 3434 ³
1055 3415 1159 3452 Rom„
1180 3424 1256 3459 vm,

225 3466 277 3498 35.
292 3483 334 3491 —
352 3467 361 3482 ⁵
377 3467 484 3507 Rom„
498 3473 530 3504 v,
547 3467 578 3497 5.
591 3481 634 3490 -
652 3465 666 3487 ⁵
683 3464 796 3501 Cant„
816 3471 894 3504 viu,
915 3465 945 3496 6.
959 3479 1000 3486 -
1020 3463 1032 3482 ⁵
1048 3463 1146 3506 lbid„
1167 3465 1198 3497 7.
1215 3482 1258 3489 --

225 3512 239 3534 ¹²
261 3513 371 3554 Cant„
394 3521 428 3554 v,
453 3516 482 3546 t.
504 3530 546 3537 —
570 3512 584 3534 ⁸
610 3511 723 3551 Cant„
748 3520 787 3553 11,
815 3513 844 3544 4.
866 3529 906 3535 —
934 3512 946 3530 ⁹
968 3510 1080 3553 Cant„
1108 3520 1139 3552 1,
1166 3513 1197 3544 3.
1217 3529 1257 3536 —

230 3559 254 3578 ¹·
277 3559 304 3591 u
330 3560 422 3601 σωκ,
445 3568 515 3602 xu,
535 3562 567 3593 2.
586 3577 628 3585 —
651 3561 680 3583 ¹¹
697 3559 786 3593 Psal.
810 3566 939 3600 mxxv,
969 3560 1019 3592 17.
1039 3576 1080 3585 -
1107 3560 1131 3583 ¹2
1150 3560 1257 3602 Rom„

2285 233 2297 269 1
2306 231 2356 269 49

1320 313 1414 354 fusa
1431 316 1495 355 est
1515 315 1561 355 in
1581 315 1781 357 cordibus
1796 317 1965 358 nostris.
1983 332 2002 355 n
2022 318 2101 358 Per
2113 318 2222 358 hanc
2243 317 2357 357 enim

1321 388 1464 429 anima
1478 400 1521 430 se
1534 388 1731 430 diffundit
1742 390 1791 429 ad
1803 389 2069 441 diligendum
2085 391 2132 444 (b)
2143 403 2271 432 omne
2283 390 2360 431 bo-

1321 471 1449 511 num,
1481 463 1522 500 et
1548 460 1689 501 solum
1716 461 1893 501 bonum.
1917 462 2116 512 Ulterius,
2137 463 2232 503 ha‘c
2253 462 2360 503 cha-

1322 530 1426 570 ritas
1461 531 1531 571 dat
1566 532 1721 572 animae
1759 532 2047 585 insuperabile
2091 534 2356 574 incendium.

1323 602 1440 644 Unde
1460 604 1613 645 dicitur
1627 609 1663 645 ⁵:
1693 620 1712 642 «
1732 604 1845 645 Pone
1866 617 1933 645 1110
1955 606 2063 646 510111
2089 607 2359 657 signaculum

1325 686 1452 727 super
1478 687 1550 715 cor
1570 678 1716 727 tuum,
1748 677 1848 729 quia
1872 677 1991 717 sortis
2017 679 2079 717 est
2098 680 2145 717 ut
2164 689 2279 717 mors
2299 678 2361 718 di-

1323 745 1477 786 lectio»
1504 749 1591 787 tua.
1607 747 1783 796 Quando
1803 748 1861 788 510
1881 748 2034 800 diligit,
2057 749 2167 789 utin
2195 760 2362 790 summe

1324 817 1599 859 desiderabile
1631 819 1813 860 totaliter
1850 822 2024 863 seratur.
2065 823 2106 861 et
2142 820 2255 873 quod
2288 833 2363 872 pro

1324 888 1459 930 nihilo
1478 901 1703 943 prospera,
1727 903 1804 944 pro
1833 891 1970 932 nihilo
1989 891 2143 932 habeat
2162 892 2362 943 adversa,

1325 963 1373 1002 ut
1395 961 1480 1002 sint
1499 962 1644 1002 omnia
1663 963 1783 1015 quasi
1803 963 1965 1004 festuca
1980 976 2067 1004 una
2081 964 2125 1003 in
2139 964 2308 1004 fornace
2327 964 2360 1004 ⁶:

1332 1049 1351 1072 «
1367 1033 1411 1074 Si
1425 1033 1586 1075 dederit
1599 1035 1730 1075 homo
1747 1047 1919 1076 omnem
1935 1035 2234 1084 substantiam,
2248 1050 2266 1073 11
2285 1039 2363 1078 010.

1328 1104 1487 1156 Quarta
1506 1106 1783 1147 consideratio
1805 1110 1867 1148 est
1893 1107 1939 1147 in
1961 1107 2062 1158 hoc,
2088 1107 2202 1160 quod
2224 1108 2367 1150 anima

1328 1177 1482 1218 sentiat
1518 1177 1947 1232 incomprehensibile
1986 1178 2182 1219 solatium
2203 1210 2212 1228 ‚
2254 1180 2368 1232 quod

1329 1250 1510 1291 totaliter
1527 1250 1757 1292 delectetur
1774 1250 1818 1291 in
1832 1263 1890 1302 se,
1907 1251 2020 1304 quod
2034 1263 2112 1291 nec
2129 1250 2221 1304 ipsa,
2239 1252 2371 1304 possit

1329 1320 1711 1374 comprehendere,
1735 1333 1812 1362 nec
1840 1321 1932 1362 aliis
1955 1322 2180 1375 explicare.
2205 1322 2261 1363 De
2283 1334 2369 1375 quo

1329 1391 1483 1432 dicitur
1502 1393 1515 1415 ⁷
1533 1407 1541 1432 :
1569 1408 1587 1431 ε(
1605 1392 1832 1442 Comedite,
1855 1392 1997 1444 amici,
2019 1396 2059 1434 et
2080 1393 2368 1444 inebriamini,

1331 1464 1584 1505 charissimi.
1616 1481 1635 1503 «
1654 1465 1754 1506 Haec
1773 1465 1983 1506 inebriata
2002 1464 2129 1505 dicit8
2151 1479 2159 1505 ε
2191 1480 2210 1502 «
2230 1464 2367 1506 Intro-

1330 1536 1455 1577 duxit
1472 1548 1540 1577 me
1559 1536 1650 1577 Rex
1667 1537 1710 1576 in
1722 1536 1870 1577 cellam
1883 1536 2143 1576 vinariam.»
2163 1535 2213 1577 Et
2230 1540 2320 1589 post
2333 1541 2368 1578 ⁹:

1336 1606 1617 1648 «Introduxit
1648 1619 1716 1647 me
1745 1607 1791 1647 in
1821 1607 1989 1648 cellaria
2017 1619 2115 1658 sua,
2149 1622 2168 1645 »
2201 1608 2372 1662 quando

1329 1679 1554 1730 alienatur,
1575 1679 1683 1720 sicut
1696 1680 1826 1720 homo
1847 1679 2006 1730 ebrius,
2030 1679 2103 1732 qui
2120 1681 2254 1721 nescit
2272 1680 2374 1734 quid

1329 1750 1468 1792 faciat.
1492 1750 1611 1792 Unde
1631 1751 1790 1792 Paulus
1810 1751 1989 1792 nescivit
2011 1751 2055 1802 ¹⁰,
2088 1754 2234 1792 utrum
2264 1754 2376 1793 esset

1336 1837 1356 1861 (1
1376 1822 1421 1863 Ι11
1447 1835 1646 1877 corpore,
1671 1824 1764 1865 sive
1794 1826 1916 1865 extra
1942 1836 2110 1878 corpus.
2134 1840 2152 1862 »
2178 1824 2230 1866 Et
2251 1825 2374 1868 Psal-

1330 1906 1424 1937 mus
1454 1895 1631 1937 dicit¹¹:
1663 1910 1682 1934 «
1708 1895 1790 1937 Fac
1819 1907 1989 1936 mecum
2019 1896 2197 1949 signum
2227 1897 2271 1938 111
2299 1898 2373 1939 110-

1329 1979 1483 2017 num‚›>
1507 1969 1585 2008 etc.
1609 1966 1666 2009 De
1686 1967 1765 2009 isto
1786 1967 1911 2020 signo
1933 1967 2090 2009 Paulus
2105 1970 2154 2010 ¹²:
2174 1969 2375 2023 «Signati

1329 2040 1430 2080 estis
1458 2039 1613 2092 spiritu
1644 2039 1894 2092 adoptionis.
1931 2054 1949 2077 1)
1976 2039 2056 2080 Per
2085 2040 2166 2082 hoc
2197 2041 2373 2093 signum

1329 2110 1656 2164 distinguuntur
1693 2111 1819 2152 amici
1857 2111 1909 2152 ab
1948 2112 2155 2162 inimicis,
2190 2111 2310 2153 liberi
2349 2126 2374 2154 a

1330 2183 1487 2234 servis,
1511 2182 1701 2224 coelestes
1723 2195 1748 2224 a
1772 2183 2060 2224 terrestribus.
2088 2183 2177 2225 Hoc
2197 2184 2327 2236 signu
2348 2200 2370 2224 it

1329 2253 1593 2307 imprimitur
1611 2256 1765 2295 animae
1785 2255 2125 2308 contemplativae
2146 2255 2192 2296 in
2211 2256 2367 2307 fronte,

1330 2330 1371 2369 et
1394 2327 1439 2368 in
1458 2327 1668 2368 frontibus
1698 2326 1944 2368 electorum.
1967 2326 2056 2368 Hoc
2084 2327 2264 2380 signum
2295 2328 2375 2370 suit

1329 2399 1373 2440 in
1394 2399 1574 2452 signatis
1590 2399 1760 2452 ¹3super
1780 2401 1970 2440 montem
1990 2398 2091 2440 Sion
2111 2413 2120 2441 z
2137 2402 2239 2440 tunc
2258 2400 2373 2442 enim

1328 2471 1505 2511 firmum
1537 2470 1866 2510 fundamentum
1901 2471 2002 2520 stat,
2038 2472 2081 2511 et
2106 2469 2188 2511 hoc
2219 2473 2281 2512 est
2315 2472 2373 2512 51-

1331 2553 1493 2595 81111111,
1515 2541 1617 2594 quia
1637 2540 1664 2563 a
1689 2555 1708 2579 «
1727 2541 1846 2582 novit
1869 2540 1914 2592 (c)
1936 2540 2154 2592 Dominus,
2178 2541 2252 2594 qui
2273 2545 2373 2584 sunt

1330 2615 1436 2667 eJus.
1471 2628 1489 2651 »
1525 2612 1652 2653 Novit
1682 2624 1757 2666 per
1785 2612 1959 2665 signum
1992 2624 2269 2666 expressum,
2297 2626 2373 2667 per

1330 2686 1441 2739 quod
1463 2685 1630 2727 invocat
1648 2696 1807 2725 nomen
1829 2684 1994 2725 Domini
2021 2685 2074 2725 ab
2101 2684 2280 2726 intimis.
2302 2686 2372 2727 Sic

1330 2758 1474 2798 anima
1497 2756 1827 2810 contemplativa
1853 2756 2051 2809 signatur
2077 2769 2102 2798 a
2133 2756 2231 2798 Deo.
2254 2756 2371 2799 Unde

1331 2814 1411 2870 sub
1433 2832 1554 2870 sexto
1581 2828 1736 2881 angelo
1756 2828 1924 2877 dicitur,
1948 2828 2063 2881 quod
2080 2828 2109 2851 ¹⁵
2135 2844 2153 2868 «
2173 2830 2371 2882 appar-ult

1331 2901 1514 2954 augelus
1533 2901 1696 2942 habens
1720 2900 1898 2953 siguum
1924 2900 1997 2942 Dei
2015 2900 2121 2952 vivi,
2146 2915 2165 2938 »
2191 2901 2271 2942 hoc
2292 2903 2370 2942 suit

1330 2974 1375 3015 in
1394 2974 1682 3027 assignatione
1704 2972 1993 3023 Hierusalem,
2015 2975 2063 3014 ut
2082 2974 2126 3014 in
2147 2973 2250 3015 coelo
2272 2986 2370 3014 con-

1330 3046 1584 3088 scendentis.
1623 3045 1731 3086 Huic
1765 3045 1918 3098 angelo
1961 3045 2158 3099 apparuit
2193 3046 2367 3097 siguum

1331 3117 1648 3172 expressivum,
1675 3119 1886 3170 quantum
1918 3117 1968 3156 ad
1993 3116 2168 3158 modum
2195 3115 2368 3157 vivendi

1331 3201 1570 3231 consonum
1592 3189 1661 3229 isti
1680 3187 1822 3240 518110,
1846 3187 1959 3241 quod
1980 3188 2177 3240 signatur
2198 3187 2249 3228 ¹⁶:
2273 3186 2368 3228 «Ex

1330 3260 1447 3301 tribu
1472 3259 1493 3302 J
1500 3260 1582 3301 uda
1611 3259 1835 3301 duodecim
1864 3259 1996 3299 millia
2030 3258 2212 3311 signati,
2234 3271 2254 3295 ›)
2282 3261 2362 3299 010.

1332 3331 1383 3374 Et
1402 3332 1472 3373 hic
1494 3333 1574 3383 est,
1603 3331 1682 3385 qui
1707 3331 1836 3372 habet
1861 3330 1971 3370 hanc
1998 3329 2204 3382 triplicem
2226 3329 2366 3371 lucem

1332 3423 1407 3455 vui,
1438 3417 1487 3447 15.
1510 3433 1546 3438 —
1569 3414 1594 3436 ¹³
1614 3414 1731 3454 Apoc„
1756 3421 1818 3454 vu,
1846 3415 1876 3445 ὅ.
1904 3429 1945 3435 -
1971 3412 1997 3435 ¹⁴
2020 3413 2044 3444 ll
2069 3412 2166 3454 Tim„
2194 3421 2234 3449 11,
2259 3416 2304 3445 ts).
2326 3430 2365 3437 —

1333 3465 1357 3486 ¹⁵
1376 3463 1491 3504 Apoc„
1512 3470 1575 3502 vn,
1595 3463 1669 3493 2.—
1693 3462 1716 3480 ¹¹³
1733 3461 1846 3501 Apoc„
1868 3467 1900 3500 V,
1920 3462 1937 3492 5
1959 3462 1992 3492 et.
2011 3469 2124 3501 seq.-
2141 3461 2187 3502 (a)
2201 3459 2255 3493 At.
2272 3469 2364 3492 com-

1330 3511 1523 3554 prehendas
1557 3508 1846 3541 iucoarctatiouis.
1867 3525 1906 3531 —-
1943 3507 1987 3549 (b)
2020 3507 2077 3541 Al.
2113 3508 2306 3541 dicendum.
2325 3525 2366 3531 —

1331 3559 1374 3601 (c)
1400 3558 1496 3600 γαίᾳ.
1521 3556 1692 3600 cognovit.
