2633 3878
998 282 1240 324 PSALMUS
1270 283 1482 326 LXXXIII.

176 372 292 415 testis
310 372 589 424 conscientia,
617 383 715 426 quae
748 373 936 423 accusat3
963 371 1096 422 dolor,
1129 371 1204 424 qui

175 443 359 494 cruciat;
382 443 489 484 ratio
504 475 516 494 ,
533 442 666 495 Judex
688 442 761 494 qui
777 441 953 494 Judicat.

231 517 291 555 17.
333 514 388 556 Et
415 516 602 566 quoerent
636 522 788 554 nomen
820 515 968 560 tuum,
1006 511 1202 554 Domine.

175 585 252 626 Hic
271 585 436 635 dicitur,
459 585 570 637 quod
589 583 670 624 hoc
689 594 846 623 nomen
860 614 874 633 ,
898 583 1120 634 Dominus,
1145 585 1207 624 est

174 656 417 706 essentiale;
440 661 480 696 et
497 655 531 695 si
554 655 635 695 hoc
654 656 729 705 est,
754 665 860 706 ergo
880 653 932 694 ab
954 656 1114 695 aeterno
1133 653 1207 695 Do-

173 728 316 768 minus
330 741 341 777 ;
373 725 487 779 quod
513 725 665 765 falsum
691 727 773 775 est,
789 725 889 777 quia
911 737 998 765 non
1021 727 1128 766 esset
1152 724 1202 777 (a)

174 797 396 847 Dominus,
427 796 509 836 nisi
543 798 675 846 esset,
707 795 781 848 qui
817 795 865 848 (b)
901 795 1203 845 famularetur3

173 868 274 921 quia
304 868 509 910 Dominus
543 870 583 907 ct
616 867 770 908 Servus
806 866 1058 907 correlative
1090 868 1203 907 sunt.

174 938 361 979 Dicimus
397 937 511 991 quod
549 937 628 978 hoc
674 948 852 988 nomen,
896 937 1107 979 Dominus
1148 940 1212 978 est

171 1008 415 1059 essentiale,
447 1008 549 1060 quia
577 1007 720 1060 magis
746 1007 785 1047 ei
813 1007 1038 1057 convenit,
1074 1019 1206 1059 quam

172 1077 266 1119 aliis
289 1078 486 1119 dominis.
523 1078 616 1131 Ipse
645 1077 761 1118 enim
789 1076 847 1117 ita
881 1080 943 1117 est
979 1077 1203 1126 dominus,

173 1149 288 1202 quod
303 1161 388 1190 non
400 1161 564 1191 servus
583 1148 666 1190 Sed
679 1160 765 1189 non
785 1151 848 1189 est
866 1147 974 1189 alius
992 1148 1206 1199 dominus,

23 1225 155 1254 Pontifex
174 1220 247 1273 qui
280 1231 367 1261 non
387 1220 440 1261 sit
464 1220 646 1273 alic-ujus
672 1231 837 1260 servuS.
860 1218 989 1271 {Unde
1012 1230 1209 1260 summus

15 1273 67 1293 our
97 1275 156 1295 sel·-

29 1315 142 1336 vumse
177 1290 368 1332 Pontifex
393 1294 516 1333 vocat
534 1303 578 1332 se
598 1302 773 1332 servum
794 1302 1019 1332 servorum
1040 1290 1126 1330 Dei.
1159 1289 1210 1330 Et

15 1350 155 1379 nominat.

175 1362 268 1403 ideo
287 1373 443 1403 nomen
464 1365 527 1403 est
544 1362 583 1403 ei
602 1361 842 1412 essentiale,
863 1373 949 1402 non
968 1361 1090 1402 nohis
1103 1393 1114 1412 ,
1134 1373 1211 1402 un·

175 1432 226 1473 de
258 1432 319 1472 sic
360 1447 368 1472 :
413 1432 499 1473 Hoc
529 1444 715 1483 nomen,
756 1432 977 1482 Dominus,
1015 1431 1208 1484 quando-

175 1514 258 1556 que
278 1505 395 1544 notat
413 1508 576 1551 actum,
607 1503 862 1556 quandoque
890 1502 1174 1556 aptitudinem
1197 1514 1207 1541 ε

175 1573 210 1613 si
246 1573 327 1614 hoc
359 1585 516 1614 nomen
549 1574 756 1616 Dominus
785 1576 903 1615 notat
934 1576 1106 1622 actum,
1143 1585 1210 1614 se-

176 1644 366 1685 cundum
385 1644 499 1697 quod
518 1644 671 1685 dicitur
687 1645 912 1686 dominans
924 1676 935 1696 ,
958 1656 1045 1684 non
1063 1647 1125 1685 est
1146 1657 1210 1686 es·

176 1713 371 1764 sentiale3
400 1714 434 1754 si
453 1717 570 1755 notat
595 1715 897 1768 aptitudinem,
923 1714 1079 1756 scilicet
1100 1729 1108 1756 :
1130 1715 1212 1757 Do-

61 1790 157 1818 Unde-
177 1784 438 1836 minabitur,
471 1788 534 1826 est
564 1786 798 1827 essentiale.
831 1784 938 1827 Nota
965 1786 1060 1837 hio,
1100 1786 1214 1839 quod

35 1832 135 1859 narius

36 1873 107 1908 quid
112 1893 118 1901 .

178 1856 440 1898 undenarius
456 1869 661 1898 numerus
675 1857 829 1898 dicitur
844 1856 1209 1910 transgressionis.

181 1925 290 1969 Nam
302 1930 490 1969 vetustas
509 1930 670 1979 nostra,
691 1928 773 1969 alia
786 1940 939 1982 poenae,
961 1928 1043 1969 alia
1058 1928 1210 1981 culpae,

183 1997 317 2039 Poena
341 1997 424 2038 alia
442 1998 685 2051 temporalis
699 2029 712 2049 ,
745 1997 827 2038 alia
847 2000 1021 2039 aeterna.
1055 1998 1185 2052 Culpa
1199 2029 1210 2049 ,

182 2068 265 2109 alia
283 2069 482 2119 actualis,
510 2069 591 2109 alia
624 2069 864 2121 originalis.
886 2069 1074 2110 Actualis
1089 2101 1101 2120 ,
1131 2069 1215 2110 alia

179 2139 384 2190 mortalis,
404 2139 486 2180 alia
503 2139 695 2181 venialis,
719 2139 825 2181 Ecce
842 2140 972 2181 habes
992 2140 1211 2193 triplicem,

180 2209 336 2251 scilicet
349 2210 616 2262 originalem,
639 2210 848 2251 actualem
872 2211 937 2263 (c),
956 2214 1054 2252 actu
1067 2211 1214 2252 venia-

180 2279 280 2322 lem.
302 2280 534 2333 Originalis
553 2284 616 2322 est
641 2282 686 2321 in
711 2282 872 2332 tribus3
896 2282 941 2322 in
973 2282 1142 2332 fomite,
1170 2282 1216 2323 in

181 2353 292 2401 actu,
325 2351 370 2392 in
403 2354 523 2393 reatu
554 2366 563 2392 :
602 2354 783 2405 utraque
815 2351 870 2404 (cl)
906 2352 1097 2404 actualis,
1126 2355 1215 2394 tam

146 2436 151 2440 ·
180 2422 378 2474 venialis,
399 2436 530 2477 quam
549 2423 763 2474 mortalis,
787 2424 976 2465 consistit
995 2424 1040 2464 in
1061 2425 1214 2476 tribus,

181 2493 226 2533 in
244 2493 397 2535 affectu
431 2494 652 2547 peccandi,
694 2494 739 2534 in
765 2498 883 2545 actu,
915 2495 960 2535 in
992 2495 1216 2548 utriusque

180 2566 316 2604 reatu.
340 2563 442 2604 Ecce
461 2564 530 2604 hic
548 2564 680 2605 hahes
699 2576 855 2606 novem
869 2596 882 2615 ,
903 2568 945 2606 et
962 2565 1047 2606 duo
1066 2566 1112 2605 in
1124 2573 1217 2618 'poe-

181 2644 237 2673 na
254 2633 509 2686 praecedenti
531 2648 540 2674 ε
566 2636 608 2675 et
630 2634 690 2675 ita
711 2635 926 2676 undecim.
948 2635 1000 2676 Et
1018 2635 1111 2676 ideo
1133 2647 1213 2676 un-

181 2703 381 2745 denarius
406 2716 614 2746 numerus
642 2706 728 2755 est;
763 2706 1114 2758 transgressionis
1139 2718 1215 2747 au-

182 2776 284 2826 tem,
305 2775 406 2828 quia
422 2778 610 2816 vetustas
626 2778 786 2826 nostra,
810 2775 898 2817 sive
917 2777 1213 2828 transgressio,

182 2845 374 2887 consistit
391 2846 437 2887 in
455 2846 524 2887 his
543 2846 764 2898 undecim,
786 2850 828 2888 et
847 2847 949 2900 quia
968 2851 1068 2890 sunt
1089 2849 1218 2890 unde-

182 2916 266 2957 cim
299 2928 460 2969 genera
477 2917 690 2960 malorum
707 2950 717 2968 ,
742 2929 840 2971 quae
870 2918 1154 2972 assignantur>
1173 2920 1217 2960 in

182 2986 315 3030 Isaia.

328 3132 593 3178 PSALMUS
628 3132 807 3179 DAVID
839 3133 1078 3179 LXXXIII.

239 3275 280 3314 2.
302 3273 438 3321 Quam
455 3271 613 3315 dilecta
631 3273 904 3316 tabernacula
926 3278 1018 3325 tua,
1040 3275 1221 3318 Domine

186 3343 425 3387 virtutum!
457 3347 496 3385 3.
540 3343 834 3397 concupiscit,
862 3349 901 3388 ec
938 3344 1084 3396 deficit
1121 3347 1220 3388 ani-

186 3425 257 3457 ma
286 3425 380 3458 mea
411 3415 460 3458 in
489 3415 606 3458 atria
636 3416 832 3459 Domini.
870 3415 946 3457 Hic
977 3416 1131 3459 dicitur
1159 3419 1170 3440 ¹
1208 3429 1219 3459 :

194 3499 214 3523 α
231 3484 345 3536 Quos
364 3486 579 3540 praescivit
604 3485 716 3528 Deus
734 3486 828 3528 fieri
856 3487 1092 3528 conformes
1113 3488 1220 3529 ima-

233 3567 363 3609 ¹1³om.,
384 3576 460 3609 vm,
478 3570 529 3601 29.
552 3586 592 3593 —
609 3569 623 3590 ²
643 3568 765 3609 Eccli„
787 3577 824 3609 11,
848 3572 875 3602 1.

2228 291 2308 330 259

1280 372 1393 423 ginis
1407 372 1481 412 filii
1501 374 1564 414 sui
1579 405 1590 423 ,
1607 388 1626 412 υ
1651 378 1691 415 et
1710 375 1862 416 dicitur
1877 377 1891 398 ²
1914 390 1921 416 :
1945 391 1964 414 a
1987 375 2088 427 Fili,
2109 374 2310 417 accedens

1280 443 1332 482 ad
1351 443 1600 484 servitutem
1615 444 1701 495 Dei,
1717 446 1837 493 stain
1850 446 2015 497 timore,
2032 449 2072 487 et
2085 447 2267 499 justitia.
2285 461 2304 484 D

1281 512 1417 553 Homo
1437 525 1541 564 ergo
1560 513 1681 554 debet
1703 514 1850 555 timere
1870 516 1950 555 tria
1972 529 1980 555 t
2009 520 2212 567 mortem,
2236 518 2311 569 ju-

1281 582 1453 632 dicium,
1472 587 1513 623 et
1531 584 1790 635 gehennam.
1813 584 1858 624 In
1879 589 2012 627 morte
2029 588 2130 637 tria,
2151 600 2205 628 ne
2224 599 2312 628 non

1282 665 1435 706 puram
1455 655 1782 705 confessionem,
1805 655 1848 696 id
1867 659 1954 706 est,
1977 656 2232 699 diminutam
2250 658 2310 699 fe-

1282 723 1408 773 cerit3
1431 736 1485 764 ne
1504 736 1590 764 non
1612 724 1847 777 injunctam
1865 725 2155 777 poenitentiam
2174 727 2313 779 negli-

1285 796 1435 846 genter
1453 797 1655 835 executus
1675 795 1824 844 suerit3
1849 797 1890 836 et
1909 807 1963 836 ne
1994 799 2140 836 contra
2167 796 2314 848 flagel-

1285 864 1373 905 lum
1406 864 1480 905 Dei
1517 866 1867 907 murmuraverit.
1909 866 1956 906 ln
1990 867 2172 918 J'udicio,
2211 879 2312 907 con-

1283 936 1500 977 scientiam
1521 938 1789 977 accusantem
1806 968 1815 987 ,
1837 936 1995 978 iudicis
2019 937 2289 978 severitatem
2305 969 2315 987 ‚

1286 1007 1578 1048 imminentem
1598 1007 1928 1048 damnationem.
1953 1007 2000 1047 In
2021 1008 2220 1059 gehenna
2239 1007 2319 1048 tria

1285 1081 1387 1119 sunt
1403 1093 1412 1128 3
1449 1090 1550 1118 nam
1571 1078 1632 1118 ibi
1657 1078 1871 1119 timendus
1901 1081 1962 1119 est
1989 1078 2104 1130 ignis
2133 1079 2319 1119 inextin-

1288 1149 1486 1201 guibilis,
1514 1149 1637 1191 foetor
1673 1148 1968 1200 intolerabilis,
2002 1149 2142 1201 caligo
2170 1149 2314 1203 palpa·

1286 1221 1394 1261 bilis.

1340 1295 1379 1333 4.
1420 1291 1594 1334 Etenim
1627 1300 1777 1343 passer
1809 1291 1976 1333 invenit
2013 1291 2097 1333 sibi
2131 1290 2316 1333 domum.

1285 1361 1423 1403 Nota:
1448 1361 1550 1402 Duae
1585 1364 1686 1401 sunt
1713 1361 1812 1411 alae,
1844 1361 2000 1413 quibus
2032 1361 2162 1402 homo
2199 1361 2321 1403 debet

1287 1433 1385 1474 vehi
1412 1433 1456 1473 in
1486 1432 1687 1485 praesenti
1722 1446 1730 1472 :

1287 1503 1430 1544 Prima
1447 1503 1618 1544 illarum
1636 1503 1765 1544 habet
1783 1506 1966 1556 quatuor
1984 1514 2159 1555 pennas.
2177 1502 2321 1544 Prima

1288 1715 1365 1766 da,
1403 1715 1658 1766 integritas,
1692 1727 1790 1768 quae
1821 1714 2008 1755 excludit
2035 1714 2320 1757 divisionem:

1287 1799 1375 1828 non
1406 1787 1521 1827 enim
1541 1787 1665 1827 debet
1685 1787 1876 1827 confiteri
1902 1786 2098 1840 quaedam
2123 1788 2292 1839 peccata
2308 1818 2320 1837 ,

1289 1861 1330 1899 et
1349 1858 1548 1912 quaedam
1568 1861 1721 1909 tacere,
1744 1857 1859 1910 quod
1878 1863 1986 1898 esset
2003 1857 2204 1899 dividere.
2225 1857 2324 1899 Ter-

1288 1930 1346 1970 tia
1378 1933 1440 1970 est
1473 1929 1677 1979 firmitaS,
1716 1940 1812 1982 quae
1845 1928 2032 1969 excludit
2056 1928 2320 1982 jactantiam.

1290 2000 1448 2050 Quarta
1465 2004 1529 2041 est
1549 2000 1771 2040 humilitas
1790 2031 1800 2049 ,
1822 2011 1920 2052 quae
1939 1999 2126 2040 excludit
2143 2009 2320 2039 excusa·

1288 2072 1464 2112 tionem.
1489 2070 1700 2111 Confessio
1721 2070 1845 2111 debet
1865 2081 1954 2111 esse
1973 2071 2063 2110 sine
2083 2068 2321 2110 simulatio-

1289 2154 1343 2183 ne
1362 2174 1372 2192 ,
1394 2143 1565 2194 integra
1584 2141 1673 2182 sine
1695 2140 1904 2182 divisione
1923 2139 1990 2181 vel
2010 2138 2291 2180 diminutione
2304 2169 2318 2189 ,

1290 2213 1418 2253 firma
1452 2213 1544 2252 sine
1575 2211 1850 2260 titubatione,
1881 2209 2058 2250 humilis
2089 2209 2179 2250 sine
2210 2219 2322 2262 prae-

1290 2283 1548 2336 sumptione.
1571 2282 1629 2323 De
1648 2281 1799 2335 pennis
1815 2280 1988 2322 alterius
2008 2280 2106 2330 aIae,
2129 2279 2232 2320 alias
2251 2279 2316 2320 di-

1289 2357 1424 2396 cetur.
1688 2388 1692 2392 .

1342 2428 1381 2466 6.
1404 2426 1681 2467 Ascensiones
1700 2424 1749 2465 in
1762 2422 1884 2465 corde
1897 2431 1973 2465 suo
1990 2421 2220 2474 disposuit.
2243 2418 2322 2462 No-

1288 2500 1358 2537 ta:
1380 2496 1492 2536 Deus
1511 2495 1564 2535 ad
1583 2506 1662 2535 nos
1691 2494 1928 2544 descendit,
1951 2496 1993 2533 et
2010 2504 2088 2533 nos
2115 2491 2168 2533 ad
2187 2491 2321 2533 Deum

1289 2566 1492 2607 dehemus
1513 2564 1751 2606 ascendere.
1784 2563 1891 2605 Nam
1919 2564 2008 2616 ipse
2037 2562 2319 2614 transmigra-

1290 2636 1351 2676 vit
1395 2635 1506 2676 intra
1541 2646 1608 2684 se,
1643 2634 1757 2687 quod
1793 2644 1922 2686 supra
1951 2644 1995 2673 se
2037 2644 2124 2673 non
2156 2630 2319 2684 potuit;

1289 2710 1331 2747 et
1349 2717 1486 2758 usque
1504 2705 1557 2746 ad
1577 2707 1644 2754 te,
1677 2704 1792 2757 quod
1812 2703 1932 2756 ¹ultra
1962 2714 2050 2743 non
2081 2701 2248 2751 debuit3
2282 2704 2324 2742 et

1290 2780 1427 2818 totum
1457 2776 1552 2816 fecit
1575 2787 1651 2828 pro
1672 2777 1737 2825 te,
1769 2774 1870 2827 quia
1887 2776 1935 2815 ut
1964 2785 2042 2826 pro
2071 2784 2116 2813 se
2144 2772 2320 2822 faceret,

1290 2860 1377 2889 non
1393 2846 1595 2899 indiguit.
1619 2845 1977 2887 Considerandum
1997 2855 2101 2897 ergo
2126 2845 2218 2894 est,
2239 2855 2320 2884 un-

1291 2920 1364 2970 de,
1393 2922 1434 2959 et
1463 2928 1618 2970 quare,
1648 2919 1690 2957 et
1714 2927 1938 2969 quousque
1973 2926 2018 2955 se
2042 2913 2281 2955 exinanivit
2311 2928 2320 2954 z

1292 2991 1405 3033 unde
1418 3021 1430 3041 ,
1451 3001 1477 3030 a
1489 2990 1627 3030 forma
1642 2988 1714 3029 Dei
1731 3003 1740 3038 ;
1764 2999 1916 3041 quare,
1934 2998 2021 3028 non
2041 2987 2194 3027 timore
2209 2985 2323 3027 dam-

1292 3063 1360 3112 ni,
1382 3073 1460 3102 nec
1481 3059 1708 3113 cupiditate
1727 3057 1859 3109 lucri,
1894 3057 1966 3099 sed
1991 3056 2080 3098 sola
2104 3055 2323 3098 dilectione

1293 3133 1441 3174 nostri.
1464 3131 1516 3173 Et
1535 3143 1612 3172 nos
1637 3129 1676 3171 ei
1706 3140 1981 3170 occurramus
1997 3160 2007 3179 ,
2039 3127 2084 3168 in
2109 3126 2232 3168 nobis
2260 3125 2320 3166 fa·

1294 3203 1442 3244 ciendo
1477 3200 1766 3244 ascensionem
1800 3198 2017 3251 graduum
2045 3200 2191 3239 contra
2217 3207 2323 3248 gra-

1293 3274 1397 3316 dum
1420 3288 1429 3314 :
1453 3273 1525 3314 sed
1545 3284 1631 3313 non
1649 3271 1801 3311 timore
1822 3280 1982 3322 poenae,
2010 3270 2058 3309 ut
2079 3267 2213 3317 servi3
2239 3277 2324 3306 non

1295 3344 1522 3398 cupiditate
1541 3341 1689 3394 regni,
1710 3343 1758 3380 ut
1777 3338 2051 3388 mercenarii;
2074 3337 2147 3378 sed
2166 3336 2254 3377 sola
2269 3335 2326 3376 di-

1296 3415 1472 3457 lectione
1499 3413 1600 3463 Dei,
1631 3413 1679 3453 ut
1699 3409 1788 3450 filii.
1823 3407 1891 3450 Sic
1920 3420 2028 3461 ergo
2052 3417 2327 3448 occurramus

1341 3522 1386 3562 (ιι)
1413 3521 1492 3552 Cat.
1521 3519 1600 3551 edit.
1633 3520 1696 3549 cst.
1715 3533 1755 3539 -
1777 3514 1821 3555 (b)
1845 3516 1923 3546 Item
1945 3515 2010 3546 cni.
2035 3531 2077 3537 —-
2095 3516 2135 3553 (e)
2158 3514 2231 3554 [κῃ.
2252 3514 2328 3544 actu

1299 3569 1495 3601 mortalem.
1514 3584 1554 3590 —
1575 3566 1620 3606 (cl)
1645 3567 1724 3597 Caet.
1750 3563 1830 3593 arsit.
1852 3562 2038 3603 utritisquc.

2378 535 2472 560 Homo

2349 573 2406 601 tria
2422 573 2455 599 ti-

2331 621 2411 641 mere
2426 613 2472 640 dc-

2332 655 2391 682 hel.

2339 1383 2400 1410 Alce
2414 1383 2479 1410 ‹luae

1764 1432 1968 1473 confessio
2000 1434 2042 1473 et
2077 1432 2316 1474 satisfactio.
2347 1424 2474 1491 ξζωῑξῑέ

2340 1507 2410 1533 vita.

1287 1578 1350 1616 est
1369 1574 1545 1624 veritas,
1564 1586 1662 1627 quse
1673 1573 1859 1615 excludit
1875 1573 2214 1623 simulationem;
2232 1586 2320 1614 non
2359 1545 2466 1613 {Quies

1287 1646 1403 1686 enim
1427 1644 1628 1685 simulare
1649 1645 1794 1695 debes,
1818 1645 1891 1697 qui
1911 1644 2137 1685 confiteris.
2160 1645 2320 1686 Secun—
2361 1636 2394 1653 ⁶⁰
2439 1637 2446 1654 ¹

2342 1669 2447 1696 tiones.
