2633 3878
873 209 928 259 IN
957 214 1335 258 HEXAEMERON.
1366 215 1539 258 SERMO
1570 216 1636 259 IV.
2271 237 2323 276 49

189 309 255 349 tra
285 311 464 361 corpus,
487 307 641 350 nescio.
669 322 689 346 n
714 306 832 348 Unde
862 318 968 360 ergo
1001 306 1222 360 praesuinit

190 378 298 420 alius
327 379 609 422 determinare
628 411 640 430 ,
673 379 787 432 quod
821 377 980 419 Paulus
1012 377 1221 419 nescivit?

189 449 307 491 Tunc
327 451 596 504 adimpletur,
616 449 730 503 quod
753 450 953 491 scribitur
974 450 984 471 ¹
1005 464 1014 490 :
1040 464 1059 487 (1
1078 448 1222 489 Facia-

190 531 288 560 mus
306 520 525 561 hominem
546 519 599 560 ad
628 518 884 571 imaginem,
907 520 949 559 et
976 517 1218 557 similitudi-

189 602 290 633 nem
321 594 531 641 nostram,
560 605 579 628 »
605 590 705 644 quia
739 590 834 630 talis
870 590 1029 642 dignus
1061 592 1144 639 est,
1174 591 1224 628 ut

198 677 217 701 «
253 662 396 715 praesit
424 661 667 703 volatilibus
687 693 699 712 ,
731 664 772 702 et
792 661 977 714 piscibus
1014 660 1157 701 maris.
1197 674 1216 696 n

193 733 355 783 Quanto
375 733 488 774 enim
509 733 604 786 quis
627 733 828 774 elevatior
847 732 893 773 in
915 731 1107 782 Domino,
1134 734 1224 772 tan-

191 806 234 845 to
251 804 295 844 in
316 816 360 845 se
379 804 583 845 humilior
601 804 664 853 fit,
681 806 730 845 ut
747 803 905 845 Paulus
925 807 1018 856 post
1034 805 1221 856 raptum,

192 875 265 928 qui
285 875 396 928 quod
417 875 602 926 viderat,
626 875 910 916 determinare
931 874 1125 925 nolehat3
1149 874 1224 927 qui

192 946 318 986 etiam
337 947 388 987 ad
409 946 547 988 cubile
567 946 828 987 matrimonii
847 946 1225 987 determinandum

191 1017 467 1059 descendebat
494 1030 569 1071 per
596 1018 900 1059 humilitatem.
924 1017 1040 1059 Unde
1073 1018 1226 1059 dicitur

191 1089 236 1130 in
265 1089 339 1131 Job
358 1091 372 1112 ²
395 1102 405 1131 t
433 1089 691 1143 «Numquid
721 1090 774 1131 ad
807 1093 1068 1143 praeceptum
1100 1092 1229 1131 tuum*

191 1160 423 1203 elevabitur
447 1162 610 1215 aquila,
634 1164 675 1203 et
694 1162 739 1202 111
758 1162 904 1203 arduis
924 1165 1052 1215 ponet
1075 1162 1226 1203 nidum

193 1245 320 1275 suum
338 1235 358 1275 ἱ)
381 1249 399 1272 >)
436 1233 487 1275 Et
517 1246 619 1275 mox
650 1249 660 1275 z
699 1250 717 1273 «
750 1233 1018 1287 Ubicumque
1047 1234 1227 1276 cadaver

164 1314 169 1319 ·
192 1305 338 1356 fuerit,
363 1307 506 1347 statim
526 1307 655 1347 adest.
678 1321 696 1344 >³
722 1306 932 1347 Mirabilia
950 1306 1088 1359 primo
1111 1307 1226 1349 dixe-

192 1379 259 1418 rat
276 1377 328 1419 de
357 1378 519 1431 aquila,
544 1381 585 1418 et
609 1380 752 1431 postea
770 1378 952 1419 humilia
974 1393 983 1418 t
1008 1378 1066 1418 sic
1094 1381 1158 1420 est
1175 1379 1226 1421 de

193 1452 332 1502 raptu.
356 1449 429 1491 1116
462 1450 576 1490 enim
609 1450 682 1503 qui
713 1450 759 1490 in
790 1452 915 1502 raptu
947 1450 1027 1490 fuit
1062 1452 1223 1502 major,

194 1520 335 1572 magis
363 1523 426 1561 est
453 1520 629 1562 humilis
651 1535 660 1561 z
683 1524 723 1561 et
744 1521 803 1561 sic
822 1532 991 1561 necesse
1019 1523 1102 1571 est,
1126 1521 1226 1574 quia

192 1592 227 1631 si
255 1592 511 1646 superbiret,
546 1595 685 1646 posset
717 1592 912 1633 amittere
939 1592 1151 1644 gratiam,
1185 1594 1228 1633 et

191 1663 339 1705 cadere
357 1667 370 1690 ³
393 1664 472 1705 «in
485 1665 715 1718 reprobum
735 1676 930 1715 sensum3
953 1678 973 1703 ›>
996 1668 1037 1706 et
1058 1664 1133 1707 vix
1152 1677 1227 1705 un-

190 1748 321 1790 quam
349 1738 565 1789 surgeret,
590 1736 692 1790 qnia
719 1740 881 1790 quanto
912 1737 1052 1789 magis
1080 1738 1223 1787 novit,

191 1809 306 1849 tanto
327 1808 467 1860 magis
486 1807 610 1849 sciret
631 1808 794 1850 solvere
815 1808 982 1860 omnia,
1004 1820 1101 1861 quae
1121 1808 1227 1850 dice-

191 1881 338 1921 rentur
357 1878 457 1931 sibi,
478 1882 520 1920 et
533 1879 626 1921 ideo
645 1891 732 1921 non
751 1879 841 1921 sine
860 1892 988 1921 causa
1003 1880 1083 1921 fuit
1103 1880 1226 1921 datus

190 1950 390 2004 Apostolo
410 1955 423 1976 ³·
449 1951 688 1993 «stimulus
718 1952 885 1992 carnis:
908 1951 967 1993 Ne
1000 1952 1225 2004 magnitu-

190 2021 270 2073 do,
291 2037 310 2060 »
336 2022 492 2075 inquit,
521 2038 540 2061 (ι
570 2022 881 2065 revelationum
901 2023 1073 2064 extollat
1092 2036 1176 2066 me.
1201 2038 1220 2062 ›>

191 2091 283 2143 llle,
306 2093 502 2147 inquam,
524 2094 598 2148 qui
619 2095 670 2136 ad
689 2094 818 2135 talem
838 2097 995 2135 statum
1010 2096 1223 2148 pervenit,

189 2167 326 2218 potest
354 2165 458 2207 alios
481 2166 679 2207 ordinare
710 2169 751 2207 et
781 2178 954 2219 regere,
989 2169 1037 2207 ut
1069 2166 1227 2208 Paulus

190 2236 287 2278 fecit
307 2269 317 2289 ,
358 2237 433 2290 qui
475 2237 691 2278 ordinavit
728 2237 957 2279 Ecclesiam
992 2238 1225 2280 secundum

190 2307 429 2361 exemplar,
463 2309 577 2362 quod
611 2309 690 2349 sibi
720 2310 1054 2351 monstrabatur.
1093 2310 1226 2364 Septi-

178 2391 263 2440 ·ma
298 2379 386 2420 dies
426 2383 489 2421 est
518 2380 726 2422 absolutio
763 2394 788 2422 a
818 2393 1007 2435 corpore.
1052 2382 1107 2423 De
1142 2395 1227 2436 qua

193 2450 260 2492 die
286 2450 480 2493 Salvator
510 2452 568 2493 ait
588 2453 600 2474 ⁸
624 2467 632 2493 ε
658 2468 677 2492 (1
699 2453 832 2495 Hodie
863 2466 1036 2495 mecum
1069 2453 1151 2495 eris
1181 2454 1227 2495 in

193 2521 399 2574 paradiso.
422 2537 441 2560 ›)
468 2522 572 2572 Quae
600 2524 688 2565 dies
712 2537 798 2565 non
831 2525 958 2566 habet
986 2537 1222 2578 vesperam.

194 2591 245 2633 Et
265 2596 358 2646 post
390 2594 582 2647 sequitur
610 2597 757 2637 octava
783 2595 894 2645 dies,
926 2608 1023 2649 quae
1052 2609 1138 2637 non
1166 2600 1229 2637 est

194 2663 276 2704 alia
294 2676 320 2705 a
338 2665 674 2718 praecedentibus
692 2699 702 2718 ,
735 2666 806 2707 sed
833 2666 1046 2708 reiteratio
1078 2668 1227 2721 primae

193 2734 275 2777 diei
302 2767 314 2787 ,
357 2736 528 2790 quando
572 2737 715 2779 anima
759 2739 1038 2791 resumpserit
1076 2752 1228 2794 corpus

194 2819 336 2849 suum.
362 2807 462 2849 Haec
482 2810 544 2850 est
570 2821 675 2862 ergo
704 2809 834 2851 clavis
854 2810 1011 2862 David,
1036 2824 1132 2865 quae
1154 2812 1227 2853 do-

194 2880 258 2920 cet
289 2878 477 2921 Verbum
511 2880 767 2933 inspiratum
795 2896 803 2931 ;
844 2882 948 2923 illud
975 2914 984 2932 ,
1019 2882 1195 2936 inquam
1214 2915 1226 2934 ,

195 2949 403 3003 Verbum,
425 2952 539 3006 quod
557 2955 618 2993 cst
638 2953 683 2993 in
703 2953 801 2994 sinu
824 2953 956 2995 Patris
976 2954 1227 3008 increatum,

196 3022 464 3065 incarnatum
497 3024 543 3065 in
576 3028 693 3066 utero
715 3024 902 3078 Virginis
924 3058 936 3078 ,
973 3026 1230 3079 inspiratum

197 3094 240 3135 in
260 3096 386 3137 corde
410 3099 505 3148 tuo,
528 3097 601 3137 ubi
632 3097 794 3138 habitat
819 3109 894 3150 per
914 3097 1064 3148 fidem,
1091 3097 1227 3138 illabi-

197 3168 268 3207 tur
294 3169 458 3209 mentes
480 3167 709 3220 angelicas,
734 3170 775 3209 et
798 3168 1011 3209 humanas
1034 3169 1197 3210 intrans
1219 3202 1228 3220 ,

197 3238 241 3279 in
261 3238 320 3279 eis
343 3239 439 3280 facit
465 3238 704 3292 intelligere
724 3240 802 3280 has
821 3239 1026 3292 visiones,
1049 3240 1150 3294 quia
1170 3244 1232 3282 est

197 3310 434 3353 intellectus
452 3324 610 3365 purUS,
629 3311 698 3353 sed
716 3311 798 3354 alio
816 3311 955 3354 etalio
974 3313 1114 3365 modo,
1131 3313 1232 3366 quia

199 3385 298 3424 sunt
340 3384 525 3437 maiores
568 3384 913 3437 protundationes
937 3416 950 3436 ,
995 3385 1233 3427 secundum

243 3491 253 3513 ¹
275 3492 369 3533 Gen„
395 3501 419 3534 1,
439 3494 492 3525 26.
515 3511 550 3516 —
579 3493 592 3514 Ξ
610 3491 682 3532 Job,
703 3500 825 3534 xxmx,
848 3494 900 3533 27,
919 3494 970 3525 30.
991 3510 1032 3516 —
1049 3492 1063 3515 ³
1084 3493 1187 3532 Rom„
1208 3500 1233 3535 1,

202 3539 378 3573 28.—⁴11
400 3541 573 3582 Cor.,x11,
594 3541 624 3572 ἵ.
645 3557 679 3562 -
696 3540 813 3582 ⁵Luc.‚
838 3547 942 3581 xxm,
964 3541 1015 3573 43.
1035 3541 1102 3563 ,a
1117 3539 1232 3580 Dion.,

412 3612 512 3642 1011.
544 3612 604 3641 lx.

1294 305 1404 358 quod
1429 306 1573 347 anima
1591 306 1743 347 intime
1761 307 1991 361 inducitur,
2012 314 2080 355 vel
2095 318 2324 364 meditatur

1294 376 1339 416 in
1366 389 1438 417 se:
1470 380 1511 418 et
1539 377 1621 418 hoc
1652 378 1699 418 fit
1729 390 1805 431 per
1835 380 2028 424 divinum
2063 388 2254 443 radium,
2277 397 2325 434 ut

1294 447 1393 488 dicit
1421 447 1666 501 DionysiuS,
1699 448 1750 490 de
1773 451 1978 503 Anqelz'ca
2007 456 2261 505 Hierarchz‘a
2277 463 2290 485 ⁶
2314 479 2323 506 ε

1301 534 1319 556 a
1341 518 1455 571 Ergo
1476 519 1644 571 Jesum,
1676 521 1841 574 inquit,
1873 523 2137 582 invocantes,
2163 534 2237 585 qui
2265 539 2328 577 est

1295 591 1481 644 primum
1504 592 1671 644 lumen,
1698 608 1717 631 n
1740 596 1817 634 etc.
1850 595 1898 636 Et
1928 596 2020 639 ideo
2053 601 2150 643 dicit
2170 604 2325 661 Diony-

1296 666 1398 716 31113,
1422 666 1472 708 cle
1494 667 1796 711 Ecclesiastico
1815 670 2073 715 Hierarchz'a
2092 689 2104 714 .·
2120 692 2138 713 «
2153 676 2239 720 Lex
2254 681 2326 722 Di-

1295 736 1485 778 vinitatis
1517 742 1594 790 est,
1622 740 1770 780 infima
1790 753 1865 793 per
1893 744 2030 785 media
2056 747 2106 787 ad
2129 761 2330 803 suprema

1296 808 1512 850 reducere.
1548 825 1567 848 »
1612 810 1684 851 Ille
1729 824 1834 864 ergo
1876 814 2143 859 thearchicus
2187 823 2331 864 radius

1298 879 1555 921 descendens
1576 881 1621 922 in
1651 882 1863 924 coelestem
1884 884 2185 943 hierarchiam,
2214 893 2330 936 illam

1297 950 1533 1003 illuminat3
1558 956 1597 994 et
1625 966 1700 1007 per
1728 954 1868 1006 illam,
1893 957 2239 1016 ecclesiasticam,
2262 967 2331 1007 vel

1298 1023 1594 1065 subcoelestem
1619 1039 1627 1065 :
1650 1028 1788 1066 totum
1808 1029 1949 1069 tamen
1970 1030 2066 1071 facit
2084 1032 2151 1074 1116
2167 1036 2328 1090 radius,

1299 1095 1400 1148 quia
1422 1096 1562 1149 angeli
1584 1097 1643 1137 ibi
1663 1098 1772 1138 1111111
1790 1100 1972 1151 faciunt,
1993 1103 2075 1143 nisi
2092 1108 2328 1149 occasiona-

1297 1166 1413 1219 liter,
1437 1168 1568 1220 sicut,
1597 1169 1630 1209 si
1650 1169 1806 1222 aliquis
1826 1171 1953 1212 vellet
1973 1175 2085 1226 quod
2112 1177 2256 1219 radius
2277 1180 2331 1220 il-

1298 1237 1530 1280 luminaret
1549 1240 1706 1281 multas
1725 1241 1894 1294 domos,
1911 1246 2094 1297 aperiret
2113 1249 2330 1303 fenestras,

1299 1311 1340 1349 et
1364 1311 1508 1351 tamen
1534 1312 1679 1352 radius
1708 1324 1856 1354 omnes
1888 1319 2028 1368 partes
2057 1318 2209 1361 domus
2235 1322 2329 1363 illu-

1299 1381 1501 1433 minaret,
1524 1385 1566 1423 et
1585 1383 1716 1435 sicut,
1738 1385 1773 1424 si
1794 1386 1888 1438 quis
1914 1395 2171 1443 praepararet
2200 1395 2332 1436 multa

1300 1452 1469 1504 specula
1494 1454 1545 1494 ad
1577 1455 1869 1507 recipiendum
1888 1458 2035 1501 lumen
2059 1474 2069 1501 ε
2095 1463 2243 1505 deinde
2264 1478 2331 1506 or-

1301 1524 1400 1565 dino
1432 1526 1682 1568 resolutorio
1710 1527 1779 1569 ille
1810 1530 1953 1571 radius
1984 1544 2062 1573 nos
2092 1535 2254 1577 reducit
2290 1538 2333 1578 in

1300 1597 1698 1650 contemplationem
1725 1600 1980 1654 coelestium,
2004 1603 2154 1647 deinde
2183 1620 2333 1662 super—

1296 1666 1544 1711 coelestium.

1667 1766 1859 1813 SERMO
1890 1770 1969 1816 IV.

1301 1870 1351 1906 De
1376 1871 1451 1907 luce
1476 1872 1692 1917 intellectus,
1723 1885 1800 1919 quse
1826 1877 1874 1910 631
1905 1877 2065 1920 Veritas,
2088 1879 2131 1915 de
2156 1880 2230 1926 eJ'us
2254 1892 2335 1928 spe-

1349 1931 1485 1975 ciebus,
1506 1934 1538 1968 61
1564 1934 1705 1969 visione
1729 1935 1976 1980 intelliqentz'ae
1994 1948 2061 1984 per
2086 1942 2258 1977 naturam
2279 1943 2337 1977 111-

1350 1990 1447 2026 111116.

1354 2089 1366 2110 ⁷
1394 2089 1519 2132 Vidit
1544 2090 1656 2132 Deus
1680 2091 1810 2134 lucem
1824 2087 1837 2144 ,’
1862 2095 1977 2146 quod
2002 2102 2106 2140 63361
2133 2098 2265 2152 bona,
2297 2106 2337 2144 ec

1300 2161 1454 2205 divisit
1482 2162 1617 2205 lucem
1642 2174 1669 2205 α
1704 2165 1900 2217 tenebris,
1941 2171 2018 2209 etc.
2057 2169 2104 2211 In
2138 2173 2337 2214 omnibus

1301 2233 1509 2286 operibus
1520 2246 1595 2275 sex
1614 2234 1796 2287 dierum,
1814 2240 2101 2293 praeterquam
2123 2244 2333 2296 secundae,

1258 2360 1261 2361 7
1300 2305 1461 2346 dictum
1492 2309 1554 2347 est
1591 2320 1599 2347 ε
1646 2306 1773 2350 Vidit
1805 2309 1946 2362 Deus,
1987 2313 2099 2364 quod
2134 2319 2239 2358 63361
2268 2316 2335 2358 bo-

1300 2389 1435 2420 num:
1470 2381 1510 2419 et
1541 2379 1586 2419 in
1616 2380 1700 2421 fine
1729 2380 1828 2422 dicit
1856 2395 1866 2422 :
1901 2383 2017 2427 Vidit
2037 2385 2146 2429 Deus
2167 2392 2334 2439 cuncta,

1301 2461 1395 2503 quoe
1426 2440 1610 2503 Yecerac,
1647 2456 1686 2495 61
1723 2458 1846 2496 erant
1881 2454 2004 2497 valde
2044 2456 2165 2499 bona.
2189 2458 2338 2501 Videre

1301 2521 1455 2562 dicitur
1478 2521 1608 2574 Deus,
1640 2523 1741 2576 quia
1767 2524 1913 2565 videre
1941 2538 2018 2567 nos
2050 2527 2160 2569 facit.
2196 2529 2339 2571 Prima

1302 2591 1408 2633 visio
1431 2593 1586 2633 animae
1619 2596 1680 2635 est
1710 2605 1786 2647 per
1819 2599 2018 2637 naturam
2046 2598 2338 2652 intelligentiae

1302 2662 1462 2704 inditae.
1498 2662 1616 2705 Unde
1649 2664 1747 2706 dicit
1769 2665 1964 2710 Psalmus
1983 2668 1996 2689 ⁸
2021 2683 2029 2709 :
2057 2684 2076 2708 «
2110 2670 2338 2723 Signatum

1304 2736 1368 2775 est
1389 2746 1517 2787 super
1537 2747 1615 2776 nos
1635 2734 1782 2777 lumen
1813 2737 1959 2779 vultus
1987 2740 2077 2791 tui,
2103 2741 2290 2785 Domine.
2315 2758 2334 2782 n

1304 2805 1356 2847 Et
1375 2806 1445 2847 hic
1464 2810 1641 2860 possunt
1670 2808 1871 2861 explicari
1899 2822 2046 2851 omnes
2073 2812 2340 2856 difficultates

1305 2877 1601 2931 philosophiae.
1643 2878 1888 2932 Philosophi
1937 2881 2137 2924 dixerunt
2183 2897 2339 2927 novem

1305 2950 1512 3002 scientias,
1532 2954 1572 2992 ct
1590 2950 1764 3004 polliciti
1785 2954 1883 2992 sunt
1903 2952 2001 2994 dare
2023 2953 2247 3009 decimam,
2266 2957 2342 2998 sci-

1305 3021 1401 3062 licet
1415 3022 1812 3076 contemplationem
1831 3038 1840 3074 ;
1858 3024 1929 3065 sed
1943 3025 2067 3066 multi
2083 3027 2336 3082 philosophi,

1306 3094 1412 3135 dum
1445 3106 1490 3136 se
1527 3094 1758 3136 voluerunt
1788 3094 1975 3138 dividere
2007 3109 2032 3138 a
2058 3099 2243 3140 tenebris
2274 3113 2339 3142 er-

1307 3165 1416 3207 roris
1439 3197 1449 3217 ,
1481 3165 1622 3217 magis
1660 3178 1704 3207 se
1740 3167 1956 3209 erroribus
1998 3169 2338 3213 immiscuerunt.

1313 3254 1332 3278 <1
1353 3237 1545 3279 Dicentes
1576 3237 1692 3278 enim
1722 3240 1736 3262 ⁹
1763 3251 1807 3280 se
1839 3240 2068 3293 sapientes,
2100 3241 2216 3283 stulti
2248 3243 2344 3285 sacti

1307 3312 1423 3362 sunt,
1448 3324 1466 3347 n
1490 3309 1788 3363 superbientes
1806 3311 1856 3351 de
1876 3324 1953 3352 sua
1971 3312 2158 3365 scientia,
2182 3313 2344 3356 Lucife-

1308 3382 1419 3423 riani
1454 3382 1564 3424 facti.
1605 3381 1732 3435 Apud
1759 3381 1986 3436 AEgyptios
2017 3386 2045 3406 ¹⁰
2083 3385 2345 3429 densissimae

1307 3491 1346 3523 cle
1375 3491 1455 3524 Coel.
1486 3491 1592 3528 Hier..
1627 3500 1658 3524 6.
1689 3499 1718 3532 1,
1749 3491 1782 3523 111
1808 3491 1919 3532 princ.
1945 3508 1985 3517 —-
2016 3493 2025 3512 7
2057 3493 2153 3535 Gen„
2180 3503 2215 3536 1,
2247 3497 2276 3529 4.
2305 3513 2347 3521 ——

1309 3541 1320 3556 ⁸
1341 3538 1434 3571 Psal.
1458 3546 1503 3579 ιν,
1524 3540 1555 3569 7.
1573 3555 1613 3562 —
1634 3539 1648 3560 ⁹
1667 3539 1771 3578 Rom„
1793 3547 1817 3578 1,
1839 3541 1889 3571 22.
1912 3557 1952 3563 —
1974 3541 1998 3562 ¹0
2020 3541 2140 3581 Eaeod„
2161 3549 2195 3581 x,
2218 3544 2269 3575 22.

2104 3604 2128 3641 4
