<?xml version="1.0" encoding="UTF-8"?>
<!DOCTYPE html PUBLIC "-//W3C//DTD XHTML 1.0 Transitional//EN"
    "http://www.w3.org/TR/xhtml1/DTD/xhtml1-transitional.dtd">
<html xmlns="http://www.w3.org/1999/xhtml" xml:lang="en" lang="en">
 <head>
  <title>
</title>
<meta http-equiv="Content-Type" content="text/html;charset=utf-8" />
  <meta name='ocr-system' content='tesseract 3.04.00' />
  <meta name='ocr-capabilities' content='ocr_page ocr_carea ocr_par ocr_line ocrx_word'/>
</head>
<body>
  <div class='ocr_page' id='page_1' title='image "./operaomniasixtiv09bonauoft/operaomniasixtiv09bonauoft_0544.png"; bbox 0 0 2633 3878; ppageno 0'>
   <div class='ocr_carea' id='block_1_1' title="bbox 290 299 1318 801">
    <p class='ocr_par' dir='ltr' id='par_1_1' title="bbox 290 299 1318 801">
     <span class='ocr_line' id='line_1_1' title="bbox 294 299 369 336; baseline -0.013 0"><span class='ocrx_word' id='word_1_1' title='bbox 294 299 369 336; x_wconf 71' lang='lat'>508</span> 
     </span>
     <span class='ocr_line' id='line_1_2' title="bbox 291 383 1318 432; baseline 0.001 -11"><span class='ocrx_word' id='word_1_2' title='bbox 291 384 405 421; x_wconf 84' lang='lat' dir='ltr'>soluti</span> <span class='ocrx_word' id='word_1_3' title='bbox 445 383 496 420; x_wconf 87' lang='lat' dir='ltr'>ad</span> <span class='ocrx_word' id='word_1_4' title='bbox 534 383 715 420; x_wconf 90' lang='lat' dir='ltr'>intuitum</span> <span class='ocrx_word' id='word_1_5' title='bbox 745 384 909 432; x_wconf 89' lang='lat' dir='ltr'>pietatis.</span> <span class='ocrx_word' id='word_1_6' title='bbox 944 387 1026 422; x_wconf 93' lang='lat' dir='ltr'>Non</span> <span class='ocrx_word' id='word_1_7' title='bbox 1057 385 1195 423; x_wconf 91' lang='lat' dir='ltr'>oculos</span> <span class='ocrx_word' id='word_1_8' title='bbox 1226 396 1318 423; x_wconf 90' lang='lat' dir='ltr'>suos</span> 
     </span>
     <span class='ocr_line' id='line_1_3' title="bbox 291 445 1318 494; baseline 0.004 -13"><span class='ocrx_word' id='word_1_9' title='bbox 291 445 459 493; x_wconf 83' lang='lat' dir='ltr'>oppilat,</span> <span class='ocrx_word' id='word_1_10' title='bbox 485 448 522 482; x_wconf 89' lang='lat' dir='ltr'>et</span> <span class='ocrx_word' id='word_1_11' title='bbox 551 445 763 483; x_wconf 89' lang='lat' dir='ltr'>nonnullos</span> <span class='ocrx_word' id='word_1_12' title='bbox 788 446 863 483; x_wconf 90' lang='lat' dir='ltr'>sibi</span> <span class='ocrx_word' id='word_1_13' title='bbox 889 448 1104 494; x_wconf 81' lang='lat' dir='ltr'>assimilat3</span> <span class='ocrx_word' id='word_1_14' title='bbox 1133 448 1202 484; x_wconf 92' lang='lat' dir='ltr'>sed</span> <span class='ocrx_word' id='word_1_15' title='bbox 1227 451 1318 486; x_wconf 89' lang='lat' dir='ltr'>tunc</span> 
     </span>
     <span class='ocr_line' id='line_1_4' title="bbox 291 506 1314 556; baseline 0.004 -13"><span class='ocrx_word' id='word_1_16' title='bbox 291 506 512 553; x_wconf 77' lang='lat' dir='ltr'>evigilabit,</span> <span class='ocrx_word' id='word_1_17' title='bbox 531 518 621 544; x_wconf 89' lang='lat' dir='ltr'>cum</span> <span class='ocrx_word' id='word_1_18' title='bbox 639 508 699 545; x_wconf 89' lang='lat' dir='ltr'>sol</span> <span class='ocrx_word' id='word_1_19' title='bbox 715 509 869 555; x_wconf 62' lang='lat' dir='ltr'>justitiae</span> <span class='ocrx_word' id='word_1_20' title='bbox 894 509 934 545; x_wconf 89' lang='lat' dir='ltr'>in</span> <span class='ocrx_word' id='word_1_21' title='bbox 959 510 1109 556; x_wconf 89' lang='lat' dir='ltr'>judicio</span> <span class='ocrx_word' id='word_1_22' title='bbox 1128 510 1314 547; x_wconf 87' lang='lat' dir='ltr'>rutilabit.</span> 
     </span>
     <span class='ocr_line' id='line_1_5' title="bbox 291 570 1318 619; baseline 0.004 -14"><span class='ocrx_word' id='word_1_23' title='bbox 291 570 499 616; x_wconf 81' lang='lat' dir='ltr'>Propterea</span> <span class='ocrx_word' id='word_1_24' title='bbox 529 572 621 606; x_wconf 90' lang='lat' dir='ltr'>tunc</span> <span class='ocrx_word' id='word_1_25' title='bbox 648 570 821 607; x_wconf 90' lang='lat' dir='ltr'>inveniet</span> <span class='ocrx_word' id='word_1_26' title='bbox 845 571 1189 618; x_wconf 85' lang='lat' dir='ltr'>maledictionem,</span> <span class='ocrx_word' id='word_1_27' title='bbox 1224 572 1318 619; x_wconf 90' lang='lat' dir='ltr'>quia</span> 
     </span>
     <span class='ocr_line' id='line_1_6' title="bbox 290 631 1317 678; baseline 0.003 -11"><span class='ocrx_word' id='word_1_28' title='bbox 290 640 371 667; x_wconf 92' lang='lat' dir='ltr'>non</span> <span class='ocrx_word' id='word_1_29' title='bbox 403 631 587 678; x_wconf 62' lang='lat' dir='ltr'>praevenit</span> <span class='ocrx_word' id='word_1_30' title='bbox 619 631 744 668; x_wconf 88' lang='lat' dir='ltr'>solem</span> <span class='ocrx_word' id='word_1_31' title='bbox 776 632 827 669; x_wconf 91' lang='lat' dir='ltr'>ad</span> <span class='ocrx_word' id='word_1_32' title='bbox 857 632 1189 670; x_wconf 86' lang='lat' dir='ltr'>benedictionem.</span> <span class='ocrx_word' id='word_1_33' title='bbox 1221 636 1317 671; x_wconf 88' lang='lat' dir='ltr'>Ecce</span> 
     </span>
     <span class='ocr_line' id='line_1_7' title="bbox 291 691 1318 742; baseline 0.004 -14"><span class='ocrx_word' id='word_1_34' title='bbox 291 691 475 729; x_wconf 87' lang='lat' dir='ltr'>diabolus</span> <span class='ocrx_word' id='word_1_35' title='bbox 494 692 669 730; x_wconf 93' lang='lat' dir='ltr'>diluculo</span> <span class='ocrx_word' id='word_1_36' title='bbox 690 693 824 731; x_wconf 89' lang='lat' dir='ltr'>oculos</span> <span class='ocrx_word' id='word_1_37' title='bbox 844 694 1026 742; x_wconf 86' lang='lat' dir='ltr'>oppilans</span> <span class='ocrx_word' id='word_1_38' title='bbox 1046 695 1097 732; x_wconf 89' lang='lat' dir='ltr'>ad</span> <span class='ocrx_word' id='word_1_39' title='bbox 1127 694 1318 732; x_wconf 87' lang='lat' dir='ltr'>malitiam</span> 
     </span>
     <span class='ocr_line' id='line_1_8' title="bbox 290 754 605 801; baseline 0.003 -11"><span class='ocrx_word' id='word_1_40' title='bbox 290 754 605 801; x_wconf 84' lang='lat' dir='ltr'>prorogandum.</span> 
     </span>
    </p>
   </div>
   <div class='ocr_carea' id='block_1_2' title="bbox 619 854 983 890">
    <p class='ocr_par' dir='ltr' id='par_1_2' title="bbox 619 854 983 890">
     <span class='ocr_line' id='line_1_9' title="bbox 619 854 983 890; baseline 0.003 -1"><span class='ocrx_word' id='word_1_41' title='bbox 619 854 808 890; x_wconf 81' lang='lat' dir='ltr'>Articulus</span> <span class='ocrx_word' id='word_1_42' title='bbox 842 855 983 890; x_wconf 78' lang='lat' dir='ltr'>tertius.</span> 
     </span>
    </p>
   </div>
   <div class='ocr_carea' id='block_1_3' title="bbox 284 940 1317 1974">
    <p class='ocr_par' dir='ltr' id='par_1_3' title="bbox 284 940 1317 1974">
     <span class='ocr_line' id='line_1_10' title="bbox 337 940 1317 988; baseline 0.001 -11"><span class='ocrx_word' id='word_1_43' title='bbox 337 940 507 978; x_wconf 87' lang='lat' dir='ltr'>Tertium</span> <span class='ocrx_word' id='word_1_44' title='bbox 526 941 757 988; x_wconf 90' lang='lat' dir='ltr'>attenditur,</span> <span class='ocrx_word' id='word_1_45' title='bbox 778 953 867 979; x_wconf 91' lang='lat' dir='ltr'>cum</span> <span class='ocrx_word' id='word_1_46' title='bbox 888 941 1046 979; x_wconf 85' lang='lat' dir='ltr'>additur</span> <span class='ocrx_word' id='word_1_47' title='bbox 1069 953 1076 978; x_wconf 92' lang='lat'><strong>:</strong></span> <span class='ocrx_word' id='word_1_48' title='bbox 1098 943 1142 978; x_wconf 71' lang='lat' dir='ltr'>st</span> <span class='ocrx_word' id='word_1_49' title='bbox 1161 942 1317 978; x_wconf 80' lang='lat' dir='ltr'>medita-</span> 
     </span>
     <span class='ocr_line' id='line_1_11' title="bbox 290 1003 1315 1041; baseline 0.002 -3"><span class='ocrx_word' id='word_1_50' title='bbox 290 1014 357 1039; x_wconf 79' lang='lat' dir='ltr'>rer.</span> <span class='ocrx_word' id='word_1_51' title='bbox 398 1005 486 1041; x_wconf 78' lang='lat' dir='ltr'>flaec</span> <span class='ocrx_word' id='word_1_52' title='bbox 522 1003 723 1041; x_wconf 86' lang='lat' dir='ltr'>meditatio</span> <span class='ocrx_word' id='word_1_53' title='bbox 761 1007 815 1041; x_wconf 86' lang='lat' dir='ltr'>est</span> <span class='ocrx_word' id='word_1_54' title='bbox 847 1004 1053 1040; x_wconf 89' lang='lat' dir='ltr'>oculorum</span> <span class='ocrx_word' id='word_1_55' title='bbox 1086 1003 1315 1040; x_wconf 88' lang='lat' dir='ltr'>interiorum</span> 
     </span>
     <span class='ocr_line' id='line_1_12' title="bbox 290 1065 1317 1111; baseline 0.003 -11"><span class='ocrx_word' id='word_1_56' title='bbox 290 1065 519 1111; x_wconf 85' lang='lat' dir='ltr'>negotiatio.</span> <span class='ocrx_word' id='word_1_57' title='bbox 558 1066 762 1102; x_wconf 76' lang='lat' dir='ltr'>Interiores</span> <span class='ocrx_word' id='word_1_58' title='bbox 801 1066 904 1101; x_wconf 86' lang='lat' dir='ltr'>enim</span> <span class='ocrx_word' id='word_1_59' title='bbox 944 1065 1045 1102; x_wconf 92' lang='lat' dir='ltr'>oculi</span> <span class='ocrx_word' id='word_1_60' title='bbox 1083 1068 1171 1102; x_wconf 91' lang='lat' dir='ltr'>sunt</span> <span class='ocrx_word' id='word_1_61' title='bbox 1208 1068 1317 1103; x_wconf 88' lang='lat' dir='ltr'>aetus</span> 
     </span>
     <span class='ocr_line' id='line_1_13' title="bbox 289 1127 1314 1175; baseline 0.002 -12"><span class='ocrx_word' id='word_1_62' title='bbox 289 1127 541 1174; x_wconf 82' lang='lat' dir='ltr'>perspectivi,</span> <span class='ocrx_word' id='word_1_63' title='bbox 571 1127 714 1164; x_wconf 87' lang='lat' dir='ltr'>scilicet</span> <span class='ocrx_word' id='word_1_64' title='bbox 741 1127 948 1164; x_wconf 87' lang='lat' dir='ltr'>admiratio</span> <span class='ocrx_word' id='word_1_65' title='bbox 979 1130 1014 1164; x_wconf 89' lang='lat' dir='ltr'>et</span> <span class='ocrx_word' id='word_1_66' title='bbox 1039 1127 1284 1174; x_wconf 80' lang='lat' dir='ltr'>investigatio</span> <span class='ocrx_word' id='word_1_67' title='bbox 1303 1157 1314 1175; x_wconf 94' lang='lat'>,</span> 
     </span>
     <span class='ocr_line' id='line_1_14' title="bbox 289 1189 1316 1237; baseline 0.002 -12"><span class='ocrx_word' id='word_1_68' title='bbox 289 1189 434 1236; x_wconf 87' lang='lat' dir='ltr'>quibus</span> <span class='ocrx_word' id='word_1_69' title='bbox 454 1189 672 1236; x_wconf 85' lang='lat' dir='ltr'>negotiatur</span> <span class='ocrx_word' id='word_1_70' title='bbox 691 1189 788 1226; x_wconf 87' lang='lat' dir='ltr'>ratio</span> <span class='ocrx_word' id='word_1_71' title='bbox 815 1189 855 1225; x_wconf 91' lang='lat' dir='ltr'>in</span> <span class='ocrx_word' id='word_1_72' title='bbox 875 1189 1106 1226; x_wconf 74' lang='lat' dir='ltr'>meditativo</span> <span class='ocrx_word' id='word_1_73' title='bbox 1127 1191 1285 1237; x_wconf 86' lang='lat' dir='ltr'>negotio</span> <span class='ocrx_word' id='word_1_74' title='bbox 1304 1218 1316 1237; x_wconf 87' lang='lat'>,</span> 
     </span>
     <span class='ocr_line' id='line_1_15' title="bbox 290 1250 1316 1289; baseline 0.003 -3"><span class='ocrx_word' id='word_1_75' title='bbox 290 1250 415 1287; x_wconf 91' lang='lat' dir='ltr'>donec</span> <span class='ocrx_word' id='word_1_76' title='bbox 448 1251 668 1288; x_wconf 74' lang='lat' dir='ltr'>inveniatur</span> <span class='ocrx_word' id='word_1_77' title='bbox 696 1250 938 1288; x_wconf 87' lang='lat' dir='ltr'>delectabilis</span> <span class='ocrx_word' id='word_1_78' title='bbox 964 1251 1213 1288; x_wconf 89' lang='lat' dir='ltr'>illuminatio.</span> <span class='ocrx_word' id='word_1_79' title='bbox 1240 1252 1316 1289; x_wconf 87' lang='lat' dir='ltr'>Sed</span> 
     </span>
     <span class='ocr_line' id='line_1_16' title="bbox 289 1312 1315 1360; baseline 0.002 -11"><span class='ocrx_word' id='word_1_80' title='bbox 289 1312 529 1358; x_wconf 88' lang='lat' dir='ltr'>notandum,</span> <span class='ocrx_word' id='word_1_81' title='bbox 551 1312 660 1360; x_wconf 91' lang='lat' dir='ltr'>quod</span> <span class='ocrx_word' id='word_1_82' title='bbox 691 1315 798 1350; x_wconf 89' lang='lat' dir='ltr'>actus</span> <span class='ocrx_word' id='word_1_83' title='bbox 817 1313 1032 1350; x_wconf 83' lang='lat' dir='ltr'>meditativi</span> <span class='ocrx_word' id='word_1_84' title='bbox 1053 1314 1315 1351; x_wconf 85' lang='lat' dir='ltr'>attribuuntur</span> 
     </span>
     <span class='ocr_line' id='line_1_17' title="bbox 289 1374 1312 1424; baseline 0.003 -14"><span class='ocrx_word' id='word_1_85' title='bbox 289 1374 496 1421; x_wconf 87' lang='lat' dir='ltr'>aliquoties</span> <span class='ocrx_word' id='word_1_86' title='bbox 515 1375 592 1419; x_wconf 92' lang='lat' dir='ltr'>ori,</span> <span class='ocrx_word' id='word_1_87' title='bbox 615 1374 824 1422; x_wconf 88' lang='lat' dir='ltr'>aliquoties</span> <span class='ocrx_word' id='word_1_88' title='bbox 853 1375 1017 1421; x_wconf 85' lang='lat' dir='ltr'>gutturi,</span> <span class='ocrx_word' id='word_1_89' title='bbox 1048 1377 1084 1411; x_wconf 88' lang='lat' dir='ltr'>et</span> <span class='ocrx_word' id='word_1_90' title='bbox 1105 1375 1312 1424; x_wconf 85' lang='lat' dir='ltr'>aliquoties</span> 
     </span>
     <span class='ocr_line' id='line_1_18' title="bbox 289 1436 1316 1484; baseline 0.003 -12"><span class='ocrx_word' id='word_1_91' title='bbox 289 1436 407 1472; x_wconf 91' lang='lat' dir='ltr'>menti</span> <span class='ocrx_word' id='word_1_92' title='bbox 427 1447 434 1472; x_wconf 93' lang='lat'>:</span> <span class='ocrx_word' id='word_1_93' title='bbox 456 1436 550 1484; x_wconf 89' lang='lat' dir='ltr'>quia</span> <span class='ocrx_word' id='word_1_94' title='bbox 567 1436 720 1484; x_wconf 87' lang='lat' dir='ltr'>prolata</span> <span class='ocrx_word' id='word_1_95' title='bbox 739 1436 990 1480; x_wconf 83' lang='lat' dir='ltr'>sensibilitas,</span> <span class='ocrx_word' id='word_1_96' title='bbox 1013 1439 1078 1473; x_wconf 88' lang='lat' dir='ltr'>aut</span> <span class='ocrx_word' id='word_1_97' title='bbox 1098 1437 1166 1474; x_wconf 89' lang='lat' dir='ltr'>illa</span> <span class='ocrx_word' id='word_1_98' title='bbox 1186 1438 1316 1475; x_wconf 89' lang='lat' dir='ltr'>suavi-</span> 
     </span>
     <span class='ocr_line' id='line_1_19' title="bbox 289 1499 1312 1548; baseline 0.003 -13"><span class='ocrx_word' id='word_1_99' title='bbox 289 1501 363 1545; x_wconf 85' lang='lat' dir='ltr'>tas,</span> <span class='ocrx_word' id='word_1_100' title='bbox 386 1502 451 1536; x_wconf 90' lang='lat' dir='ltr'>aut</span> <span class='ocrx_word' id='word_1_101' title='bbox 480 1499 613 1536; x_wconf 89' lang='lat' dir='ltr'>oblata</span> <span class='ocrx_word' id='word_1_102' title='bbox 644 1499 844 1547; x_wconf 77' lang='lat' dir='ltr'>sapientiae</span> <span class='ocrx_word' id='word_1_103' title='bbox 865 1499 1065 1537; x_wconf 87' lang='lat' dir='ltr'>sinceritas</span> <span class='ocrx_word' id='word_1_104' title='bbox 1082 1503 1209 1548; x_wconf 88' lang='lat' dir='ltr'>potest</span> <span class='ocrx_word' id='word_1_105' title='bbox 1229 1512 1312 1539; x_wconf 87' lang='lat' dir='ltr'>esse</span> 
     </span>
     <span class='ocr_line' id='line_1_20' title="bbox 286 1560 1314 1609; baseline 0.004 -12"><span class='ocrx_word' id='word_1_106' title='bbox 286 1560 524 1608; x_wconf 86' lang='lat' dir='ltr'>principium</span> <span class='ocrx_word' id='word_1_107' title='bbox 543 1561 776 1598; x_wconf 86' lang='lat' dir='ltr'>meditandi.</span> <span class='ocrx_word' id='word_1_108' title='bbox 794 1563 845 1598; x_wconf 89' lang='lat' dir='ltr'>De</span> <span class='ocrx_word' id='word_1_109' title='bbox 861 1561 990 1609; x_wconf 91' lang='lat' dir='ltr'>primo</span> <span class='ocrx_word' id='word_1_110' title='bbox 1010 1563 1184 1599; x_wconf 88' lang='lat' dir='ltr'>canitur¹</span> <span class='ocrx_word' id='word_1_111' title='bbox 1203 1575 1211 1600; x_wconf 91' lang='lat'>:</span> <span class='ocrx_word' id='word_1_112' title='bbox 1233 1565 1314 1601; x_wconf 85' lang='lat' dir='ltr'>«Os</span> 
     </span>
     <span class='ocr_line' id='line_1_21' title="bbox 284 1622 1315 1672; baseline 0.005 -14"><span class='ocrx_word' id='word_1_113' title='bbox 284 1622 375 1669; x_wconf 78' lang='lat' dir='ltr'>J&#39;usti</span> <span class='ocrx_word' id='word_1_114' title='bbox 396 1622 648 1660; x_wconf 87' lang='lat' dir='ltr'>meditabitur</span> <span class='ocrx_word' id='word_1_115' title='bbox 665 1624 895 1672; x_wconf 89' lang='lat' dir='ltr'>sapientiam</span> <span class='ocrx_word' id='word_1_116' title='bbox 918 1637 926 1661; x_wconf 93' lang='lat'><strong>:</strong></span> <span class='ocrx_word' id='word_1_117' title='bbox 950 1638 966 1660; x_wconf 73' lang='lat' dir='ltr'>n</span> <span class='ocrx_word' id='word_1_118' title='bbox 983 1625 1046 1662; x_wconf 91' lang='lat' dir='ltr'>hic</span> <span class='ocrx_word' id='word_1_119' title='bbox 1066 1628 1174 1663; x_wconf 89' lang='lat' dir='ltr'>actus</span> <span class='ocrx_word' id='word_1_120' title='bbox 1190 1626 1315 1663; x_wconf 89' lang='lat' dir='ltr'>medi-</span> 
     </span>
     <span class='ocr_line' id='line_1_22' title="bbox 287 1684 1311 1726; baseline 0.005 -6"><span class='ocrx_word' id='word_1_121' title='bbox 287 1684 396 1721; x_wconf 87' lang='lat' dir='ltr'>tandi</span> <span class='ocrx_word' id='word_1_122' title='bbox 425 1685 648 1722; x_wconf 88' lang='lat' dir='ltr'>attribuitur</span> <span class='ocrx_word' id='word_1_123' title='bbox 681 1687 753 1723; x_wconf 87' lang='lat' dir='ltr'>ori.</span> <span class='ocrx_word' id='word_1_124' title='bbox 788 1688 838 1723; x_wconf 90' lang='lat' dir='ltr'>De</span> <span class='ocrx_word' id='word_1_125' title='bbox 868 1687 1043 1724; x_wconf 90' lang='lat' dir='ltr'>secundo</span> <span class='ocrx_word' id='word_1_126' title='bbox 1071 1688 1251 1725; x_wconf 85' lang='lat' dir='ltr'>scribitur</span> <span class='ocrx_word' id='word_1_127' title='bbox 1268 1688 1311 1726; x_wconf 83' lang='lat'>²:</span> 
     </span>
     <span class='ocr_line' id='line_1_23' title="bbox 290 1746 1313 1795; baseline 0.006 -14"><span class='ocrx_word' id='word_1_128' title='bbox 290 1761 307 1780; x_wconf 75' lang='grc' dir='ltr'>(ι</span> <span class='ocrx_word' id='word_1_129' title='bbox 337 1746 541 1783; x_wconf 81' lang='lat' dir='ltr'>Veritatem</span> <span class='ocrx_word' id='word_1_130' title='bbox 573 1747 826 1784; x_wconf 76' lang='lat' dir='ltr'>meditabitur</span> <span class='ocrx_word' id='word_1_131' title='bbox 855 1751 985 1795; x_wconf 80' lang='lat' dir='ltr'>guttur</span> <span class='ocrx_word' id='word_1_132' title='bbox 1011 1760 1144 1786; x_wconf 85' lang='lat' dir='ltr'>meum</span> <span class='ocrx_word' id='word_1_133' title='bbox 1171 1762 1179 1786; x_wconf 91' lang='lat'>:</span> <span class='ocrx_word' id='word_1_134' title='bbox 1210 1764 1226 1783; x_wconf 87' lang='lat'>»</span> <span class='ocrx_word' id='word_1_135' title='bbox 1249 1750 1313 1787; x_wconf 87' lang='lat' dir='ltr'>hic</span> 
     </span>
     <span class='ocr_line' id='line_1_24' title="bbox 287 1808 1311 1857; baseline 0.005 -14"><span class='ocrx_word' id='word_1_136' title='bbox 287 1810 394 1844; x_wconf 89' lang='lat' dir='ltr'>actus</span> <span class='ocrx_word' id='word_1_137' title='bbox 420 1808 637 1845; x_wconf 82' lang='lat' dir='ltr'>meditandi</span> <span class='ocrx_word' id='word_1_138' title='bbox 671 1809 890 1847; x_wconf 87' lang='lat' dir='ltr'>attribuitur</span> <span class='ocrx_word' id='word_1_139' title='bbox 928 1811 1085 1857; x_wconf 81' lang='lat' dir='ltr'>gutturi.</span> <span class='ocrx_word' id='word_1_140' title='bbox 1120 1813 1170 1848; x_wconf 92' lang='lat' dir='ltr'>De</span> <span class='ocrx_word' id='word_1_141' title='bbox 1199 1812 1311 1849; x_wconf 89' lang='lat' dir='ltr'>tertio</span> 
     </span>
     <span class='ocr_line' id='line_1_25' title="bbox 284 1869 1311 1918; baseline 0.006 -13"><span class='ocrx_word' id='word_1_142' title='bbox 284 1869 426 1916; x_wconf 86' lang='lat' dir='ltr'>legitur</span> <span class='ocrx_word' id='word_1_143' title='bbox 451 1871 464 1892; x_wconf 83' lang='lat'><strong>³</strong></span> <span class='ocrx_word' id='word_1_144' title='bbox 488 1882 495 1906; x_wconf 94' lang='lat'><strong>:</strong></span> <span class='ocrx_word' id='word_1_145' title='bbox 518 1884 536 1904; x_wconf 77' lang='grc' dir='ltr'>ι(</span> <span class='ocrx_word' id='word_1_146' title='bbox 564 1872 666 1907; x_wconf 85' lang='lat' dir='ltr'>Mens</span> <span class='ocrx_word' id='word_1_147' title='bbox 697 1871 790 1918; x_wconf 88' lang='lat' dir='ltr'>justi</span> <span class='ocrx_word' id='word_1_148' title='bbox 828 1872 1082 1909; x_wconf 82' lang='lat' dir='ltr'>meditabitur</span> <span class='ocrx_word' id='word_1_149' title='bbox 1121 1873 1311 1911; x_wconf 88' lang='lat' dir='ltr'>obedien-</span> 
     </span>
     <span class='ocr_line' id='line_1_26' title="bbox 284 1932 1309 1974; baseline 0.006 -7"><span class='ocrx_word' id='word_1_150' title='bbox 284 1932 377 1968; x_wconf 87' lang='lat' dir='ltr'>tiam</span> <span class='ocrx_word' id='word_1_151' title='bbox 400 1943 408 1968; x_wconf 93' lang='lat'>:</span> <span class='ocrx_word' id='word_1_152' title='bbox 431 1946 448 1964; x_wconf 92' lang='lat'>»</span> <span class='ocrx_word' id='word_1_153' title='bbox 467 1932 531 1968; x_wconf 91' lang='lat' dir='ltr'>hic</span> <span class='ocrx_word' id='word_1_154' title='bbox 551 1935 658 1969; x_wconf 91' lang='lat' dir='ltr'>actus</span> <span class='ocrx_word' id='word_1_155' title='bbox 686 1933 902 1970; x_wconf 90' lang='lat' dir='ltr'>meditandi</span> <span class='ocrx_word' id='word_1_156' title='bbox 929 1934 1151 1972; x_wconf 88' lang='lat' dir='ltr'>attribuitur</span> <span class='ocrx_word' id='word_1_157' title='bbox 1176 1936 1309 1974; x_wconf 89' lang='lat' dir='ltr'>menti.</span> 
     </span>
    </p>
   </div>
   <div class='ocr_carea' id='block_1_4' title="bbox 611 2039 984 2085">
    <p class='ocr_par' dir='ltr' id='par_1_4' title="bbox 611 2039 984 2085">
     <span class='ocr_line' id='line_1_27' title="bbox 611 2039 984 2085; baseline 0.008 -13"><span class='ocrx_word' id='word_1_158' title='bbox 611 2039 794 2073; x_wconf 78' lang='lat' dir='ltr'>Articulus</span> <span class='ocrx_word' id='word_1_159' title='bbox 821 2042 984 2085; x_wconf 80' lang='lat' dir='ltr'>quartus.</span> 
     </span>
    </p>
   </div>
   <div class='ocr_carea' id='block_1_5' title="bbox 275 2119 1310 3469">
    <p class='ocr_par' dir='ltr' id='par_1_5' title="bbox 275 2119 1310 3023">
     <span class='ocr_line' id='line_1_28' title="bbox 331 2119 1310 2171; baseline 0.004 -15"><span class='ocrx_word' id='word_1_160' title='bbox 331 2121 517 2165; x_wconf 87' lang='lat' dir='ltr'>Quartum</span> <span class='ocrx_word' id='word_1_161' title='bbox 541 2119 781 2166; x_wconf 88' lang='lat' dir='ltr'>intenditur,</span> <span class='ocrx_word' id='word_1_162' title='bbox 807 2131 897 2158; x_wconf 90' lang='lat' dir='ltr'>cum</span> <span class='ocrx_word' id='word_1_163' title='bbox 926 2121 1090 2159; x_wconf 86' lang='lat' dir='ltr'>infertur</span> <span class='ocrx_word' id='word_1_164' title='bbox 1118 2135 1126 2159; x_wconf 77' lang='lat' dir='ltr'><em>z</em></span> <span class='ocrx_word' id='word_1_165' title='bbox 1154 2125 1310 2171; x_wconf 78' lang='lat' dir='ltr'>Eloquia</span> 
     </span>
     <span class='ocr_line' id='line_1_29' title="bbox 284 2182 1307 2232; baseline 0.005 -14"><span class='ocrx_word' id='word_1_166' title='bbox 284 2186 348 2218; x_wconf 76' lang='lat' dir='ltr'>tua</span> <span class='ocrx_word' id='word_1_167' title='bbox 368 2210 379 2227; x_wconf 93' lang='lat'>,</span> <span class='ocrx_word' id='word_1_168' title='bbox 408 2182 579 2219; x_wconf 75' lang='lat' dir='ltr'>maxime</span> <span class='ocrx_word' id='word_1_169' title='bbox 612 2182 811 2229; x_wconf 85' lang='lat' dir='ltr'>figuralia,</span> <span class='ocrx_word' id='word_1_170' title='bbox 841 2184 881 2220; x_wconf 90' lang='lat' dir='ltr'>in</span> <span class='ocrx_word' id='word_1_171' title='bbox 913 2184 1059 2232; x_wconf 92' lang='lat' dir='ltr'>quibus</span> <span class='ocrx_word' id='word_1_172' title='bbox 1091 2185 1219 2222; x_wconf 81' lang='lat' dir='ltr'>existit</span> <span class='ocrx_word' id='word_1_173' title='bbox 1247 2197 1307 2223; x_wconf 89' lang='lat' dir='ltr'>sa-</span> 
     </span>
     <span class='ocr_line' id='line_1_30' title="bbox 282 2243 1307 2294; baseline 0.004 -14"><span class='ocrx_word' id='word_1_174' title='bbox 282 2243 427 2292; x_wconf 87' lang='lat' dir='ltr'>pientia</span> <span class='ocrx_word' id='word_1_175' title='bbox 448 2243 488 2280; x_wconf 91' lang='lat' dir='ltr'>in</span> <span class='ocrx_word' id='word_1_176' title='bbox 507 2245 691 2292; x_wconf 80' lang='lat' dir='ltr'>mysterio</span> <span class='ocrx_word' id='word_1_177' title='bbox 713 2245 968 2292; x_wconf 84' lang='lat' dir='ltr'>abscondita,</span> <span class='ocrx_word' id='word_1_178' title='bbox 990 2247 1099 2292; x_wconf 70' lang='lat' dir='ltr'>cujus</span> <span class='ocrx_word' id='word_1_179' title='bbox 1119 2246 1307 2294; x_wconf 88' lang='lat' dir='ltr'>inspectio</span> 
     </span>
     <span class='ocr_line' id='line_1_31' title="bbox 280 2305 1306 2355; baseline 0.004 -14"><span class='ocrx_word' id='word_1_180' title='bbox 280 2308 337 2342; x_wconf 89' lang='lat' dir='ltr'>est</span> <span class='ocrx_word' id='word_1_181' title='bbox 353 2305 569 2352; x_wconf 87' lang='lat' dir='ltr'>insipientis</span> <span class='ocrx_word' id='word_1_182' title='bbox 597 2306 768 2343; x_wconf 84' lang='lat' dir='ltr'>refectio.</span> <span class='ocrx_word' id='word_1_183' title='bbox 793 2309 835 2343; x_wconf 88' lang='lat' dir='ltr'>Et</span> <span class='ocrx_word' id='word_1_184' title='bbox 853 2310 968 2354; x_wconf 90' lang='lat' dir='ltr'>nota,</span> <span class='ocrx_word' id='word_1_185' title='bbox 989 2308 1099 2355; x_wconf 88' lang='lat' dir='ltr'>quod</span> <span class='ocrx_word' id='word_1_186' title='bbox 1127 2309 1208 2345; x_wconf 77' lang='lat' dir='ltr'>haec</span> <span class='ocrx_word' id='word_1_187' title='bbox 1228 2309 1306 2346; x_wconf 86' lang='lat' dir='ltr'>elo-</span> 
     </span>
     <span class='ocr_line' id='line_1_32' title="bbox 279 2368 1304 2417; baseline 0.004 -14"><span class='ocrx_word' id='word_1_188' title='bbox 279 2368 373 2415; x_wconf 90' lang='lat' dir='ltr'>quia</span> <span class='ocrx_word' id='word_1_189' title='bbox 391 2370 480 2404; x_wconf 90' lang='lat' dir='ltr'>sunt</span> <span class='ocrx_word' id='word_1_190' title='bbox 499 2368 762 2405; x_wconf 86' lang='lat' dir='ltr'>meditationis</span> <span class='ocrx_word' id='word_1_191' title='bbox 789 2369 989 2417; x_wconf 83' lang='lat' dir='ltr'>tripartitae</span> <span class='ocrx_word' id='word_1_192' title='bbox 1013 2370 1176 2407; x_wconf 88' lang='lat' dir='ltr'>materia</span> <span class='ocrx_word' id='word_1_193' title='bbox 1190 2397 1202 2415; x_wconf 98' lang='lat'>,</span> <span class='ocrx_word' id='word_1_194' title='bbox 1223 2371 1281 2408; x_wconf 90' lang='lat' dir='ltr'>ori</span> <span class='ocrx_word' id='word_1_195' title='bbox 1294 2399 1304 2416; x_wconf 92' lang='lat'>,</span> 
     </span>
     <span class='ocr_line' id='line_1_33' title="bbox 279 2430 1306 2480; baseline 0.004 -15"><span class='ocrx_word' id='word_1_196' title='bbox 279 2430 455 2476; x_wconf 86' lang='lat' dir='ltr'>gutturi,</span> <span class='ocrx_word' id='word_1_197' title='bbox 485 2433 521 2466; x_wconf 91' lang='lat' dir='ltr'>et</span> <span class='ocrx_word' id='word_1_198' title='bbox 551 2430 670 2466; x_wconf 89' lang='lat' dir='ltr'>menti</span> <span class='ocrx_word' id='word_1_199' title='bbox 700 2431 992 2476; x_wconf 87' lang='lat' dir='ltr'>convenientia,</span> <span class='ocrx_word' id='word_1_200' title='bbox 1022 2432 1116 2480; x_wconf 86' lang='lat' dir='ltr'>quia</span> <span class='ocrx_word' id='word_1_201' title='bbox 1145 2433 1306 2470; x_wconf 90' lang='lat' dir='ltr'>sensibi-</span> 
     </span>
     <span class='ocr_line' id='line_1_34' title="bbox 277 2491 1306 2542; baseline 0.004 -14"><span class='ocrx_word' id='word_1_202' title='bbox 277 2491 363 2528; x_wconf 87' lang='lat' dir='ltr'>liter</span> <span class='ocrx_word' id='word_1_203' title='bbox 381 2491 646 2539; x_wconf 85' lang='lat' dir='ltr'>proferuntur‚</span> <span class='ocrx_word' id='word_1_204' title='bbox 661 2493 753 2540; x_wconf 89' lang='lat' dir='ltr'>quia</span> <span class='ocrx_word' id='word_1_205' title='bbox 774 2493 943 2530; x_wconf 87' lang='lat' dir='ltr'>suaviter</span> <span class='ocrx_word' id='word_1_206' title='bbox 959 2494 1193 2541; x_wconf 83' lang='lat' dir='ltr'>inferuntur,</span> <span class='ocrx_word' id='word_1_207' title='bbox 1211 2495 1306 2542; x_wconf 89' lang='lat' dir='ltr'>quia</span> 
     </span>
     <span class='ocr_line' id='line_1_35' title="bbox 277 2554 1303 2603; baseline 0.004 -13"><span class='ocrx_word' id='word_1_208' title='bbox 277 2554 475 2590; x_wconf 87' lang='lat' dir='ltr'>sinceriter</span> <span class='ocrx_word' id='word_1_209' title='bbox 510 2554 737 2591; x_wconf 84' lang='lat' dir='ltr'>offeruntur.</span> <span class='ocrx_word' id='word_1_210' title='bbox 770 2557 820 2591; x_wconf 93' lang='lat' dir='ltr'>De</span> <span class='ocrx_word' id='word_1_211' title='bbox 852 2555 981 2603; x_wconf 90' lang='lat' dir='ltr'>primo</span> <span class='ocrx_word' id='word_1_212' title='bbox 1013 2557 1216 2594; x_wconf 89' lang='lat' dir='ltr'>Psalmista</span> <span class='ocrx_word' id='word_1_213' title='bbox 1245 2558 1303 2594; x_wconf 91' lang='lat' dir='ltr'>di-</span> 
     </span>
     <span class='ocr_line' id='line_1_36' title="bbox 277 2616 1303 2667; baseline 0.005 -15"><span class='ocrx_word' id='word_1_214' title='bbox 277 2616 327 2652; x_wconf 89' lang='lat' dir='ltr'>cit</span> <span class='ocrx_word' id='word_1_215' title='bbox 359 2616 371 2637; x_wconf 61' lang='grc'><strong><em>*</em></strong></span> <span class='ocrx_word' id='word_1_216' title='bbox 405 2628 413 2652; x_wconf 90' lang='lat'><strong>:</strong></span> <span class='ocrx_word' id='word_1_217' title='bbox 449 2628 466 2650; x_wconf 77' lang='grc' dir='ltr'>α</span> <span class='ocrx_word' id='word_1_218' title='bbox 499 2616 768 2653; x_wconf 77' lang='lat' dir='ltr'>pronuntiabit</span> <span class='ocrx_word' id='word_1_219' title='bbox 802 2617 937 2664; x_wconf 86' lang='lat' dir='ltr'>lingua</span> <span class='ocrx_word' id='word_1_220' title='bbox 972 2629 1062 2656; x_wconf 92' lang='lat' dir='ltr'>mea</span> <span class='ocrx_word' id='word_1_221' title='bbox 1097 2619 1303 2667; x_wconf 87' lang='lat' dir='ltr'>eloquium</span> 
     </span>
     <span class='ocr_line' id='line_1_37' title="bbox 276 2677 1299 2726; baseline 0.005 -13"><span class='ocrx_word' id='word_1_222' title='bbox 276 2688 390 2714; x_wconf 90' lang='lat' dir='ltr'>suum</span> <span class='ocrx_word' id='word_1_223' title='bbox 414 2689 421 2713; x_wconf 92' lang='lat'>:</span> <span class='ocrx_word' id='word_1_224' title='bbox 450 2691 468 2711; x_wconf 64' lang='lat' dir='ltr'>i&gt;</span> <span class='ocrx_word' id='word_1_225' title='bbox 499 2677 562 2714; x_wconf 89' lang='lat' dir='ltr'>hic</span> <span class='ocrx_word' id='word_1_226' title='bbox 590 2678 794 2726; x_wconf 90' lang='lat' dir='ltr'>eloquium</span> <span class='ocrx_word' id='word_1_227' title='bbox 830 2679 1023 2726; x_wconf 78' lang='lat' dir='ltr'>profertur</span> <span class='ocrx_word' id='word_1_228' title='bbox 1053 2681 1299 2718; x_wconf 72' lang='lat' dir='ltr'>sensibiliter,</span> 
     </span>
     <span class='ocr_line' id='line_1_38' title="bbox 278 2740 1303 2789; baseline 0.006 -13"><span class='ocrx_word' id='word_1_229' title='bbox 278 2742 327 2776; x_wconf 89' lang='lat' dir='ltr'>De</span> <span class='ocrx_word' id='word_1_230' title='bbox 347 2740 519 2777; x_wconf 87' lang='lat' dir='ltr'>secundo</span> <span class='ocrx_word' id='word_1_231' title='bbox 548 2741 741 2788; x_wconf 87' lang='lat' dir='ltr'>Propheta</span> <span class='ocrx_word' id='word_1_232' title='bbox 771 2742 901 2789; x_wconf 88' lang='lat' dir='ltr'>psallit</span> <span class='ocrx_word' id='word_1_233' title='bbox 917 2743 930 2764; x_wconf 82' lang='lat'><strong>⁶</strong></span> <span class='ocrx_word' id='word_1_234' title='bbox 953 2755 961 2779; x_wconf 91' lang='lat'><strong>:</strong></span> <span class='ocrx_word' id='word_1_235' title='bbox 988 2756 1005 2777; x_wconf 90' lang='lat'>«</span> <span class='ocrx_word' id='word_1_236' title='bbox 1027 2744 1148 2788; x_wconf 87' lang='lat' dir='ltr'>Quam</span> <span class='ocrx_word' id='word_1_237' title='bbox 1169 2745 1303 2783; x_wconf 89' lang='lat' dir='ltr'>dulcia</span> 
     </span>
     <span class='ocr_line' id='line_1_39' title="bbox 276 2800 1301 2853; baseline 0.008 -17"><span class='ocrx_word' id='word_1_238' title='bbox 276 2800 455 2838; x_wconf 85' lang='lat' dir='ltr'>saucibus</span> <span class='ocrx_word' id='word_1_239' title='bbox 473 2802 570 2838; x_wconf 90' lang='lat' dir='ltr'>meis</span> <span class='ocrx_word' id='word_1_240' title='bbox 595 2803 756 2850; x_wconf 88' lang='lat' dir='ltr'>eloquia</span> <span class='ocrx_word' id='word_1_241' title='bbox 775 2806 840 2840; x_wconf 89' lang='lat' dir='ltr'>tua</span> <span class='ocrx_word' id='word_1_242' title='bbox 863 2806 869 2839; x_wconf 89' lang='lat'>!</span> <span class='ocrx_word' id='word_1_243' title='bbox 894 2817 910 2837; x_wconf 88' lang='lat'>»</span> <span class='ocrx_word' id='word_1_244' title='bbox 934 2803 997 2840; x_wconf 81' lang='lat' dir='ltr'>hic</span> <span class='ocrx_word' id='word_1_245' title='bbox 1018 2805 1223 2853; x_wconf 90' lang='lat' dir='ltr'>eloquium</span> <span class='ocrx_word' id='word_1_246' title='bbox 1243 2807 1301 2844; x_wconf 88' lang='lat' dir='ltr'>in-</span> 
     </span>
     <span class='ocr_line' id='line_1_40' title="bbox 277 2861 1303 2906; baseline 0.007 -8"><span class='ocrx_word' id='word_1_247' title='bbox 277 2861 395 2899; x_wconf 85' lang='lat' dir='ltr'>sertur</span> <span class='ocrx_word' id='word_1_248' title='bbox 414 2863 594 2900; x_wconf 81' lang='lat' dir='ltr'>suaviter.</span> <span class='ocrx_word' id='word_1_249' title='bbox 619 2866 667 2900; x_wconf 92' lang='lat' dir='ltr'>De</span> <span class='ocrx_word' id='word_1_250' title='bbox 691 2864 803 2901; x_wconf 88' lang='lat' dir='ltr'>tertio</span> <span class='ocrx_word' id='word_1_251' title='bbox 824 2865 966 2902; x_wconf 89' lang='lat' dir='ltr'>Paulus</span> <span class='ocrx_word' id='word_1_252' title='bbox 986 2866 1088 2903; x_wconf 77' lang='lat' dir='ltr'>ait⁶:</span> <span class='ocrx_word' id='word_1_253' title='bbox 1112 2880 1129 2901; x_wconf 88' lang='lat'>«</span> <span class='ocrx_word' id='word_1_254' title='bbox 1150 2868 1303 2906; x_wconf 86' lang='lat' dir='ltr'>Credita</span> 
     </span>
     <span class='ocr_line' id='line_1_41' title="bbox 277 2924 1302 2977; baseline 0.009 -18"><span class='ocrx_word' id='word_1_255' title='bbox 277 2927 365 2960; x_wconf 89' lang='lat' dir='ltr'>sunt</span> <span class='ocrx_word' id='word_1_256' title='bbox 391 2924 466 2960; x_wconf 91' lang='lat' dir='ltr'>illis</span> <span class='ocrx_word' id='word_1_257' title='bbox 485 2925 644 2972; x_wconf 87' lang='lat' dir='ltr'>eloquia</span> <span class='ocrx_word' id='word_1_258' title='bbox 667 2927 730 2963; x_wconf 89' lang='lat' dir='ltr'>Dei</span> <span class='ocrx_word' id='word_1_259' title='bbox 752 2939 760 2963; x_wconf 80' lang='lat' dir='ltr'>z</span> <span class='ocrx_word' id='word_1_260' title='bbox 784 2941 799 2961; x_wconf 72' lang='lat' dir='ltr'>n</span> <span class='ocrx_word' id='word_1_261' title='bbox 824 2927 887 2964; x_wconf 91' lang='lat' dir='ltr'>hic</span> <span class='ocrx_word' id='word_1_262' title='bbox 916 2929 1119 2977; x_wconf 79' lang='lat' dir='ltr'>eloquium</span> <span class='ocrx_word' id='word_1_263' title='bbox 1142 2930 1302 2968; x_wconf 84' lang='lat' dir='ltr'>offertur</span> 
     </span>
     <span class='ocr_line' id='line_1_42' title="bbox 275 2985 485 3023; baseline 0.005 -2"><span class='ocrx_word' id='word_1_264' title='bbox 275 2985 485 3023; x_wconf 84' lang='lat' dir='ltr'>sinceriter.</span> 
     </span>
    </p>

    <p class='ocr_par' dir='ltr' id='par_1_6' title="bbox 702 3035 874 3076">
     <span class='ocr_line' id='line_1_43' title="bbox 702 3035 874 3076; baseline 0.006 -10"><span class='ocrx_word' id='word_1_265' title='bbox 702 3035 874 3076; x_wconf 81' lang='lat' dir='ltr'>Epilogus.</span> 
     </span>
    </p>

    <p class='ocr_par' dir='ltr' id='par_1_7' title="bbox 275 3109 1303 3469">
     <span class='ocr_line' id='line_1_44' title="bbox 306 3109 1300 3163; baseline 0.007 -18"><span class='ocrx_word' id='word_1_266' title='bbox 306 3109 519 3146; x_wconf 89' lang='lat' dir='ltr'>Ostendens</span> <span class='ocrx_word' id='word_1_267' title='bbox 532 3120 627 3157; x_wconf 86' lang='lat' dir='ltr'>ergo</span> <span class='ocrx_word' id='word_1_268' title='bbox 639 3110 830 3158; x_wconf 89' lang='lat' dir='ltr'>Propheta</span> <span class='ocrx_word' id='word_1_269' title='bbox 844 3111 1010 3158; x_wconf 90' lang='lat' dir='ltr'>qualiter</span> <span class='ocrx_word' id='word_1_270' title='bbox 1023 3115 1217 3152; x_wconf 88' lang='lat' dir='ltr'>orandum</span> <span class='ocrx_word' id='word_1_271' title='bbox 1226 3125 1300 3163; x_wconf 90' lang='lat' dir='ltr'>pro</span> 
     </span>
     <span class='ocr_line' id='line_1_45' title="bbox 277 3170 1303 3219; baseline 0.006 -12"><span class='ocrx_word' id='word_1_272' title='bbox 277 3170 474 3208; x_wconf 87' lang='lat' dir='ltr'>saturitate</span> <span class='ocrx_word' id='word_1_273' title='bbox 500 3172 671 3219; x_wconf 88' lang='lat' dir='ltr'>interna,</span> <span class='ocrx_word' id='word_1_274' title='bbox 698 3172 818 3209; x_wconf 88' lang='lat' dir='ltr'>dicit:</span> <span class='ocrx_word' id='word_1_275' title='bbox 844 3174 1097 3211; x_wconf 81' lang='lat' dir='ltr'>Proevenerunt</span> <span class='ocrx_word' id='word_1_276' title='bbox 1123 3179 1215 3213; x_wconf 71' lang='lat' dir='ltr'>oculi</span> <span class='ocrx_word' id='word_1_277' title='bbox 1232 3181 1303 3214; x_wconf 86' lang='lat' dir='ltr'>mez&#39;</span> 
     </span>
     <span class='ocr_line' id='line_1_46' title="bbox 277 3233 1301 3285; baseline 0.006 -17"><span class='ocrx_word' id='word_1_278' title='bbox 277 3233 325 3268; x_wconf 84' lang='lat' dir='ltr'>ad</span> <span class='ocrx_word' id='word_1_279' title='bbox 346 3235 396 3278; x_wconf 77' lang='lat' dir='ltr'>te,</span> <span class='ocrx_word' id='word_1_280' title='bbox 420 3236 610 3280; x_wconf 88' lang='lat' dir='ltr'>quantum</span> <span class='ocrx_word' id='word_1_281' title='bbox 637 3234 689 3271; x_wconf 89' lang='lat' dir='ltr'>ad</span> <span class='ocrx_word' id='word_1_282' title='bbox 708 3234 916 3272; x_wconf 90' lang='lat' dir='ltr'>oculorum</span> <span class='ocrx_word' id='word_1_283' title='bbox 936 3236 1170 3273; x_wconf 84' lang='lat' dir='ltr'>exteriorum</span> <span class='ocrx_word' id='word_1_284' title='bbox 1201 3248 1301 3285; x_wconf 80' lang='lat' dir='ltr'>prae-</span> 
     </span>
     <span class='ocr_line' id='line_1_47' title="bbox 275 3296 1300 3344; baseline 0.006 -15"><span class='ocrx_word' id='word_1_285' title='bbox 275 3297 453 3338; x_wconf 85' lang='lat' dir='ltr'>ventum,</span> <span class='ocrx_word' id='word_1_286' title='bbox 477 3296 587 3343; x_wconf 90' lang='lat' dir='ltr'>quod</span> <span class='ocrx_word' id='word_1_287' title='bbox 608 3299 664 3333; x_wconf 88' lang='lat' dir='ltr'>est</span> <span class='ocrx_word' id='word_1_288' title='bbox 690 3297 1024 3344; x_wconf 85' lang='lat' dir='ltr'>compunctionis,-</span> <span class='ocrx_word' id='word_1_289' title='bbox 1050 3300 1213 3335; x_wconf 76' lang='lat' dir='ltr'>Diluculo</span> <span class='ocrx_word' id='word_1_290' title='bbox 1227 3328 1238 3342; x_wconf 93' lang='lat'>,</span> <span class='ocrx_word' id='word_1_291' title='bbox 1259 3299 1300 3336; x_wconf 91' lang='lat' dir='ltr'>id</span> 
     </span>
     <span class='ocr_line' id='line_1_48' title="bbox 277 3357 1299 3408; baseline 0.007 -17"><span class='ocrx_word' id='word_1_292' title='bbox 277 3357 438 3393; x_wconf 89' lang='lat' dir='ltr'>estante</span> <span class='ocrx_word' id='word_1_293' title='bbox 467 3357 559 3394; x_wconf 88' lang='lat' dir='ltr'>solis</span> <span class='ocrx_word' id='word_1_294' title='bbox 587 3358 820 3405; x_wconf 87' lang='lat' dir='ltr'>adventum,</span> <span class='ocrx_word' id='word_1_295' title='bbox 842 3359 952 3407; x_wconf 90' lang='lat' dir='ltr'>quod</span> <span class='ocrx_word' id='word_1_296' title='bbox 980 3362 1037 3396; x_wconf 89' lang='lat' dir='ltr'>est</span> <span class='ocrx_word' id='word_1_297' title='bbox 1057 3360 1299 3408; x_wconf 83' lang='lat' dir='ltr'>contempla-</span> 
     </span>
     <span class='ocr_line' id='line_1_49' title="bbox 276 3415 1300 3469; baseline 0.008 -17"><span class='ocrx_word' id='word_1_298' title='bbox 276 3415 415 3464; x_wconf 86' lang='lat' dir='ltr'>tionis;</span> <span class='ocrx_word' id='word_1_299' title='bbox 446 3420 490 3455; x_wconf 77' lang='lat' dir='ltr'>Ut</span> <span class='ocrx_word' id='word_1_300' title='bbox 520 3420 717 3458; x_wconf 80' lang='lat' dir='ltr'>meditarer</span> <span class='ocrx_word' id='word_1_301' title='bbox 737 3449 750 3467; x_wconf 90' lang='lat'>,</span> <span class='ocrx_word' id='word_1_302' title='bbox 782 3423 975 3469; x_wconf 89' lang='lat' dir='ltr'>quantum</span> <span class='ocrx_word' id='word_1_303' title='bbox 1009 3422 1061 3460; x_wconf 92' lang='lat' dir='ltr'>ad</span> <span class='ocrx_word' id='word_1_304' title='bbox 1093 3421 1300 3460; x_wconf 88' lang='lat' dir='ltr'>oculorum</span> 
     </span>
    </p>
   </div>
   <div class='ocr_carea' id='block_1_6' title="bbox 278 3501 1297 3595">
    <p class='ocr_par' dir='ltr' id='par_1_8' title="bbox 278 3501 1297 3595">
     <span class='ocr_line' id='line_1_50' title="bbox 317 3501 1297 3547; baseline 0.004 -15"><span class='ocrx_word' id='word_1_305' title='bbox 317 3501 327 3522; x_wconf 96' lang='lat'><strong>¹</strong></span> <span class='ocrx_word' id='word_1_306' title='bbox 344 3501 433 3533; x_wconf 80' lang='lat' dir='ltr'>Psal.</span> <span class='ocrx_word' id='word_1_307' title='bbox 455 3509 571 3543; x_wconf 78' lang='lat' dir='ltr'>xxxvi,</span> <span class='ocrx_word' id='word_1_308' title='bbox 591 3505 643 3536; x_wconf 89' lang='lat'>30.</span> <span class='ocrx_word' id='word_1_309' title='bbox 662 3521 702 3527; x_wconf 89' lang='lat'>—</span> <span class='ocrx_word' id='word_1_310' title='bbox 721 3505 734 3526; x_wconf 82' lang='lat'>²</span> <span class='ocrx_word' id='word_1_311' title='bbox 750 3505 860 3546; x_wconf 68' lang='lat' dir='ltr'>Prov„</span> <span class='ocrx_word' id='word_1_312' title='bbox 882 3514 956 3547; x_wconf 83' lang='lat' dir='ltr'>vm,</span> <span class='ocrx_word' id='word_1_313' title='bbox 977 3508 1009 3538; x_wconf 85' lang='lat'>7.</span> <span class='ocrx_word' id='word_1_314' title='bbox 1025 3523 1065 3530; x_wconf 95' lang='lat'>—</span> <span class='ocrx_word' id='word_1_315' title='bbox 1084 3506 1095 3525; x_wconf 86' lang='lat'>³</span> <span class='ocrx_word' id='word_1_316' title='bbox 1112 3507 1222 3545; x_wconf 85' lang='lat' dir='ltr'>Prov.‚</span> <span class='ocrx_word' id='word_1_317' title='bbox 1243 3514 1297 3546; x_wconf 72' lang='grc' dir='ltr'>κν,</span> 
     </span>
     <span class='ocr_line' id='line_1_51' title="bbox 278 3549 1296 3595; baseline 0.007 -17"><span class='ocrx_word' id='word_1_318' title='bbox 278 3549 328 3579; x_wconf 78' lang='grc'>28.</span> <span class='ocrx_word' id='word_1_319' title='bbox 346 3565 385 3571; x_wconf 91' lang='grc'><strong>-</strong></span> <span class='ocrx_word' id='word_1_320' title='bbox 403 3549 416 3569; x_wconf 70' lang='lat'>⁸</span> <span class='ocrx_word' id='word_1_321' title='bbox 433 3549 521 3581; x_wconf 79' lang='lat' dir='ltr'>Psal.</span> <span class='ocrx_word' id='word_1_322' title='bbox 541 3550 623 3592; x_wconf 87' lang='lat' dir='ltr'>hoc,</span> <span class='ocrx_word' id='word_1_323' title='bbox 649 3553 715 3583; x_wconf 75' lang='lat'>172.</span> <span class='ocrx_word' id='word_1_324' title='bbox 735 3570 774 3576; x_wconf 91' lang='lat'><strong>—</strong></span> <span class='ocrx_word' id='word_1_325' title='bbox 797 3553 810 3574; x_wconf 80' lang='lat'><strong>⁵</strong></span> <span class='ocrx_word' id='word_1_326' title='bbox 830 3553 927 3595; x_wconf 66' lang='lat' dir='ltr'>ibid„</span> <span class='ocrx_word' id='word_1_327' title='bbox 950 3555 1018 3586; x_wconf 88' lang='grc'><strong>103.</strong></span> <span class='ocrx_word' id='word_1_328' title='bbox 1034 3571 1073 3578; x_wconf 91' lang='grc'>-</span> <span class='ocrx_word' id='word_1_329' title='bbox 1093 3555 1104 3574; x_wconf 82' lang='lat'><strong>⁸</strong></span> <span class='ocrx_word' id='word_1_330' title='bbox 1123 3554 1225 3590; x_wconf 82' lang='lat' dir='ltr'>Rom..</span> <span class='ocrx_word' id='word_1_331' title='bbox 1245 3560 1296 3593; x_wconf 88' lang='lat'>111,</span> 
     </span>
    </p>
   </div>
   <div class='ocr_carea' id='block_1_7' title="bbox 987 294 1726 340">
    <p class='ocr_par' dir='ltr' id='par_1_9' title="bbox 987 294 1726 340">
     <span class='ocr_line' id='line_1_52' title="bbox 987 294 1726 340; baseline 0.004 -3"><span class='ocrx_word' id='word_1_332' title='bbox 987 296 1259 338; x_wconf 77' lang='lat' dir='ltr'>EXPOSlTlO</span> <span class='ocrx_word' id='word_1_333' title='bbox 1292 294 1342 337; x_wconf 85' lang='grc' dir='ltr'>ΙΝ</span> <span class='ocrx_word' id='word_1_334' title='bbox 1375 297 1726 340; x_wconf 75' lang='lat' dir='ltr'>PSALTERlUM.</span> 
     </span>
    </p>
   </div>
   <div class='ocr_carea' id='block_1_8' title="bbox 1391 385 2415 610">
    <p class='ocr_par' dir='ltr' id='par_1_10' title="bbox 1391 385 2415 610">
     <span class='ocr_line' id='line_1_53' title="bbox 1391 385 2412 437; baseline 0.003 -14"><span class='ocrx_word' id='word_1_335' title='bbox 1391 385 1621 424; x_wconf 90' lang='lat' dir='ltr'>interiorum</span> <span class='ocrx_word' id='word_1_336' title='bbox 1636 389 1888 435; x_wconf 87' lang='lat' dir='ltr'>perventum,</span> <span class='ocrx_word' id='word_1_337' title='bbox 1910 387 2020 435; x_wconf 82' lang='lat' dir='ltr'>quod</span> <span class='ocrx_word' id='word_1_338' title='bbox 2050 389 2107 424; x_wconf 90' lang='lat' dir='ltr'>cst</span> <span class='ocrx_word' id='word_1_339' title='bbox 2125 388 2412 437; x_wconf 81' lang='lat' dir='ltr'>meditationis3</span> 
     </span>
     <span class='ocr_line' id='line_1_54' title="bbox 1391 448 2414 498; baseline 0.003 -14"><span class='ocrx_word' id='word_1_340' title='bbox 1391 449 1546 495; x_wconf 81' lang='lat' dir='ltr'>Eloquia</span> <span class='ocrx_word' id='word_1_341' title='bbox 1562 452 1644 494; x_wconf 77' lang='lat' dir='ltr'>tua,</span> <span class='ocrx_word' id='word_1_342' title='bbox 1662 451 1854 496; x_wconf 88' lang='lat' dir='ltr'>quantum</span> <span class='ocrx_word' id='word_1_343' title='bbox 1875 449 1925 486; x_wconf 87' lang='lat' dir='ltr'>ad</span> <span class='ocrx_word' id='word_1_344' title='bbox 1945 448 2153 497; x_wconf 79' lang='lat' dir='ltr'>mysticum</span> <span class='ocrx_word' id='word_1_345' title='bbox 2172 449 2414 498; x_wconf 87' lang='lat' dir='ltr'>alimentum,</span> 
     </span>
     <span class='ocr_line' id='line_1_55' title="bbox 1391 511 2415 558; baseline 0.002 -11"><span class='ocrx_word' id='word_1_346' title='bbox 1391 511 1501 558; x_wconf 89' lang='lat' dir='ltr'>quod</span> <span class='ocrx_word' id='word_1_347' title='bbox 1522 514 1578 547; x_wconf 90' lang='lat' dir='ltr'>est</span> <span class='ocrx_word' id='word_1_348' title='bbox 1609 511 1905 557; x_wconf 84' lang='lat' dir='ltr'>consolationis,</span> <span class='ocrx_word' id='word_1_349' title='bbox 1932 511 1996 548; x_wconf 87' lang='lat' dir='ltr'>vel</span> <span class='ocrx_word' id='word_1_350' title='bbox 2028 512 2298 549; x_wconf 69' lang='lat' dir='ltr'>consolatoriae</span> <span class='ocrx_word' id='word_1_351' title='bbox 2325 512 2415 549; x_wconf 94' lang='lat' dir='ltr'>illu-</span> 
     </span>
     <span class='ocr_line' id='line_1_56' title="bbox 1391 572 1630 610; baseline 0 -1"><span class='ocrx_word' id='word_1_352' title='bbox 1391 572 1630 610; x_wconf 87' lang='lat' dir='ltr'>minationis.</span> 
     </span>
    </p>
   </div>
   <div class='ocr_carea' id='block_1_9' title="bbox 1766 668 2038 697">
    <p class='ocr_par' dir='ltr' id='par_1_11' title="bbox 1766 668 2038 697">
     <span class='ocr_line' id='line_1_57' title="bbox 1766 668 2038 697; baseline 0.011 -3"><span class='ocrx_word' id='word_1_353' title='bbox 1766 668 1984 697; x_wconf 83' lang='lat' dir='ltr'>VERSICULUS</span> <span class='ocrx_word' id='word_1_354' title='bbox 2004 671 2024 697; x_wconf 85' lang='lat' dir='ltr'>V</span> <span class='ocrx_word' id='word_1_355' title='bbox 2031 688 2038 696; x_wconf 86' lang='lat'>.</span> 
     </span>
    </p>
   </div>
   <div class='ocr_carea' id='block_1_10' title="bbox 1371 756 2416 3463">
    <p class='ocr_par' dir='ltr' id='par_1_12' title="bbox 1380 756 2416 2220">
     <span class='ocr_line' id='line_1_58' title="bbox 1440 756 2416 802; baseline 0.005 -11"><span class='ocrx_word' id='word_1_356' title='bbox 1440 757 1519 792; x_wconf 78' lang='lat'>149.</span> <span class='ocrx_word' id='word_1_357' title='bbox 1543 757 1668 792; x_wconf 83' lang='lat' dir='ltr'>Vocem</span> <span class='ocrx_word' id='word_1_358' title='bbox 1687 766 1801 792; x_wconf 82' lang='lat' dir='ltr'>meam</span> <span class='ocrx_word' id='word_1_359' title='bbox 1820 757 1910 792; x_wconf 74' lang='lat' dir='ltr'>audi</span> <span class='ocrx_word' id='word_1_360' title='bbox 1920 785 1932 802; x_wconf 94' lang='lat'>,</span> <span class='ocrx_word' id='word_1_361' title='bbox 1954 759 2025 793; x_wconf 87' lang='lat' dir='ltr'>etc.</span> <span class='ocrx_word' id='word_1_362' title='bbox 2046 756 2212 795; x_wconf 88' lang='lat' dir='ltr'>Virilitas</span> <span class='ocrx_word' id='word_1_363' title='bbox 2229 758 2416 796; x_wconf 87' lang='lat' dir='ltr'>orationis</span> 
     </span>
     <span class='ocr_line' id='line_1_59' title="bbox 1388 816 2416 867; baseline 0.005 -15"><span class='ocrx_word' id='word_1_364' title='bbox 1388 816 1568 853; x_wconf 89' lang='lat' dir='ltr'>mentalis</span> <span class='ocrx_word' id='word_1_365' title='bbox 1588 817 1629 853; x_wconf 93' lang='lat' dir='ltr'>in</span> <span class='ocrx_word' id='word_1_366' title='bbox 1648 817 1881 864; x_wconf 81' lang='lat' dir='ltr'>praecedenti</span> <span class='ocrx_word' id='word_1_367' title='bbox 1903 819 2154 866; x_wconf 85' lang='lat' dir='ltr'>quaternario</span> <span class='ocrx_word' id='word_1_368' title='bbox 2175 820 2339 867; x_wconf 83' lang='lat' dir='ltr'>claruit3</span> <span class='ocrx_word' id='word_1_369' title='bbox 2358 821 2416 858; x_wconf 87' lang='lat' dir='ltr'>vi-</span> 
     </span>
     <span class='ocr_line' id='line_1_60' title="bbox 1388 877 2413 927; baseline 0.005 -13"><span class='ocrx_word' id='word_1_370' title='bbox 1388 877 1510 914; x_wconf 87' lang='lat' dir='ltr'>rilitas</span> <span class='ocrx_word' id='word_1_371' title='bbox 1543 879 1731 915; x_wconf 88' lang='lat' dir='ltr'>orationis</span> <span class='ocrx_word' id='word_1_372' title='bbox 1762 879 1910 916; x_wconf 84' lang='lat' dir='ltr'>vocalis</span> <span class='ocrx_word' id='word_1_373' title='bbox 1941 879 1980 916; x_wconf 91' lang='lat' dir='ltr'>in</span> <span class='ocrx_word' id='word_1_374' title='bbox 2017 881 2194 927; x_wconf 78' lang='lat' dir='ltr'>praesenti</span> <span class='ocrx_word' id='word_1_375' title='bbox 2229 881 2413 919; x_wconf 85' lang='lat' dir='ltr'>clarescit.</span> 
     </span>
     <span class='ocr_line' id='line_1_61' title="bbox 1388 939 2416 987; baseline 0.006 -12"><span class='ocrx_word' id='word_1_376' title='bbox 1388 939 1555 976; x_wconf 83' lang='lat' dir='ltr'>Virilitas</span> <span class='ocrx_word' id='word_1_377' title='bbox 1574 939 1847 987; x_wconf 83' lang='lat' dir='ltr'>hujuscemodi</span> <span class='ocrx_word' id='word_1_378' title='bbox 1873 943 2050 978; x_wconf 85' lang='lat' dir='ltr'>servatur</span> <span class='ocrx_word' id='word_1_379' title='bbox 2076 942 2117 978; x_wconf 88' lang='lat' dir='ltr'>in</span> <span class='ocrx_word' id='word_1_380' title='bbox 2147 942 2322 980; x_wconf 86' lang='lat' dir='ltr'>oratione</span> <span class='ocrx_word' id='word_1_381' title='bbox 2350 954 2416 981; x_wconf 88' lang='lat' dir='ltr'>vo-</span> 
     </span>
     <span class='ocr_line' id='line_1_62' title="bbox 1389 1001 2413 1050; baseline 0.004 -12"><span class='ocrx_word' id='word_1_382' title='bbox 1389 1001 1463 1038; x_wconf 88' lang='lat' dir='ltr'>cali</span> <span class='ocrx_word' id='word_1_383' title='bbox 1493 1002 1687 1050; x_wconf 87' lang='lat' dir='ltr'>praecipue</span> <span class='ocrx_word' id='word_1_384' title='bbox 1713 1013 1786 1050; x_wconf 88' lang='lat' dir='ltr'>pro</span> <span class='ocrx_word' id='word_1_385' title='bbox 1817 1003 2076 1050; x_wconf 84' lang='lat' dir='ltr'>quadriformi</span> <span class='ocrx_word' id='word_1_386' title='bbox 2104 1004 2413 1043; x_wconf 85' lang='lat' dir='ltr'>commoditate:</span> 
     </span>
     <span class='ocr_line' id='line_1_63' title="bbox 1389 1063 2415 1112; baseline 0.005 -13"><span class='ocrx_word' id='word_1_387' title='bbox 1389 1063 1533 1100; x_wconf 89' lang='lat' dir='ltr'>scilicet</span> <span class='ocrx_word' id='word_1_388' title='bbox 1562 1067 1604 1100; x_wconf 93' lang='lat' dir='ltr'>ut</span> <span class='ocrx_word' id='word_1_389' title='bbox 1629 1063 1746 1101; x_wconf 88' lang='lat' dir='ltr'>homo</span> <span class='ocrx_word' id='word_1_390' title='bbox 1768 1066 1936 1101; x_wconf 75' lang='lat' dir='ltr'>exterior</span> <span class='ocrx_word' id='word_1_391' title='bbox 1955 1075 2025 1112; x_wconf 88' lang='lat' dir='ltr'>per</span> <span class='ocrx_word' id='word_1_392' title='bbox 2057 1065 2279 1103; x_wconf 89' lang='lat' dir='ltr'>interiorem</span> <span class='ocrx_word' id='word_1_393' title='bbox 2296 1077 2415 1104; x_wconf 83' lang='lat' dir='ltr'>exau-</span> 
     </span>
     <span class='ocr_line' id='line_1_64' title="bbox 1390 1125 2412 1175; baseline 0.004 -13"><span class='ocrx_word' id='word_1_394' title='bbox 1390 1125 1519 1163; x_wconf 86' lang='lat' dir='ltr'>diatur</span> <span class='ocrx_word' id='word_1_395' title='bbox 1534 1139 1544 1172; x_wconf 83' lang='lat'>3</span> <span class='ocrx_word' id='word_1_396' title='bbox 1564 1130 1605 1163; x_wconf 90' lang='lat' dir='ltr'>ut</span> <span class='ocrx_word' id='word_1_397' title='bbox 1623 1127 1744 1164; x_wconf 92' lang='lat' dir='ltr'>homo</span> <span class='ocrx_word' id='word_1_398' title='bbox 1766 1127 1926 1164; x_wconf 87' lang='lat' dir='ltr'>interior</span> <span class='ocrx_word' id='word_1_399' title='bbox 1943 1138 2014 1175; x_wconf 86' lang='lat' dir='ltr'>per</span> <span class='ocrx_word' id='word_1_400' title='bbox 2033 1127 2264 1165; x_wconf 81' lang='lat' dir='ltr'>exteriorem</span> <span class='ocrx_word' id='word_1_401' title='bbox 2283 1131 2412 1166; x_wconf 91' lang='lat' dir='ltr'>custo-</span> 
     </span>
     <span class='ocr_line' id='line_1_65' title="bbox 1389 1187 2416 1238; baseline 0.004 -14"><span class='ocrx_word' id='word_1_402' title='bbox 1389 1187 1518 1225; x_wconf 87' lang='lat' dir='ltr'>diatur</span> <span class='ocrx_word' id='word_1_403' title='bbox 1528 1201 1539 1235; x_wconf 82' lang='lat'>3</span> <span class='ocrx_word' id='word_1_404' title='bbox 1571 1190 1613 1224; x_wconf 88' lang='lat' dir='ltr'>ut</span> <span class='ocrx_word' id='word_1_405' title='bbox 1637 1188 1689 1225; x_wconf 91' lang='lat' dir='ltr'>ad</span> <span class='ocrx_word' id='word_1_406' title='bbox 1722 1189 1923 1226; x_wconf 88' lang='lat' dir='ltr'>hominem</span> <span class='ocrx_word' id='word_1_407' title='bbox 1952 1189 2178 1227; x_wconf 88' lang='lat' dir='ltr'>interiorem</span> <span class='ocrx_word' id='word_1_408' title='bbox 2197 1201 2267 1238; x_wconf 91' lang='lat' dir='ltr'>per</span> <span class='ocrx_word' id='word_1_409' title='bbox 2290 1190 2416 1228; x_wconf 91' lang='lat' dir='ltr'>homi-</span> 
     </span>
     <span class='ocr_line' id='line_1_66' title="bbox 1388 1250 2412 1300; baseline 0.004 -14"><span class='ocrx_word' id='word_1_410' title='bbox 1388 1261 1479 1287; x_wconf 88' lang='lat' dir='ltr'>nem</span> <span class='ocrx_word' id='word_1_411' title='bbox 1509 1250 1742 1288; x_wconf 79' lang='lat' dir='ltr'>exteriorem</span> <span class='ocrx_word' id='word_1_412' title='bbox 1775 1251 1912 1288; x_wconf 89' lang='lat' dir='ltr'>doctor</span> <span class='ocrx_word' id='word_1_413' title='bbox 1944 1252 2122 1299; x_wconf 81' lang='lat' dir='ltr'>superior</span> <span class='ocrx_word' id='word_1_414' title='bbox 2141 1252 2384 1300; x_wconf 84' lang='lat' dir='ltr'>ingrediatur</span> <span class='ocrx_word' id='word_1_415' title='bbox 2400 1266 2412 1300; x_wconf 85' lang='lat'>‚-</span> 
     </span>
     <span class='ocr_line' id='line_1_67' title="bbox 1388 1313 2415 1360; baseline 0.003 -11"><span class='ocrx_word' id='word_1_416' title='bbox 1388 1314 1430 1349; x_wconf 90' lang='lat' dir='ltr'>ut</span> <span class='ocrx_word' id='word_1_417' title='bbox 1448 1323 1519 1360; x_wconf 89' lang='lat' dir='ltr'>per</span> <span class='ocrx_word' id='word_1_418' title='bbox 1538 1313 1740 1350; x_wconf 92' lang='lat' dir='ltr'>hominem</span> <span class='ocrx_word' id='word_1_419' title='bbox 1761 1313 1993 1350; x_wconf 79' lang='lat' dir='ltr'>exteriorem</span> <span class='ocrx_word' id='word_1_420' title='bbox 2010 1314 2132 1350; x_wconf 91' lang='lat' dir='ltr'>homo</span> <span class='ocrx_word' id='word_1_421' title='bbox 2152 1314 2313 1352; x_wconf 91' lang='lat' dir='ltr'>interior</span> <span class='ocrx_word' id='word_1_422' title='bbox 2330 1325 2415 1352; x_wconf 90' lang='lat' dir='ltr'>eru-</span> 
     </span>
     <span class='ocr_line' id='line_1_68' title="bbox 1389 1374 2414 1423; baseline 0.003 -13"><span class='ocrx_word' id='word_1_423' title='bbox 1389 1375 1531 1420; x_wconf 87' lang='lat' dir='ltr'>diatur,</span> <span class='ocrx_word' id='word_1_424' title='bbox 1561 1375 1658 1412; x_wconf 89' lang='lat' dir='ltr'>sicut</span> <span class='ocrx_word' id='word_1_425' title='bbox 1688 1374 1775 1412; x_wconf 91' lang='lat' dir='ltr'>luce</span> <span class='ocrx_word' id='word_1_426' title='bbox 1808 1375 1949 1412; x_wconf 89' lang='lat' dir='ltr'>clarius</span> <span class='ocrx_word' id='word_1_427' title='bbox 1968 1375 2008 1411; x_wconf 91' lang='lat' dir='ltr'>in</span> <span class='ocrx_word' id='word_1_428' title='bbox 2036 1378 2205 1423; x_wconf 86' lang='lat' dir='ltr'>quatuor</span> <span class='ocrx_word' id='word_1_429' title='bbox 2236 1376 2414 1413; x_wconf 88' lang='lat' dir='ltr'>versibus</span> 
     </span>
     <span class='ocr_line' id='line_1_69' title="bbox 1388 1436 2414 1485; baseline 0.003 -12"><span class='ocrx_word' id='word_1_430' title='bbox 1388 1436 1620 1473; x_wconf 86' lang='lat' dir='ltr'>declaratur.</span> <span class='ocrx_word' id='word_1_431' title='bbox 1653 1437 1826 1473; x_wconf 89' lang='lat' dir='ltr'>Primum</span> <span class='ocrx_word' id='word_1_432' title='bbox 1861 1437 2067 1474; x_wconf 85' lang='lat' dir='ltr'>articulum</span> <span class='ocrx_word' id='word_1_433' title='bbox 2097 1437 2249 1485; x_wconf 88' lang='lat' dir='ltr'>primus</span> <span class='ocrx_word' id='word_1_434' title='bbox 2279 1449 2414 1476; x_wconf 86' lang='lat' dir='ltr'>versus</span> 
     </span>
     <span class='ocr_line' id='line_1_70' title="bbox 1387 1498 2412 1548; baseline 0.003 -13"><span class='ocrx_word' id='word_1_435' title='bbox 1387 1498 1582 1545; x_wconf 83' lang='lat' dir='ltr'>declarat,</span> <span class='ocrx_word' id='word_1_436' title='bbox 1604 1499 1697 1536; x_wconf 89' lang='lat' dir='ltr'>dum</span> <span class='ocrx_word' id='word_1_437' title='bbox 1715 1499 1906 1547; x_wconf 84' lang='lat' dir='ltr'>Propheta</span> <span class='ocrx_word' id='word_1_438' title='bbox 1927 1500 1981 1536; x_wconf 90' lang='lat' dir='ltr'>sic</span> <span class='ocrx_word' id='word_1_439' title='bbox 2008 1501 2094 1536; x_wconf 87' lang='lat' dir='ltr'>orat</span> <span class='ocrx_word' id='word_1_440' title='bbox 2115 1512 2123 1535; x_wconf 73' lang='grc' dir='ltr'>ε</span> <span class='ocrx_word' id='word_1_441' title='bbox 2149 1501 2294 1546; x_wconf 85' lang='lat' dir='ltr'>Vocem,</span> <span class='ocrx_word' id='word_1_442' title='bbox 2312 1502 2382 1538; x_wconf 92' lang='lat' dir='ltr'>etc.</span> <span class='ocrx_word' id='word_1_443' title='bbox 2400 1514 2412 1548; x_wconf 81' lang='lat'>3</span> 
     </span>
     <span class='ocr_line' id='line_1_71' title="bbox 1386 1561 2414 1607; baseline 0.003 -10"><span class='ocrx_word' id='word_1_444' title='bbox 1386 1571 1431 1598; x_wconf 89' lang='lat' dir='ltr'>ac</span> <span class='ocrx_word' id='word_1_445' title='bbox 1458 1561 1489 1597; x_wconf 91' lang='lat' dir='ltr'>si</span> <span class='ocrx_word' id='word_1_446' title='bbox 1521 1561 1648 1598; x_wconf 84' lang='lat' dir='ltr'>dicat:</span> <span class='ocrx_word' id='word_1_447' title='bbox 1671 1561 1854 1607; x_wconf 89' lang='lat' dir='ltr'>Domine,</span> <span class='ocrx_word' id='word_1_448' title='bbox 1881 1561 1975 1598; x_wconf 85' lang='lat' dir='ltr'>audi</span> <span class='ocrx_word' id='word_1_449' title='bbox 2006 1572 2137 1598; x_wconf 88' lang='lat' dir='ltr'>meam</span> <span class='ocrx_word' id='word_1_450' title='bbox 2166 1561 2414 1600; x_wconf 84' lang='lat' dir='ltr'>vociferatio-</span> 
     </span>
     <span class='ocr_line' id='line_1_72' title="bbox 1385 1623 2411 1670; baseline 0.001 -10"><span class='ocrx_word' id='word_1_451' title='bbox 1385 1633 1475 1660; x_wconf 90' lang='lat' dir='ltr'>nem</span> <span class='ocrx_word' id='word_1_452' title='bbox 1497 1624 1714 1660; x_wconf 87' lang='lat' dir='ltr'>secundum</span> <span class='ocrx_word' id='word_1_453' title='bbox 1741 1626 1850 1660; x_wconf 87' lang='lat' dir='ltr'>tuam</span> <span class='ocrx_word' id='word_1_454' title='bbox 1877 1623 2168 1660; x_wconf 87' lang='lat' dir='ltr'>miserationem</span> <span class='ocrx_word' id='word_1_455' title='bbox 2183 1652 2196 1670; x_wconf 87' lang='lat'>,</span> <span class='ocrx_word' id='word_1_456' title='bbox 2215 1625 2253 1660; x_wconf 88' lang='lat' dir='ltr'>et</span> <span class='ocrx_word' id='word_1_457' title='bbox 2272 1634 2411 1662; x_wconf 89' lang='lat' dir='ltr'>secun—</span> 
     </span>
     <span class='ocr_line' id='line_1_73' title="bbox 1387 1685 2411 1732; baseline 0.003 -11"><span class='ocrx_word' id='word_1_458' title='bbox 1387 1685 1483 1721; x_wconf 91' lang='lat' dir='ltr'>dum</span> <span class='ocrx_word' id='word_1_459' title='bbox 1509 1685 1646 1732; x_wconf 89' lang='lat' dir='ltr'>judicii</span> <span class='ocrx_word' id='word_1_460' title='bbox 1675 1685 1730 1721; x_wconf 87' lang='lat' dir='ltr'>tui</span> <span class='ocrx_word' id='word_1_461' title='bbox 1757 1685 2111 1722; x_wconf 83' lang='lat' dir='ltr'>considerationem</span> <span class='ocrx_word' id='word_1_462' title='bbox 2142 1685 2325 1732; x_wconf 86' lang='lat' dir='ltr'>vivifica,</span> <span class='ocrx_word' id='word_1_463' title='bbox 2347 1687 2411 1724; x_wconf 91' lang='lat' dir='ltr'>vel</span> 
     </span>
     <span class='ocr_line' id='line_1_74' title="bbox 1385 1747 2409 1796; baseline 0.004 -13"><span class='ocrx_word' id='word_1_464' title='bbox 1385 1747 1524 1794; x_wconf 84' lang='lat' dir='ltr'>vigora</span> <span class='ocrx_word' id='word_1_465' title='bbox 1544 1758 1674 1784; x_wconf 90' lang='lat' dir='ltr'>meam</span> <span class='ocrx_word' id='word_1_466' title='bbox 1691 1747 1974 1795; x_wconf 87' lang='lat' dir='ltr'>operationem.</span> <span class='ocrx_word' id='word_1_467' title='bbox 1994 1748 2085 1792; x_wconf 80' lang='lat' dir='ltr'>Quis</span> <span class='ocrx_word' id='word_1_468' title='bbox 2105 1747 2252 1785; x_wconf 85' lang='lat' dir='ltr'>neseiat</span> <span class='ocrx_word' id='word_1_469' title='bbox 2266 1775 2277 1794; x_wconf 89' lang='lat'><em>‚</em></span> <span class='ocrx_word' id='word_1_470' title='bbox 2300 1750 2409 1796; x_wconf 87' lang='lat' dir='ltr'>quod</span> 
     </span>
     <span class='ocr_line' id='line_1_75' title="bbox 1385 1809 2410 1857; baseline 0.001 -11"><span class='ocrx_word' id='word_1_471' title='bbox 1385 1820 1519 1846; x_wconf 85' lang='lat' dir='ltr'>versus</span> <span class='ocrx_word' id='word_1_472' title='bbox 1550 1810 1618 1846; x_wconf 89' lang='lat' dir='ltr'>iste</span> <span class='ocrx_word' id='word_1_473' title='bbox 1651 1811 1818 1857; x_wconf 88' lang='lat' dir='ltr'>quatuor</span> <span class='ocrx_word' id='word_1_474' title='bbox 1856 1809 2194 1857; x_wconf 87' lang='lat' dir='ltr'>comprehendat,</span> <span class='ocrx_word' id='word_1_475' title='bbox 2228 1810 2410 1848; x_wconf 83' lang='lat' dir='ltr'>videlieet</span> 
     </span>
     <span class='ocr_line' id='line_1_76' title="bbox 1384 1871 2409 1917; baseline 0.001 -9"><span class='ocrx_word' id='word_1_476' title='bbox 1384 1871 1704 1909; x_wconf 86' lang='lat' dir='ltr'>vociferationem</span> <span class='ocrx_word' id='word_1_477' title='bbox 1722 1899 1734 1917; x_wconf 92' lang='lat'>,</span> <span class='ocrx_word' id='word_1_478' title='bbox 1773 1871 2064 1908; x_wconf 89' lang='lat' dir='ltr'>miserationem</span> <span class='ocrx_word' id='word_1_479' title='bbox 2081 1899 2092 1916; x_wconf 96' lang='lat'>,</span> <span class='ocrx_word' id='word_1_480' title='bbox 2128 1871 2409 1909; x_wconf 88' lang='lat' dir='ltr'>consideratio-</span> 
     </span>
     <span class='ocr_line' id='line_1_77' title="bbox 1383 1932 2409 1980; baseline 0.001 -11"><span class='ocrx_word' id='word_1_481' title='bbox 1383 1943 1494 1979; x_wconf 87' lang='lat' dir='ltr'>nem,</span> <span class='ocrx_word' id='word_1_482' title='bbox 1521 1935 1557 1970; x_wconf 90' lang='lat' dir='ltr'>et</span> <span class='ocrx_word' id='word_1_483' title='bbox 1586 1932 1855 1980; x_wconf 86' lang='lat' dir='ltr'>operationem</span> <span class='ocrx_word' id='word_1_484' title='bbox 1874 1933 1892 1967; x_wconf 65' lang='grc' dir='ltr'>*ἲ</span> <span class='ocrx_word' id='word_1_485' title='bbox 1918 1935 1984 1968; x_wconf 89' lang='lat' dir='ltr'>aut</span> <span class='ocrx_word' id='word_1_486' title='bbox 2015 1932 2103 1980; x_wconf 87' lang='lat' dir='ltr'>quis</span> <span class='ocrx_word' id='word_1_487' title='bbox 2138 1943 2220 1969; x_wconf 91' lang='lat' dir='ltr'>non</span> <span class='ocrx_word' id='word_1_488' title='bbox 2250 1932 2409 1980; x_wconf 89' lang='lat' dir='ltr'>videat,</span> 
     </span>
     <span class='ocr_line' id='line_1_78' title="bbox 1382 1993 2409 2044; baseline 0.001 -13"><span class='ocrx_word' id='word_1_489' title='bbox 1382 1995 1494 2044; x_wconf 88' lang='lat' dir='ltr'>quod</span> <span class='ocrx_word' id='word_1_490' title='bbox 1515 1995 1741 2032; x_wconf 85' lang='lat' dir='ltr'>vociferatio</span> <span class='ocrx_word' id='word_1_491' title='bbox 1769 1994 1821 2031; x_wconf 88' lang='lat' dir='ltr'>ad</span> <span class='ocrx_word' id='word_1_492' title='bbox 1852 1993 2055 2031; x_wconf 90' lang='lat' dir='ltr'>hominem</span> <span class='ocrx_word' id='word_1_493' title='bbox 2087 1993 2280 2042; x_wconf 88' lang='lat' dir='ltr'>pertineat</span> <span class='ocrx_word' id='word_1_494' title='bbox 2305 1997 2409 2032; x_wconf 85' lang='lat' dir='ltr'>exte-</span> 
     </span>
     <span class='ocr_line' id='line_1_79' title="bbox 1381 2056 2406 2104; baseline -0.001 -10"><span class='ocrx_word' id='word_1_495' title='bbox 1381 2058 1547 2104; x_wconf 90' lang='lat' dir='ltr'>riorem,</span> <span class='ocrx_word' id='word_1_496' title='bbox 1568 2057 1766 2094; x_wconf 88' lang='lat' dir='ltr'>miseratio</span> <span class='ocrx_word' id='word_1_497' title='bbox 1793 2057 1845 2093; x_wconf 87' lang='lat' dir='ltr'>ad</span> <span class='ocrx_word' id='word_1_498' title='bbox 1869 2056 2117 2103; x_wconf 89' lang='lat' dir='ltr'>interiorem,</span> <span class='ocrx_word' id='word_1_499' title='bbox 2137 2067 2293 2093; x_wconf 90' lang='lat' dir='ltr'>rursum</span> <span class='ocrx_word' id='word_1_500' title='bbox 2313 2067 2406 2094; x_wconf 90' lang='lat' dir='ltr'>con-</span> 
     </span>
     <span class='ocr_line' id='line_1_80' title="bbox 1381 2119 2408 2168; baseline -0.001 -10"><span class='ocrx_word' id='word_1_501' title='bbox 1381 2121 1565 2158; x_wconf 89' lang='lat' dir='ltr'>sideratio</span> <span class='ocrx_word' id='word_1_502' title='bbox 1592 2121 1644 2158; x_wconf 88' lang='lat' dir='ltr'>ad</span> <span class='ocrx_word' id='word_1_503' title='bbox 1667 2121 1892 2158; x_wconf 90' lang='lat' dir='ltr'>interiorem</span> <span class='ocrx_word' id='word_1_504' title='bbox 1912 2148 1922 2166; x_wconf 96' lang='lat'>,</span> <span class='ocrx_word' id='word_1_505' title='bbox 1951 2119 2127 2168; x_wconf 89' lang='lat' dir='ltr'>operatio</span> <span class='ocrx_word' id='word_1_506' title='bbox 2161 2120 2213 2158; x_wconf 87' lang='lat' dir='ltr'>ad</span> <span class='ocrx_word' id='word_1_507' title='bbox 2242 2119 2408 2158; x_wconf 86' lang='lat' dir='ltr'>exterio-</span> 
     </span>
     <span class='ocr_line' id='line_1_81' title="bbox 1380 2185 1498 2220; baseline -0.008 0"><span class='ocrx_word' id='word_1_508' title='bbox 1380 2194 1466 2220; x_wconf 90' lang='lat' dir='ltr'>rem</span> <span class='ocrx_word' id='word_1_509' title='bbox 1480 2185 1498 2219; x_wconf 66' lang='grc' dir='ltr'>ἱ)</span> 
     </span>
    </p>

    <p class='ocr_par' dir='ltr' id='par_1_13' title="bbox 1704 2231 2078 2276">
     <span class='ocr_line' id='line_1_82' title="bbox 1704 2231 2078 2276; baseline -0.003 -10"><span class='ocrx_word' id='word_1_510' title='bbox 1704 2231 1891 2266; x_wconf 73' lang='grc' dir='ltr'><strong><em>Ανίίουῖαε</em></strong></span> <span class='ocrx_word' id='word_1_511' title='bbox 1924 2231 2078 2276; x_wconf 74' lang='lat' dir='ltr'>primus.</span> 
     </span>
    </p>

    <p class='ocr_par' dir='ltr' id='par_1_14' title="bbox 1371 2305 2406 3463">
     <span class='ocr_line' id='line_1_83' title="bbox 1428 2305 2406 2354; baseline -0.001 -10"><span class='ocrx_word' id='word_1_512' title='bbox 1428 2307 1598 2344; x_wconf 85' lang='lat' dir='ltr'>Primum</span> <span class='ocrx_word' id='word_1_513' title='bbox 1630 2308 1887 2354; x_wconf 78' lang='lat' dir='ltr'>praenotatur,</span> <span class='ocrx_word' id='word_1_514' title='bbox 1915 2316 2006 2342; x_wconf 92' lang='lat' dir='ltr'>cum</span> <span class='ocrx_word' id='word_1_515' title='bbox 2033 2305 2213 2353; x_wconf 88' lang='lat' dir='ltr'>psallitur</span> <span class='ocrx_word' id='word_1_516' title='bbox 2240 2318 2249 2342; x_wconf 73' lang='grc' dir='ltr'>ε</span> <span class='ocrx_word' id='word_1_517' title='bbox 2283 2308 2406 2343; x_wconf 86' lang='lat' dir='ltr'>Vocem</span> 
     </span>
     <span class='ocr_line' id='line_1_84' title="bbox 1379 2367 2406 2414; baseline 0 -9"><span class='ocrx_word' id='word_1_518' title='bbox 1379 2380 1491 2406; x_wconf 85' lang='lat' dir='ltr'>meam</span> <span class='ocrx_word' id='word_1_519' title='bbox 1510 2369 1598 2405; x_wconf 72' lang='lat' dir='ltr'>audi</span> <span class='ocrx_word' id='word_1_520' title='bbox 1615 2380 1627 2404; x_wconf 90' lang='lat'><em>:</em></span> <span class='ocrx_word' id='word_1_521' title='bbox 1651 2379 1739 2405; x_wconf 88' lang='lat' dir='ltr'>ecce</span> <span class='ocrx_word' id='word_1_522' title='bbox 1760 2367 2007 2404; x_wconf 84' lang='lat' dir='ltr'>vociferantis</span> <span class='ocrx_word' id='word_1_523' title='bbox 2027 2367 2154 2404; x_wconf 90' lang='lat' dir='ltr'>oratio</span> <span class='ocrx_word' id='word_1_524' title='bbox 2168 2395 2180 2414; x_wconf 95' lang='lat'>,</span> <span class='ocrx_word' id='word_1_525' title='bbox 2200 2368 2264 2404; x_wconf 89' lang='lat' dir='ltr'>vel</span> <span class='ocrx_word' id='word_1_526' title='bbox 2290 2379 2406 2405; x_wconf 90' lang='lat' dir='ltr'>oran-</span> 
     </span>
     <span class='ocr_line' id='line_1_85' title="bbox 1378 2429 2406 2468; baseline 0 -1"><span class='ocrx_word' id='word_1_527' title='bbox 1378 2431 1425 2468; x_wconf 90' lang='lat' dir='ltr'>tis</span> <span class='ocrx_word' id='word_1_528' title='bbox 1455 2429 1698 2467; x_wconf 87' lang='lat' dir='ltr'>vociferatio.</span> <span class='ocrx_word' id='word_1_529' title='bbox 1736 2429 1816 2466; x_wconf 85' lang='lat' dir='ltr'>Tali</span> <span class='ocrx_word' id='word_1_530' title='bbox 1853 2429 2130 2466; x_wconf 87' lang='lat' dir='ltr'>vociferatione</span> <span class='ocrx_word' id='word_1_531' title='bbox 2170 2429 2406 2467; x_wconf 82' lang='lat' dir='ltr'>vociferatur</span> 
     </span>
     <span class='ocr_line' id='line_1_86' title="bbox 1377 2491 2405 2540; baseline -0.001 -10"><span class='ocrx_word' id='word_1_532' title='bbox 1377 2493 1498 2530; x_wconf 91' lang='lat' dir='ltr'>homo</span> <span class='ocrx_word' id='word_1_533' title='bbox 1528 2492 1695 2529; x_wconf 82' lang='lat' dir='ltr'>exterior</span> <span class='ocrx_word' id='word_1_534' title='bbox 1721 2492 1862 2540; x_wconf 91' lang='lat' dir='ltr'>triplici</span> <span class='ocrx_word' id='word_1_535' title='bbox 1890 2491 2040 2528; x_wconf 88' lang='lat' dir='ltr'>ratione</span> <span class='ocrx_word' id='word_1_536' title='bbox 2061 2504 2069 2528; x_wconf 92' lang='lat'>:</span> <span class='ocrx_word' id='word_1_537' title='bbox 2091 2491 2238 2528; x_wconf 89' lang='lat' dir='ltr'>scilicet</span> <span class='ocrx_word' id='word_1_538' title='bbox 2259 2494 2326 2528; x_wconf 85' lang='lat' dir='ltr'>aut</span> <span class='ocrx_word' id='word_1_539' title='bbox 2347 2502 2405 2529; x_wconf 87' lang='lat' dir='ltr'>ra-</span> 
     </span>
     <span class='ocr_line' id='line_1_87' title="bbox 1376 2553 2406 2601; baseline 0 -10"><span class='ocrx_word' id='word_1_540' title='bbox 1376 2556 1481 2593; x_wconf 90' lang='lat' dir='ltr'>tione</span> <span class='ocrx_word' id='word_1_541' title='bbox 1511 2554 1778 2599; x_wconf 87' lang='lat' dir='ltr'>contritionis,</span> <span class='ocrx_word' id='word_1_542' title='bbox 1809 2556 1875 2590; x_wconf 89' lang='lat' dir='ltr'>aut</span> <span class='ocrx_word' id='word_1_543' title='bbox 1904 2553 2056 2590; x_wconf 73' lang='lat' dir='ltr'>ratione</span> <span class='ocrx_word' id='word_1_544' title='bbox 2087 2553 2306 2601; x_wconf 83' lang='lat' dir='ltr'>passionis,</span> <span class='ocrx_word' id='word_1_545' title='bbox 2338 2556 2406 2591; x_wconf 88' lang='lat' dir='ltr'>aut</span> 
     </span>
     <span class='ocr_line' id='line_1_88' title="bbox 1375 2615 2403 2664; baseline -0.001 -10"><span class='ocrx_word' id='word_1_546' title='bbox 1375 2618 1526 2654; x_wconf 89' lang='lat' dir='ltr'>ratione</span> <span class='ocrx_word' id='word_1_547' title='bbox 1556 2616 1853 2664; x_wconf 79' lang='lat' dir='ltr'>compassionis.</span> <span class='ocrx_word' id='word_1_548' title='bbox 1885 2615 1991 2652; x_wconf 90' lang='lat' dir='ltr'>Unde</span> <span class='ocrx_word' id='word_1_549' title='bbox 2019 2615 2263 2662; x_wconf 85' lang='lat' dir='ltr'>notandum,</span> <span class='ocrx_word' id='word_1_550' title='bbox 2294 2617 2403 2664; x_wconf 88' lang='lat' dir='ltr'>quod</span> 
     </span>
     <span class='ocr_line' id='line_1_89' title="bbox 1376 2677 2404 2726; baseline -0.001 -10"><span class='ocrx_word' id='word_1_551' title='bbox 1376 2679 1595 2716; x_wconf 89' lang='lat' dir='ltr'>secundum</span> <span class='ocrx_word' id='word_1_552' title='bbox 1631 2678 1833 2726; x_wconf 81' lang='lat' dir='ltr'>Scripturae</span> <span class='ocrx_word' id='word_1_553' title='bbox 1870 2677 2138 2714; x_wconf 88' lang='lat' dir='ltr'>testimonium</span> <span class='ocrx_word' id='word_1_554' title='bbox 2167 2705 2178 2723; x_wconf 90' lang='lat'>,</span> <span class='ocrx_word' id='word_1_555' title='bbox 2207 2677 2404 2715; x_wconf 88' lang='lat' dir='ltr'>invenitur</span> 
     </span>
     <span class='ocr_line' id='line_1_90' title="bbox 1374 2739 2399 2786; baseline -0.001 -9"><span class='ocrx_word' id='word_1_556' title='bbox 1374 2741 1496 2778; x_wconf 89' lang='lat' dir='ltr'>homo</span> <span class='ocrx_word' id='word_1_557' title='bbox 1512 2740 1680 2777; x_wconf 82' lang='lat' dir='ltr'>exterior</span> <span class='ocrx_word' id='word_1_558' title='bbox 1694 2740 1880 2786; x_wconf 87' lang='lat' dir='ltr'>clamans,</span> <span class='ocrx_word' id='word_1_559' title='bbox 1899 2739 2139 2784; x_wconf 77' lang='lat' dir='ltr'>exclamans,</span> <span class='ocrx_word' id='word_1_560' title='bbox 2159 2739 2399 2776; x_wconf 86' lang='lat' dir='ltr'>inclamans:</span> 
     </span>
     <span class='ocr_line' id='line_1_91' title="bbox 1375 2800 2402 2849; baseline -0.001 -10"><span class='ocrx_word' id='word_1_561' title='bbox 1375 2803 1544 2840; x_wconf 85' lang='lat' dir='ltr'>clamare</span> <span class='ocrx_word' id='word_1_562' title='bbox 1572 2812 1745 2849; x_wconf 77' lang='lat' dir='ltr'>namque</span> <span class='ocrx_word' id='word_1_563' title='bbox 1777 2801 1937 2846; x_wconf 85' lang='lat' dir='ltr'>dicitur,</span> <span class='ocrx_word' id='word_1_564' title='bbox 1969 2800 2036 2848; x_wconf 89' lang='lat' dir='ltr'>qui</span> <span class='ocrx_word' id='word_1_565' title='bbox 2065 2801 2308 2846; x_wconf 79' lang='lat' dir='ltr'>conteritur,-</span> <span class='ocrx_word' id='word_1_566' title='bbox 2337 2812 2402 2838; x_wconf 82' lang='lat' dir='ltr'>ex-</span> 
     </span>
     <span class='ocr_line' id='line_1_92' title="bbox 1375 2861 2400 2911; baseline -0.005 -9"><span class='ocrx_word' id='word_1_567' title='bbox 1375 2865 1566 2909; x_wconf 82' lang='lat' dir='ltr'>clamare,</span> <span class='ocrx_word' id='word_1_568' title='bbox 1588 2863 1654 2911; x_wconf 87' lang='lat' dir='ltr'>qui</span> <span class='ocrx_word' id='word_1_569' title='bbox 1684 2863 1847 2910; x_wconf 80' lang='lat' dir='ltr'>patitur3</span> <span class='ocrx_word' id='word_1_570' title='bbox 1870 2861 2082 2898; x_wconf 86' lang='lat' dir='ltr'>inclamare</span> <span class='ocrx_word' id='word_1_571' title='bbox 2100 2889 2111 2907; x_wconf 93' lang='lat'>,</span> <span class='ocrx_word' id='word_1_572' title='bbox 2139 2861 2207 2909; x_wconf 89' lang='lat' dir='ltr'>qui</span> <span class='ocrx_word' id='word_1_573' title='bbox 2241 2872 2400 2910; x_wconf 90' lang='lat' dir='ltr'>compa-</span> 
     </span>
     <span class='ocr_line' id='line_1_93' title="bbox 1373 2923 2397 2974; baseline -0.005 -10"><span class='ocrx_word' id='word_1_574' title='bbox 1373 2928 1476 2964; x_wconf 88' lang='lat' dir='ltr'>titur.</span> <span class='ocrx_word' id='word_1_575' title='bbox 1498 2928 1547 2962; x_wconf 87' lang='lat' dir='ltr'>De</span> <span class='ocrx_word' id='word_1_576' title='bbox 1566 2925 1694 2974; x_wconf 90' lang='lat' dir='ltr'>primo</span> <span class='ocrx_word' id='word_1_577' title='bbox 1715 2924 1896 2961; x_wconf 88' lang='lat' dir='ltr'>scribitur</span> <span class='ocrx_word' id='word_1_578' title='bbox 1925 2925 1939 2946; x_wconf 92' lang='lat'>⁷</span> <span class='ocrx_word' id='word_1_579' title='bbox 1957 2935 1966 2960; x_wconf 87' lang='lat'>:</span> <span class='ocrx_word' id='word_1_580' title='bbox 1991 2936 2009 2958; x_wconf 91' lang='lat'>«</span> <span class='ocrx_word' id='word_1_581' title='bbox 2028 2925 2129 2960; x_wconf 89' lang='lat' dir='ltr'>Voce</span> <span class='ocrx_word' id='word_1_582' title='bbox 2151 2933 2237 2960; x_wconf 88' lang='lat' dir='ltr'>mea</span> <span class='ocrx_word' id='word_1_583' title='bbox 2256 2923 2305 2960; x_wconf 85' lang='lat' dir='ltr'>ad</span> <span class='ocrx_word' id='word_1_584' title='bbox 2324 2924 2397 2960; x_wconf 91' lang='lat' dir='ltr'>Do-</span> 
     </span>
     <span class='ocr_line' id='line_1_94' title="bbox 1374 2984 2400 3033; baseline -0.004 -7"><span class='ocrx_word' id='word_1_585' title='bbox 1374 2989 1527 3026; x_wconf 91' lang='lat' dir='ltr'>minum</span> <span class='ocrx_word' id='word_1_586' title='bbox 1557 2986 1749 3033; x_wconf 76' lang='lat' dir='ltr'>clamav13</span> <span class='ocrx_word' id='word_1_587' title='bbox 1768 3000 1786 3021; x_wconf 88' lang='lat'>»</span> <span class='ocrx_word' id='word_1_588' title='bbox 1810 2988 1847 3022; x_wconf 87' lang='lat' dir='ltr'>et</span> <span class='ocrx_word' id='word_1_589' title='bbox 1877 2984 1977 3022; x_wconf 81' lang='lat' dir='ltr'>infra</span> <span class='ocrx_word' id='word_1_590' title='bbox 2005 2998 2014 3022; x_wconf 73' lang='grc' dir='ltr'>ε</span> <span class='ocrx_word' id='word_1_591' title='bbox 2049 2998 2066 3019; x_wconf 89' lang='lat'>«</span> <span class='ocrx_word' id='word_1_592' title='bbox 2093 2985 2400 3023; x_wconf 88' lang='lat' dir='ltr'>Tribulationem</span> 
     </span>
     <span class='ocr_line' id='line_1_95' title="bbox 1373 3047 2398 3097; baseline -0.004 -9"><span class='ocrx_word' id='word_1_593' title='bbox 1373 3061 1505 3088; x_wconf 86' lang='lat' dir='ltr'>meam</span> <span class='ocrx_word' id='word_1_594' title='bbox 1524 3052 1613 3086; x_wconf 87' lang='lat' dir='ltr'>ante</span> <span class='ocrx_word' id='word_1_595' title='bbox 1633 3049 1761 3097; x_wconf 88' lang='lat' dir='ltr'>ipsum</span> <span class='ocrx_word' id='word_1_596' title='bbox 1780 3047 1992 3095; x_wconf 89' lang='lat' dir='ltr'>pronuntio</span> <span class='ocrx_word' id='word_1_597' title='bbox 2015 3059 2024 3083; x_wconf 72' lang='grc' dir='ltr'>ε</span> <span class='ocrx_word' id='word_1_598' title='bbox 2047 3061 2063 3080; x_wconf 87' lang='lat'>»</span> <span class='ocrx_word' id='word_1_599' title='bbox 2089 3058 2178 3084; x_wconf 89' lang='lat' dir='ltr'>ecce</span> <span class='ocrx_word' id='word_1_600' title='bbox 2210 3058 2289 3084; x_wconf 84' lang='lat' dir='ltr'>vox</span> <span class='ocrx_word' id='word_1_601' title='bbox 2320 3047 2398 3084; x_wconf 88' lang='lat' dir='ltr'>cla-</span> 
     </span>
     <span class='ocr_line' id='line_1_96' title="bbox 1374 3109 2400 3150; baseline -0.004 0"><span class='ocrx_word' id='word_1_602' title='bbox 1374 3113 1516 3150; x_wconf 85' lang='lat' dir='ltr'>mantis</span> <span class='ocrx_word' id='word_1_603' title='bbox 1535 3113 1576 3149; x_wconf 93' lang='lat' dir='ltr'>in</span> <span class='ocrx_word' id='word_1_604' title='bbox 1605 3110 1848 3148; x_wconf 89' lang='lat' dir='ltr'>contritione.</span> <span class='ocrx_word' id='word_1_605' title='bbox 1880 3111 1931 3145; x_wconf 89' lang='lat' dir='ltr'>De</span> <span class='ocrx_word' id='word_1_606' title='bbox 1965 3109 2139 3146; x_wconf 87' lang='lat' dir='ltr'>secundo</span> <span class='ocrx_word' id='word_1_607' title='bbox 2158 3110 2172 3132; x_wconf 81' lang='lat'>⁸</span> <span class='ocrx_word' id='word_1_608' title='bbox 2193 3121 2202 3146; x_wconf 82' lang='lat' dir='ltr'><strong><em>z</em></strong></span> <span class='ocrx_word' id='word_1_609' title='bbox 2229 3122 2247 3144; x_wconf 76' lang='grc' dir='ltr'>α</span> <span class='ocrx_word' id='word_1_610' title='bbox 2267 3109 2400 3147; x_wconf 86' lang='lat' dir='ltr'>Excla-</span> 
     </span>
     <span class='ocr_line' id='line_1_97' title="bbox 1373 3171 2399 3220; baseline -0.004 -8"><span class='ocrx_word' id='word_1_611' title='bbox 1373 3176 1494 3212; x_wconf 88' lang='lat' dir='ltr'>mavit</span> <span class='ocrx_word' id='word_1_612' title='bbox 1519 3184 1617 3211; x_wconf 88' lang='lat' dir='ltr'>voce</span> <span class='ocrx_word' id='word_1_613' title='bbox 1645 3183 1792 3220; x_wconf 85' lang='lat' dir='ltr'>magna</span> <span class='ocrx_word' id='word_1_614' title='bbox 1821 3172 2024 3217; x_wconf 89' lang='lat' dir='ltr'>Susanna,</span> <span class='ocrx_word' id='word_1_615' title='bbox 2047 3173 2083 3207; x_wconf 90' lang='lat' dir='ltr'>et</span> <span class='ocrx_word' id='word_1_616' title='bbox 2105 3171 2222 3218; x_wconf 88' lang='lat' dir='ltr'>dixit;</span> <span class='ocrx_word' id='word_1_617' title='bbox 2243 3185 2262 3206; x_wconf 75' lang='lat' dir='ltr'><strong><em>n</em></strong></span> <span class='ocrx_word' id='word_1_618' title='bbox 2286 3174 2323 3208; x_wconf 90' lang='lat' dir='ltr'>et</span> <span class='ocrx_word' id='word_1_619' title='bbox 2341 3172 2399 3208; x_wconf 92' lang='lat' dir='ltr'>in-</span> 
     </span>
     <span class='ocr_line' id='line_1_98' title="bbox 1371 3232 2393 3274; baseline -0.005 -1"><span class='ocrx_word' id='word_1_620' title='bbox 1371 3238 1430 3274; x_wconf 87' lang='lat' dir='ltr'>fra</span> <span class='ocrx_word' id='word_1_621' title='bbox 1449 3249 1456 3273; x_wconf 93' lang='lat'>:</span> <span class='ocrx_word' id='word_1_622' title='bbox 1483 3250 1500 3270; x_wconf 93' lang='lat'>«</span> <span class='ocrx_word' id='word_1_623' title='bbox 1525 3238 1619 3272; x_wconf 89' lang='lat' dir='ltr'>Ecce</span> <span class='ocrx_word' id='word_1_624' title='bbox 1638 3233 1787 3271; x_wconf 88' lang='lat' dir='ltr'>morior</span> <span class='ocrx_word' id='word_1_625' title='bbox 1806 3245 1814 3269; x_wconf 90' lang='lat'><strong>:</strong></span> <span class='ocrx_word' id='word_1_626' title='bbox 1832 3246 1849 3267; x_wconf 87' lang='lat'>»</span> <span class='ocrx_word' id='word_1_627' title='bbox 1872 3243 1960 3269; x_wconf 90' lang='lat' dir='ltr'>ecce</span> <span class='ocrx_word' id='word_1_628' title='bbox 1981 3243 2059 3269; x_wconf 83' lang='lat' dir='ltr'>vox</span> <span class='ocrx_word' id='word_1_629' title='bbox 2080 3232 2334 3270; x_wconf 79' lang='lat' dir='ltr'>exclamantis</span> <span class='ocrx_word' id='word_1_630' title='bbox 2353 3232 2393 3268; x_wconf 93' lang='lat' dir='ltr'>in</span> 
     </span>
     <span class='ocr_line' id='line_1_99' title="bbox 1371 3293 2394 3347; baseline -0.007 -11"><span class='ocrx_word' id='word_1_631' title='bbox 1371 3299 1568 3347; x_wconf 87' lang='lat' dir='ltr'>passione.</span> <span class='ocrx_word' id='word_1_632' title='bbox 1595 3300 1646 3334; x_wconf 88' lang='lat' dir='ltr'>De</span> <span class='ocrx_word' id='word_1_633' title='bbox 1667 3296 1777 3334; x_wconf 87' lang='lat' dir='ltr'>tertio</span> <span class='ocrx_word' id='word_1_634' title='bbox 1796 3296 1810 3318; x_wconf 78' lang='lat'>⁹</span> <span class='ocrx_word' id='word_1_635' title='bbox 1833 3307 1842 3331; x_wconf 75' lang='grc' dir='ltr'>ι</span> <span class='ocrx_word' id='word_1_636' title='bbox 1867 3307 1885 3329; x_wconf 73' lang='grc' dir='ltr'>ι(</span> <span class='ocrx_word' id='word_1_637' title='bbox 1902 3294 2233 3342; x_wconf 83' lang='lat' dir='ltr'>Appropinquans</span> <span class='ocrx_word' id='word_1_638' title='bbox 2251 3304 2320 3330; x_wconf 86' lang='lat' dir='ltr'>rex</span> <span class='ocrx_word' id='word_1_639' title='bbox 2338 3293 2394 3330; x_wconf 90' lang='lat' dir='ltr'>la-</span> 
     </span>
     <span class='ocr_line' id='line_1_100' title="bbox 1373 3353 2388 3407; baseline -0.009 -9"><span class='ocrx_word' id='word_1_640' title='bbox 1373 3361 1451 3407; x_wconf 88' lang='lat' dir='ltr'>cui,</span> <span class='ocrx_word' id='word_1_641' title='bbox 1472 3359 1670 3397; x_wconf 91' lang='lat' dir='ltr'>Danielem</span> <span class='ocrx_word' id='word_1_642' title='bbox 1695 3367 1794 3394; x_wconf 89' lang='lat' dir='ltr'>voce</span> <span class='ocrx_word' id='word_1_643' title='bbox 1821 3355 2070 3403; x_wconf 87' lang='lat' dir='ltr'>lacrymabili</span> <span class='ocrx_word' id='word_1_644' title='bbox 2097 3353 2322 3391; x_wconf 86' lang='lat' dir='ltr'>inclamavit</span> <span class='ocrx_word' id='word_1_645' title='bbox 2341 3366 2349 3391; x_wconf 92' lang='grc'>;</span> <span class='ocrx_word' id='word_1_646' title='bbox 2371 3368 2388 3389; x_wconf 82' lang='grc'>»</span> 
     </span>
     <span class='ocr_line' id='line_1_101' title="bbox 1373 3415 2186 3463; baseline -0.011 -3"><span class='ocrx_word' id='word_1_647' title='bbox 1373 3433 1462 3460; x_wconf 89' lang='lat' dir='ltr'>ecce</span> <span class='ocrx_word' id='word_1_648' title='bbox 1481 3433 1559 3459; x_wconf 83' lang='lat' dir='ltr'>vox</span> <span class='ocrx_word' id='word_1_649' title='bbox 1574 3418 1820 3458; x_wconf 89' lang='lat' dir='ltr'>inclamantis</span> <span class='ocrx_word' id='word_1_650' title='bbox 1840 3418 1880 3454; x_wconf 91' lang='lat' dir='ltr'>in</span> <span class='ocrx_word' id='word_1_651' title='bbox 1901 3415 2186 3463; x_wconf 87' lang='lat' dir='ltr'>compassione.</span> 
     </span>
    </p>
   </div>
   <div class='ocr_carea' id='block_1_11' title="bbox 1370 3499 2394 3594">
    <p class='ocr_par' dir='ltr' id='par_1_15' title="bbox 1370 3499 2394 3594">
     <span class='ocr_line' id='line_1_102' title="bbox 1372 3499 2394 3544; baseline 0.002 -14"><span class='ocrx_word' id='word_1_652' title='bbox 1372 3509 1460 3539; x_wconf 66' lang='grc'>2,-</span> <span class='ocrx_word' id='word_1_653' title='bbox 1487 3508 1496 3525; x_wconf 79' lang='lat'><em>⁷</em></span> <span class='ocrx_word' id='word_1_654' title='bbox 1518 3505 1609 3538; x_wconf 60' lang='lat' dir='ltr'>Psal,</span> <span class='ocrx_word' id='word_1_655' title='bbox 1636 3511 1733 3544; x_wconf 74' lang='lat' dir='ltr'>cxm,</span> <span class='ocrx_word' id='word_1_656' title='bbox 1757 3505 1794 3543; x_wconf 79' lang='lat'>2,</span> <span class='ocrx_word' id='word_1_657' title='bbox 1816 3502 1846 3532; x_wconf 92' lang='lat'>3.</span> <span class='ocrx_word' id='word_1_658' title='bbox 1867 3518 1908 3524; x_wconf 93' lang='lat'>—</span> <span class='ocrx_word' id='word_1_659' title='bbox 1937 3500 1948 3517; x_wconf 79' lang='lat'>⁸</span> <span class='ocrx_word' id='word_1_660' title='bbox 1972 3499 2071 3539; x_wconf 62' lang='lat' dir='ltr'>Dan„</span> <span class='ocrx_word' id='word_1_661' title='bbox 2100 3506 2182 3538; x_wconf 81' lang='lat' dir='ltr'>xm,</span> <span class='ocrx_word' id='word_1_662' title='bbox 2203 3499 2260 3542; x_wconf 82' lang='lat'>42,</span> <span class='ocrx_word' id='word_1_663' title='bbox 2285 3501 2334 3534; x_wconf 82' lang='lat'>43.</span> <span class='ocrx_word' id='word_1_664' title='bbox 2354 3518 2394 3526; x_wconf 87' lang='lat'><strong>—</strong></span> 
     </span>
     <span class='ocr_line' id='line_1_103' title="bbox 1370 3553 1641 3594; baseline -0.007 -9"><span class='ocrx_word' id='word_1_665' title='bbox 1370 3553 1384 3575; x_wconf 79' lang='lat'><strong>⁹</strong></span> <span class='ocrx_word' id='word_1_666' title='bbox 1404 3554 1503 3594; x_wconf 60' lang='lat' dir='ltr'>Dan„</span> <span class='ocrx_word' id='word_1_667' title='bbox 1527 3561 1574 3593; x_wconf 80' lang='lat' dir='ltr'>vi,</span> <span class='ocrx_word' id='word_1_668' title='bbox 1591 3553 1641 3584; x_wconf 78' lang='lat'>20.</span> 
     </span>
    </p>
   </div>
  </div>
 </body>
</html>
