2633 3878
55 1863 167 1892 Judith.

54 2375 168 2404 Perfec-

43 2418 103 2443 tam
112 2416 184 2451 quid

58 2465 164 2484 secun-

77 2498 148 2525 dum

51 2540 184 2567 Philoso—

54 2582 156 2616 plium.

1045 146 1288 190 PSALMUS
1318 147 1492 190 CXVIII.

199 246 320 292 venit,
340 259 358 282 »
383 247 454 283 etc.
478 245 558 281 Hoc
585 240 746 278 affectus
772 239 905 277 devoti
928 237 1137 285 vigilanter
1158 235 1236 272 ob-

202 311 378 353 servant,
400 307 469 355 qui
489 307 701 342 nocturnas
721 302 976 350 anticipantes
997 298 1176 346 vigilias,
1196 298 1237 333 in

203 373 416 419 conspectu
442 368 508 405 Dei
526 378 566 404 se
582 364 781 413 judicant,
804 366 841 400 et
856 361 1076 410 judicando
1097 360 1236 408 purifi-

203 436 302 471 cant.
327 436 377 470 De
398 431 508 469 tertio
529 432 539 452 ¹
565 441 572 464 :
600 442 616 462 ιι
638 427 728 471 Quis
754 427 928 462 vestrum
961 422 1124 460 habebit
1143 421 1239 458 ami-

203 507 313 542 cum,
346 497 382 532 et
414 492 486 530 ibit
515 490 565 528 ad
595 489 706 525 illum
738 487 873 524 media
906 488 1045 530 nocte,
1074 486 1110 520 et
1137 483 1240 519 dicet

202 558 260 594 illi
280 571 288 592 ε
311 557 463 599 Amice,
489 550 701 591 commoda
727 550 823 586 mihi
850 551 929 586 tres
951 547 1105 596 panes?
1126 559 1144 579 »
1165 548 1236 582 etc.

202 619 318 665 Quod
344 618 505 654 affectus
525 612 658 652 devoti
686 612 941 660 spiritualiter
961 609 1149 657 implent,
1170 607 1239 655 qui

202 681 408 730 praedictas
423 678 744 727 praeoccupantes
765 674 933 721 vigilias,
956 675 1033 710 Deo
1051 673 1238 721 praestan-

203 746 263 790 te,
292 741 504 791 provident
536 738 706 787 qualiter
734 735 886 785 populo
918 735 1034 781 fidei,
1068 733 1172 782 spei,
1204 733 1240 769 et

205 804 400 842 charitatis
421 803 606 841 alimenta
627 799 856 837 ministrent.

520 889 711 925 Articulus
736 886 923 923 secundus.

253 961 461 1007 Sarqebam.
492 959 557 996 Hic
584 958 832 1003 subnotatur,
861 966 984 1004 quam
1015 957 1165 992 erectus
1196 954 1242 991 sit

203 1022 322 1069 hujus
340 1021 562 1058 devotionis
580 1020 761 1064 affectus,
784 1018 852 1066 qui
876 1021 1066 1066 tanquam
1084 1027 1242 1065 promp-

204 1086 264 1122 tus
282 1086 320 1121 et
338 1086 499 1132 paratus
514 1111 526 1129 ,
548 1083 602 1120 ait
632 1095 640 1119 ε
672 1083 888 1128 Surqebaim
909 1091 1006 1126 non,
1027 1079 1139 1128 quasi
1158 1079 1242 1116 len-

201 1147 265 1184 tus
285 1149 320 1183 et
338 1145 611 1182 somnolentus
639 1157 647 1181 :
669 1146 834 1190 Surgere
855 1142 1131 1190 disponebam.
1164 1143 1241 1178 No-

204 1208 369 1245 tandum
408 1218 503 1254 ergo
519 1235 531 1252 ,
571 1207 682 1255 quod
720 1216 880 1252 surgere
927 1205 1121 1241 debemus
1163 1204 1242 1240 hoc

204 1269 328 1306 modo
342 1297 354 1315 ,
394 1269 540 1305 scilicet
576 1268 856 1316 properando,
895 1270 1033 1304 contra
1068 1265 1212 1302 invitos
1229 1278 1240 1312 3

205 1331 372 1377 orando,
385 1334 522 1368 contra
533 1331 742 1368 indevotos
753 1330 816 1379 ;(a)
832 1329 1175 1376 ornando‚‚contra
1185 1327 1242 1363 in·

205 1393 459 1441 compositos
479 1395 529 1430 De
548 1393 678 1441 primo
699 1393 869 1439 legimus
892 1394 905 1414 2
927 1403 937 1427 :
959 1403 976 1426 «
995 1393 1132 1437 Surge,
1151 1401 1244 1438 pro-

204 1467 320 1504 pera,
341 1456 470 1493 amica
493 1466 606 1503 mea;
628 1469 646 1491 »
671 1467 716 1492 ac
735 1456 766 1491 si
787 1455 940 1491 dicatur
959 1456 1091 1502 aperte
1114 1464 1122 1489 ε
1148 1454 1241 1489 Pro-

204 1517 384 1565 perando
405 1528 543 1564 surge,
563 1520 754 1565 tanquam
781 1527 946 1564 surgens
967 1514 1242 1560 amicabiliter,

203 1591 286 1617 non
305 1580 439 1617 invite.
470 1583 520 1617 De
548 1580 726 1617 secundo
747 1581 760 1602 ³
782 1592 791 1616 ε
818 1593 835 1614 «
856 1579 1033 1626 Surgite,
1055 1581 1091 1615 et
1112 1579 1242 1623 orate,

203 1653 253 1679 ne
290 1641 440 1679 intretis
477 1642 519 1678 in
557 1642 836 1679 tentationem:
878 1654 895 1675 ›>
935 1641 1048 1688 quasi
1086 1640 1192 1678 dicat
1231 1652 1240 1675 ε

203 1705 361 1742 Orando
383 1704 544 1751 surgite,
564 1707 601 1742 et
620 1704 675 1741 sic
692 1703 892 1741 tentatoris
911 1702 1074 1740 insidias
1093 1713 1242 1751 praeca-

203 1770 304 1804 vete.
332 1769 384 1803 De
407 1767 519 1804 tertio
539 1765 553 1787 ³
576 1779 584 1804 ε
612 1781 629 1801 α
650 1767 840 1813 Surrexit,
869 1768 907 1803 et
933 1765 1087 1803 ornavit
1113 1776 1153 1802 se
1180 1776 1242 1802 or-

202 1829 396 1866 namentis
415 1830 509 1876 suis,
528 1844 546 1865 »
571 1829 717 1867 scilicet
735 1830 882 1874 Judcth,
903 1839 992 1876 quae
1013 1828 1243 1875 interpreta-

204 1895 266 1930 tur
297 1892 514 1938 confitens,
545 1903 618 1940 per
646 1903 770 1940 quam
800 1893 958 1928 notatur
990 1891 1159 1938 quilibet
1190 1891 1243 1927 ad

204 1954 476 1992 confitendum
502 1953 668 1991 Domino
695 1964 859 2000 surgens
882 1965 890 1990 z
911 1953 975 1989 hic
995 1953 1137 1990 dicitur
1156 1963 1241 1990 sur-

202 2016 370 2063 rexisse,
392 2019 429 2053 et
449 2027 608 2053 ornasse
629 2027 692 2063 se,
713 2019 755 2052 ut
783 2016 888 2052 illius
909 2015 1091 2063 exemplo
1113 2014 1242 2052 disca-

201 2090 290 2116 mus
323 2079 524 2126 surgendo
556 2090 630 2116 nos
665 2089 807 2118 ornare
821 2107 833 2126 ,
867 2089 949 2116 non
980 2078 1242 2127 incomposite

202 2152 276 2180 nos
295 2142 458 2180 habere.

541 2218 730 2254 Articulus
757 2219 900 2254 tertius.

250 2303 312 2340 Ad
331 2302 568 2349 confitendum
588 2303 670 2339 tibi.
689 2301 756 2338 Hic
777 2301 1002 2348 annotatur,
1020 2312 1142 2349 quam
1158 2312 1243 2350 per-

200 2364 325 2403 fectus
346 2365 393 2403 sit
411 2365 520 2402 istius
537 2364 760 2402 devotionis
780 2364 956 2401 affectus
974 2363 1012 2401 Si
1032 2364 1139 2401 enim
1157 2375 1243 2412 per-

202 2428 348 2465 fectum
370 2430 549 2464 censetur
574 2426 793 2463 secundum
825 2425 1080 2463 assertionem
1110 2426 1240 2463 Philo-

204 2489 319 2537 sophi
340 2490 368 2534 3,
390 2488 500 2536 quod
521 2488 675 2534 attingit
700 2488 864 2535 proprio
888 2487 956 2523 fini
981 2499 990 2524 ε
1015 2488 1102 2535 quis
1124 2487 1240 2536 affec-

205 2554 288 2588 tum
308 2551 423 2587 illum
448 2550 665 2598 perfectum
694 2549 882 2596 ambigit,
904 2549 974 2597 qui
1001 2549 1072 2586 fini
1100 2549 1241 2586 finium

204 2625 275 2662 per
311 2612 600 2650 consessionem
631 2611 761 2649 laudis
798 2612 974 2658 attingit?
1012 2611 1088 2648 Sed
1123 2614 1238 2659 nota,

205 2676 317 2724 quod
337 2676 389 2713 ad
409 2675 680 2712 confitendum
700 2676 777 2711 Deo
799 2675 968 2722 perfecte
998 2675 1063 2711 tali
1091 2675 1242 2712 confes-

204 2739 330 2784 sione,
349 2740 504 2786 oportet
520 2737 594 2774 tria
611 2747 866 2783 concurrere3
886 2740 982 2784 puta
999 2737 1241 2784 charitatem,

205 2801 443 2847 claritatem,
470 2802 507 2837 et
530 2799 740 2847 puritatem
762 2811 771 2836 :
799 2799 965 2836 charitas
994 2799 1162 2848 pertinet
1190 2800 1242 2837 ad

205 2863 426 2906 confitentis
445 2862 714 2909 affectionem;
735 2861 903 2909 claritas,
925 2862 978 2899 ad
997 2863 1239 2908 cantionem,-

203 2926 354 2973 puritas
392 2925 445 2962 ad
481 2925 752 2961 intentionem.
787 2927 883 2962 Nam
919 2936 1058 2962 revera
1097 2925 1241 2963 divinae

205 2987 336 3025 laudis
355 2987 509 3024 affectio
535 2987 618 3023 sine
645 2987 826 3024 cantione
852 2988 981 3034 bona3
1004 2988 1132 3024 cantio
1158 2989 1240 3026 sine

206 3049 412 3086 affectione
431 3059 556 3095 vana3
577 3051 744 3098 utraque
765 3050 848 3087 sine
873 3050 1008 3088 debita
1026 3050 1240 3088 intentione

205 3111 312 3148 mala
322 3124 333 3158 3
361 3112 431 3148 sed
456 3114 622 3159 utraque
648 3123 739 3148 cum
769 3112 903 3149 debita
922 3112 1135 3150 intentione
1154 3123 1242 3161 per-

204 3174 316 3211 fecta.
340 3176 390 3210 De
410 3173 540 3221 primo
563 3174 746 3211 scribitur
764 3175 777 3196 ⁸
798 3186 807 3211 :
830 3187 849 3208 «
869 3175 972 3212 Fecit
992 3174 1114 3212 David
1134 3175 1240 3223 prin-

206 3238 335 3285 cipem
360 3236 413 3274 ad
432 3235 703 3274 confitendum
729 3236 918 3284 Domino,
943 3237 1075 3286 Asaph
1102 3240 1139 3275 et
1162 3238 1239 3276 fra-

250 3353 257 3370 ¹
278 3351 371 3390 Luc„
391 3359 439 3392 xr,
459 3353 511 3384 25.
525 3368 566 3375 —
583 3351 593 3369 ²
612 3351 725 3389 Cant„
745 3358 786 3392 ιι,
808 3353 856 3383 10.
873 3368 914 3374 —
934 3351 947 3372 ³
967 3351 1053 3387 Luc„
1078 3359 1164 3392 xxii,
1186 3354 1236 3386 46.

206 3413 247 3421 —-
276 3399 290 3420 ⁹
313 3398 445 3438 Judz'th,
473 3408 542 3439 ΧΗ,
573 3400 622 3431 15.
650 3415 689 3421 -·
720 3400 732 3421 ⁵
763 3399 879 3440 Arist„
908 3399 1070 3440 Metaph„
1105 3400 1163 3433 lib.
1197 3402 1238 3442 V,

208 3446 292 3477 text.
312 3448 363 3480 21.
378 3464 419 3471 ——
439 3448 450 3468 ⁶
474 3446 487 3478 1
507 3445 673 3488 Paralip.,
692 3453 762 3487 xvi,
789 3448 819 3480 7.
844 3464 885 3471 -
910 3448 919 3465 ⁷
945 3446 1043 3488 lbid.,
1064 3455 1166 3491 xxiii,
1185 3450 1238 3482 30.

2266 155 2342 193 399

1312 240 1390 273 tres
1421 237 1517 283 ejus.
1540 251 1557 271 »
1582 238 1709 284 Asaph
1737 241 1868 276 autem
1898 240 2174 288 interpretatur
2204 240 2343 277 collec-

1311 299 1380 345 tio,
1398 309 1470 346 pcr
1490 309 1610 346 quam
1630 303 1787 337 notatur
1803 301 1985 339 affectum
2003 302 2206 340 collectiva
2227 302 2344 339 dilec-

1311 360 1365 397 tio
1397 372 1405 396 :
1439 371 1525 397 ecce
1557 361 1749 398 confessio
1776 374 1866 399 cum
1896 364 2080 402 charitate
2110 364 2342 402 affectionis.

1312 424 1363 459 Dc
1389 423 1565 460 secundo
1586 424 1628 460 ⁷:
1655 437 1673 457 «
1702 425 1840 461 Levitae
1867 428 1965 462 stent
1991 438 2106 464 mane
2136 427 2189 464 ad
2220 427 2342 463 confi·

1312 484 1476 521 tendum
1503 487 1540 522 et
1568 486 1790 523 canendum
1818 488 1983 524 Domino
2015 500 2024 524 z
2053 502 2069 523 »
2094 500 2182 526 ecce
2211 500 2344 535 mane,

1313 556 1401 583 ecce
1423 548 1567 593 cantio,
1585 559 1634 586 ex
1655 548 1800 596 quibus
1817 549 2024 586 conficitur
2041 550 2234 588 confessio
2254 563 2345 588 cum

1313 608 1488 646 claritate
1505 610 1708 648 cantionis.
1735 613 1785 648 De
1811 611 1924 648 tertio
1950 611 2118 648 dicitur⁸
2139 625 2147 649 :
2170 626 2188 647 «
2206 617 2345 650 Ascen-

1315 670 1457 707 derunt
1483 672 1630 718 tribus,
1658 673 1781 710 tribus
1809 674 1984 720 Domini,
2007 674 2059 710 ad
2078 674 2347 711 confitendum

1313 733 1465 770 nomini
1486 734 1660 781 Domini3
1681 748 1698 769 n
1711 736 1825 783 quasi
1845 736 1950 774 dicat
1967 748 1976 773 :
1998 736 2267 774 Ascenderunt
2286 737 2348 773 tri-

1314 795 1390 832 bus
1409 795 1588 834 Ecclesiae
1606 798 1807 835 militantis
1821 799 1873 836 ad
1890 799 2160 836 confitendum
2181 799 2347 837 Domino

1315 857 1560 896 confessione
1574 859 1704 896 laudis
1718 871 1808 897 cum
1822 861 2003 898 tribubus
2018 862 2195 899 Ecclesiae
2209 862 2348 899 trium-

1313 921 1492 969 phantis3
1521 921 1560 958 in
1593 933 1673 970 qua
1703 922 1946 960 confessione
1972 924 2111 971 procul
2140 924 2264 961 dubio
2294 927 2349 966 est

1314 984 1525 1031 purissima
1549 984 1713 1022 intentio
1741 996 1750 1021 ε
1782 996 1872 1023 ecce
1898 986 2093 1024 confessio
2121 997 2212 1023 cum
2237 986 2347 1034 puri-

1314 1049 1392 1083 tate
1409 1046 1648 1084 intentionis

1644 1155 1835 1191 Articulus
1862 1158 2027 1201 quartus.

1364 1237 1479 1284 Super
1492 1237 1639 1283 judicia
1657 1237 1933 1285 justificationis
1960 1242 2042 1275 tuae.
2072 1238 2138 1276 Hic
2158 1241 2348 1277 connota-

1316 1301 1392 1345 tur,
1410 1310 1532 1347 quam
1547 1302 1757 1348 provectus
1778 1304 1834 1338 est
1852 1301 1975 1349 ipsius
1996 1301 2218 1339 devotionis
2237 1301 2351 1338 affec·

1316 1364 1398 1409 tus3
1425 1372 1497 1398 nec
1524 1363 1628 1399 enim
1654 1363 1906 1400 arbitrandus
1932 1366 1989 1401 est
2018 1364 2284 1412 improvectus
2311 1364 2351 1400 in

1317 1424 1460 1461 divinae
1479 1426 1822 1473 contemplationis
1842 1426 2001 1463 cellaria
2020 1426 2264 1463 familiariter
2291 1426 2350 1462 in-

1315 1487 1532 1525 troductus.
1553 1490 1595 1525 In
1615 1499 1698 1536 quo
1718 1489 1883 1537 quidem
1908 1488 2070 1526 affectus
2096 1489 2212 1526 intrat
2240 1488 2353 1525 fami-

1316 1549 1471 1596 liarius,
1492 1561 1615 1598 quam
1641 1553 1834 1598 aspectus.
1861 1553 1957 1588 Nam
1981 1562 2273 1599 nonnunquam
2293 1551 2351 1588 af-

1315 1611 1436 1648 fectus
1463 1612 1599 1658 intrat,
1627 1613 1697 1649 ubi
1730 1616 1910 1660 aspectus
1941 1613 2036 1650 foris
2064 1616 2148 1650 stat.
2183 1615 2227 1650 Et
2258 1615 2353 1650 nota

1317 1674 1420 1711 circa
1444 1674 1595 1721 judicia
1617 1675 1906 1722 justificationis
1935 1676 2101 1722 divinae,
2124 1675 2236 1724 quod
2263 1679 2354 1712 sunt

1315 1735 1528 1774 ineffabilis
1566 1737 1868 1784 magnificentiae
1882 1765 1894 1783 ,
1941 1737 2353 1786 incomprehensibilis

1316 1798 1538 1846 sapientiae,
1572 1799 1858 1847 investigabilis
1893 1800 2109 1837 clementiae
2133 1812 2141 1836 :
2169 1800 2265 1848 quia
2294 1811 2354 1837 re-

1315 1868 1411 1895 vera
1434 1859 1700 1906 permirabilis
1730 1859 1802 1897 fuit
1830 1860 2125 1908 magnificentia
2152 1859 2351 1906 facientis3

1316 1921 1610 1967 permirabilior
1630 1921 1825 1970 sapientia
1850 1922 2031 1970 patientis
2039 1935 2050 1968 ;
2071 1922 2354 1970 permirabilis-

1316 1982 1416 2020 sima
1454 1983 1661 2021 clementia
1707 1984 1988 2021 satisfacientis.
2030 1987 2081 2021 De
2120 1985 2249 2032 primo
2287 1987 2301 2007 ⁹
2342 1997 2352 2020 :

1320 2060 1338 2081 «
1359 2049 1498 2093 Magna
1516 2049 1606 2084 sunt
1622 2047 1773 2094 judicia
1795 2049 1877 2092 tua,
1896 2046 2076 2092 Domine,
2097 2049 2134 2083 et
2153 2047 2354 2084 inenarra-

1315 2109 1414 2146 bilia
1432 2109 1555 2146 verba
1574 2111 1640 2146 tua
1651 2122 1662 2156 3
1685 2109 1799 2157 quasi
1820 2109 1925 2146 dicat
1947 2121 1955 2145 :
1971 2109 2212 2156 »Magnifica
2227 2111 2264 2146 et
2283 2110 2354 2146 mi-

1315 2170 1426 2208 rifica
1449 2171 1717 2219 dispositionis
1735 2174 1812 2208 tuae
1827 2171 1979 2218 judicia
2004 2174 2095 2208 sunt
2116 2171 2233 2209 nobis
2258 2171 2351 2208 inef-

1314 2232 1465 2271 fabilia.
1488 2235 1538 2271 De
1559 2234 1735 2271 secundo
1760 2233 1786 2256 ¹⁰
1807 2246 1816 2270 ε
1839 2247 1858 2269 «
1884 2237 1913 2272 Ο
1937 2234 2102 2271 altitudo
2124 2233 2351 2271 divitiarum

1316 2296 1515 2345 sapientiae
1532 2299 1569 2334 et
1587 2296 1756 2334 scientiae
1780 2296 1869 2342 Dei,
1888 2307 2032 2345 quam,
2050 2296 2354 2344 incomprehen-

1316 2359 1447 2397 sibilia
1481 2362 1570 2396 sunt
1596 2359 1747 2406 J'udicia
1776 2359 1880 2406 ejus!
1906 2373 1923 2392 »
1947 2358 2061 2407 quasi
2087 2358 2193 2395 dicat
2216 2371 2224 2395 :
2245 2358 2355 2397 Altis·

1316 2421 1417 2458 sima
1442 2424 1479 2458 et
1502 2421 1733 2470 plenissima
1758 2424 1814 2458 est
1836 2421 1999 2458 scientia
2019 2423 2056 2458 et
2075 2421 2268 2468 sapientia
2288 2421 2353 2458 Dei

1315 2483 1488 2519 hominis
1510 2483 1710 2520 mirabilia
1733 2483 1929 2526 facientis,
1957 2486 1994 2520 et
2019 2482 2263 2520 miserabilia
2285 2493 2354 2530 pa·

1316 2545 1459 2590 tientis,
1481 2546 1591 2592 qu'us
1606 2545 1757 2592 judicia
1776 2548 1867 2581 sunt
1883 2545 2067 2581 humanae
2086 2544 2286 2592 sapientiae
2307 2555 2353 2581 ac

1316 2607 1485 2644 scientiae
1509 2607 1937 2655 incomprehensibilia.
1959 2609 2008 2644 De
2036 2607 2148 2644 tertio
2175 2609 2353 2644 cantatur

1316 2679 1383 2706 ore
1403 2669 1589 2707 Davidico
1608 2669 1632 2690 ¹¹
1655 2681 1663 2706 :
1691 2669 1873 2706 «Judicia
1898 2671 1968 2706 tua
1994 2669 2162 2716 abyssus
2190 2669 2315 2706 multa
2341 2681 2349 2705 :

1315 2731 1496 2769 homines
1522 2735 1559 2770 et
1582 2732 1761 2779 jumenta
1787 2731 1983 2777 salvabis,
2006 2731 2193 2778 Domine,
2216 2742 2353 2779 quem·

1316 2794 1538 2832 admodum
1569 2794 1837 2843 multiplicasti
1871 2793 2185 2830 miserIcordiam
2216 2796 2349 2841 tuam,

1315 2859 1417 2895 Deus
1439 2870 1448 2895 ε
1470 2871 1488 2893 n
1511 2857 1625 2906 quasi
1648 2857 1754 2894 dicat
1775 2869 1784 2894 :
1812 2856 2124 2902 JustificationiS,
2145 2867 2216 2893 scu
2238 2857 2351 2903 justae

1316 2920 1588 2958 satisfactionis
1614 2923 1688 2957 tuae
1712 2919 1864 2966 judicia
1893 2921 1984 2956 sunt
2007 2918 2318 2966 profundissima
2341 2931 2349 2955 :

1317 2983 1581 3032 quamobrem
1594 2982 1808 3030 justissime
1825 2981 1998 3019 salvabis
2014 2981 2211 3027 homines,
2226 2992 2348 3029 quan-

1315 3050 1399 3084 tum
1424 3046 1476 3084 ad
1508 3045 1729 3083 naturalem
1761 3044 2074 3090 deformitatem,
2108 3047 2145 3081 et
2173 3044 2352 3090 Jumenta

1316 3112 1509 3157 quantum
1535 3108 1588 3145 ad
1611 3108 1805 3146 moralem
1830 3107 2119 3144 deformitatem
2141 3105 2201 3153 (b),
2222 3105 2351 3142 multi-

1314 3172 1502 3220 plicando
1522 3171 1836 3209 misericordiam
1849 3169 2139 3208 reformationis
2151 3178 2272 3215 supra
2280 3167 2350 3204 mi-

1314 3234 1459 3272 seriam
1482 3233 1794 3271 deformationis.

1313 3324 1355 3332 -—
1370 3307 1381 3326 ⁸
1401 3306 1488 3339 Psal.
1515 3313 1615 3347 cxxi,
1636 3306 1665 3339 4.
1687 3322 1723 3328 -
1750 3305 1764 3327 ⁹
1785 3304 1877 3346 Sap„
1903 3311 1995 3344 xvii,
2018 3306 2047 3334 t.
2068 3318 2109 3325 -
2129 3301 2155 3323 ¹·
2176 3300 2280 3339 Rom„
2301 3309 2348 3343 xi,

1314 3356 1365 3387 33.
1383 3372 1418 3378 -
1444 3357 1463 3373 ¹¹
1483 3353 1570 3385 Psal.
1592 3360 1697 3393 xxxV,
1727 3353 1745 3383 7
1778 3354 1812 3383 et
1840 3360 1914 3392 seq.
1935 3368 1974 3374 —
1999 3349 2045 3390 (α)
2073 3347 2190 3390 Suppl.
2217 3357 2350 3381 nos·—

1313 3401 1354 3442 (b)
1384 3401 1560 3442 Transpon.
1589 3401 1754 3440 quantum
1779 3398 1821 3430 ad
1847 3397 2012 3430 moralem
2032 3395 2297 3438 deformitatem,
2317 3399 2351 3429 et

1310 3449 1468 3490 jumenta
1486 3450 1650 3490 quantum
1668 3446 1711 3479 ad
1730 3445 1920 3479 naturalem
1943 3443 2205 3478 deformitatem.

2375 238 2486 274 Asaph.
