2633 3878
302 273 378 311 65⁰2

301 359 487 412 peritatis
521 360 658 411 magis
693 361 894 399 consonat
913 359 1040 400 statui
1072 359 1322 400 innocentiae

300 434 340 470 et
361 430 508 481 gloriae
525 442 534 470 ε
554 430 623 470 sed
644 430 756 482 quod
777 429 957 471 similius
976 433 1038 470 est
1059 430 1237 481 meliori,
1261 433 1323 471 est

299 500 449 540 melius
471 512 481 540 ε
507 512 626 551 ergo.
661 500 902 553 Respondeo
934 501 1179 550 dicendum,
1210 502 1323 554 quod

299 573 432 610 status
453 571 753 622 prosperitatis,
773 574 812 611 et
832 571 1097 611 adversitatis
1112 602 1124 621 ,
1148 574 1325 624 possunt

298 641 533 693 comparari
553 641 605 681 ad
625 642 770 691 bonos,
794 644 834 681 et
851 641 903 681 ad
923 641 1055 681 malos
1072 656 1081 691 ;
1102 641 1137 681 si
1157 642 1209 682 ad
1230 654 1323 683 ma·-

298 710 358 751 los
377 711 452 763 qui
471 711 690 752 elevantur
719 712 764 752 in
792 711 1026 764 prosperis,
1054 714 1095 752 et
1117 712 1324 765 dejiciun-

299 780 431 820 turin
451 781 650 830 adversis,
675 783 825 821 neuter
843 784 906 821 est
925 781 1053 832 utilis,
1076 782 1157 822 nisi
1189 784 1244 834 (a)
1267 782 1324 823 di-

298 852 396 892 vina
418 853 556 903 gratia
574 853 750 894 interius
770 853 967 905 adjuvet,
988 856 1036 894 ut
1055 855 1223 906 quando
1248 854 1324 894 ssa-

297 922 425 973 gellat.
436 923 638 973 exterius,
662 923 876 964 illuminat
895 924 1095 972 interius;
1119 924 1177 964 sic
1197 924 1324 977 inspi-

297 993 458 1033 ratione
503 993 727 1034 comitante
774 994 992 1045 flagellum
1009 1025 1021 1043 ,
1063 994 1176 1046 quod
1213 1005 1324 1047 saepe

297 1063 516 1115 contingit,
542 1067 674 1104 status
703 1065 966 1105 adversitatis
995 1068 1058 1105 est
1085 1064 1243 1105 utilior.
1279 1063 1323 1105 Si

297 1137 438 1174 autem
468 1134 685 1186 loquimur
705 1146 776 1186 per
796 1136 1153 1187 comparationem
1181 1136 1232 1175 ad
1253 1136 1324 1176 bo-

296 1216 384 1254 nos,
407 1204 466 1244 sic
485 1204 709 1245 dicendum
738 1207 851 1258 quod
884 1207 983 1247 boni
1016 1207 1193 1259 quidam
1227 1209 1324 1247 sunt

294 1274 486 1326 perfecti,
521 1275 571 1315 de
600 1275 756 1327 quibus
788 1276 939 1317 dicit-ur
968 1276 1071 1317 illud
1093 1278 1104 1299 ¹
1133 1291 1140 1317 :
1180 1292 1198 1315 «
1231 1276 1323 1318 Non

293 1345 563 1391 contristabit
568 1347 747 1397 justum,
769 1346 976 1399 quidquid
993 1347 1029 1387 ei
1049 1347 1244 1388 acciderit
1268 1361 1276 1386 :
1297 1362 1316 1385 ›>

292 1415 350 1455 sic
371 1415 563 1467 perfectis
592 1415 742 1456 melior
771 1419 810 1457 et
836 1416 979 1457 utilior
999 1419 1060 1457 est
1092 1420 1224 1457 status
1247 1418 1322 1458 ad-

293 1486 515 1536 versitatis,
539 1486 639 1538 quia
658 1499 702 1526 in
723 1498 772 1527 eo
792 1487 1107 1538 examinantur,
1126 1488 1234 1529 sicut
1253 1500 1325 1529 au-

293 1568 389 1596 rum
409 1557 612 1608 probatur
644 1557 688 1596 in
717 1557 844 1609 ignef,
865 1560 998 1598 status
1032 1560 1176 1599 autem
1212 1570 1324 1611 pros-

293 1627 480 1678 peritatis
499 1639 586 1667 non
605 1630 667 1668 est
680 1628 739 1668 eis
752 1628 881 1678 utilis,
898 1631 972 1669 aut
985 1628 1086 1681 quia
1099 1641 1185 1669 non
1199 1630 1324 1682 profi-

292 1697 423 1747 ciunt,
457 1701 528 1738 aut
558 1698 658 1750 quia
688 1700 927 1750 tepescunt,
956 1702 1029 1739 aut
1059 1699 1159 1751 quia
1191 1700 1323 1740 animi

292 1779 440 1807 eorum
460 1767 672 1818 decidunt,
695 1768 801 1808 sicut
821 1768 974 1808 dicitur
993 1782 1002 1808 ι
1029 1783 1048 1806 «
1071 1769 1151 1818 Qui
1171 1770 1214 1809 in
1235 1769 1322 1810 bel-

293 1836 343 1875 lis
363 1837 482 1877 fortis
498 1868 508 1886 ,
535 1837 579 1876 in
607 1840 778 1889 aspectu
810 1837 1000 1877 mulieris
1025 1838 1171 1879 cecidit
1195 1853 1203 1879 ε
1228 1853 1246 1876 »
1273 1840 1324 1879 si-

293 1911 363 1948 cut
381 1912 421 1949 ct
441 1908 526 1958 alii,
550 1909 624 1960 qui
647 1911 747 1948 sunt
768 1908 1015 1960 imperfecti,
1039 1910 1114 1962 qui
1135 1910 1324 1962 diligunt

293 1977 441 2028 Deum,
463 1981 503 2018 et
524 1978 783 2019 inducuntur
808 1991 883 2031 per
912 1980 1163 2032 temporalia
1194 1981 1321 2023 bene-

294 2049 402 2099 ficia,
427 2051 585 2089 etcum
613 2060 699 2089 non
732 2048 916 2089 habeant
948 2050 1197 2091 charitatem
1230 2064 1323 2104 per-

293 2120 457 2168 fectam,
480 2119 530 2159 de
550 2118 658 2159 facili
678 2119 831 2160 cadunt
853 2133 863 2160 ε
892 2119 1045 2161 talibus
1066 2122 1323 2174 prosperitas

294 2193 356 2231 est
380 2190 524 2231 utilior
554 2205 562 2231 ε
595 2193 634 2231 θῖ
665 2190 765 2243 quia
796 2190 978 2232 Ecclesia
1015 2192 1170 2233 multos
1199 2193 1325 2234 habet

295 2262 469 2303 tenellos
509 2264 550 2303 et
587 2263 780 2303 infirmos
817 2263 987 2315 plures,
1011 2276 1141 2316 quam
1179 2266 1321 2317 fortes,

295 2333 386 2373 ideo
407 2333 574 2384 cogitur
596 2345 716 2373 orare
737 2345 812 2385 pro
844 2345 958 2385 pace.
995 2332 1112 2382 Quod
1130 2347 1233 2387 ergo
1254 2336 1324 2376 bo-

295 2403 360 2443 nis
381 2403 490 2443 mala
510 2404 713 2444 eveniunt
743 2404 787 2444 in
822 2405 1017 2456 praesenti
1033 2436 1042 2454 ,
1065 2406 1226 2447 donum
1251 2407 1323 2448 Dei

295 2477 380 2524 est,
408 2476 534 2527 Juxta
561 2474 663 2514 illud
694 2479 708 2499 ²
737 2488 745 2514 :
776 2474 967 2516 «Datum
1000 2479 1063 2516 est
1098 2476 1218 2517 vobis
1239 2490 1323 2519 non

295 2544 435 2585 solum
472 2547 519 2585 ut
546 2546 589 2585 in
620 2557 721 2586 eum
749 2545 949 2597 credatis,
985 2547 1058 2588 sed
1090 2547 1218 2588 etiam
1246 2561 1323 2602 pro

296 2614 367 2655 illo
386 2615 619 2667 patiamini.
642 2630 661 2653 n

350 2687 480 2729 16.Ετ
493 2688 673 2738 apposui
683 2697 752 2729 cor
765 2698 918 2738 meum,
932 2689 1009 2728 etc.
1025 2687 1246 2729 Ostensum
1260 2692 1325 2731 est

295 2757 508 2809 quomodo
526 2758 689 2798 vanitas
715 2758 948 2799 securitatis
963 2758 1097 2798 oritur
1124 2771 1178 2799 ex
1199 2760 1323 2800 subli-

296 2827 478 2868 matione
499 2827 732 2879 malorum,
754 2831 794 2869 et
826 2829 952 2869 etiam
973 2840 1026 2869 ex
1055 2829 1323 2882 depressione

295 2896 525 2947 bonorum3
548 2898 616 2938 hic
640 2898 763 2939 tertio
794 2899 1027 2940 ostenditur
1051 2900 1165 2952 quod
1197 2901 1322 2942 modo

296 2966 430 3006 oritur
449 2978 502 3006 ex
533 2967 841 3009 indistinctione
878 2969 1035 3010 horum
1055 2972 1096 3010 et
1116 2970 1287 3011 illorum
1309 2983 1320 3011 :

295 3036 395 3089 quia
417 3036 531 3076 enim
552 3037 652 3077 mali
671 3049 757 3078 non
781 3042 955 3090 possunt
973 3040 1181 3093 distingui
1200 3054 1225 3082 a
1244 3042 1319 3083 bo-

296 3106 374 3156 nis,
405 3106 498 3147 ideo
529 3110 629 3148 sunt
658 3108 818 3158 securi;
842 3111 882 3148 et
901 3110 1103 3161 quoniam
1128 3111 1220 3152 haec
1254 3125 1320 3153 se-

296 3177 453 3216 curitas
483 3179 625 3218 ortum
655 3177 783 3218 habet
820 3191 873 3219 ex
907 3179 1154 3232 huiusmodi
1190 3182 1321 3223 indis-

296 3245 516 3297 tinctione,
538 3250 578 3288 et
598 3248 689 3301 ipsa
714 3249 841 3289 etiam
872 3252 934 3291 est
964 3250 1225 3304 principium
1245 3265 1320 3294 vo-

297 3315 487 3368 luptatis,
521 3318 614 3360 ideo
643 3319 770 3361 habet
788 3332 886 3373 pars
917 3321 996 3362 ista
1018 3321 1124 3363 duas
1144 3324 1284 3374 partes
1309 3337 1317 3364 :

341 3423 346 3439 ¹
372 3421 481 3462 Prrnn,
503 3431 563 3462 Ἧι,
584 3427 633 3455 21.
652 3443 692 3448 —
710 3427 721 3447 ἓ
740 3425 878 3466 Philip„
901 3435 924 3466 1,
947 3428 997 3458 2⁴5),
1015 3445 1055 3449 —
1074 3427 1085 3445 ³
1104 3427 1203 3468 Rom„
1227 3437 1249 3467 1,
1268 3430 1320 3460 20.

298 3468 361 3491 -δ
380 3472 500 3510 supra,
516 3478 567 3510 ιι»,
588 3473 678 3504 10.-
690 3472 813 3507 ⁵.1hid.,
838 3476 927 3504 Η.-
944 3474 955 3491 ⁶
973 3474 1088 3513 Eccli.,
1112 3483 1208 3514 mn,
1226 3477 1319 3508 34.-

969 269 1241 312 EXPOSITIO
1272 270 1322 312 ΙΝ
1352 270 1750 314 ECCLESlASTEN.

1398 361 1535 413 primo
1556 361 1789 403 ostenditur
1807 363 2019 415 quomodo
2044 375 2096 404 ex
2110 364 2421 409 indistinctione

1398 431 1534 471 oritur
1551 432 1771 482 securitas3
1802 433 1997 483 secundo,
2032 435 2244 486 quomodo
2275 448 2328 476 ex
2357 448 2420 478 se-

1399 502 1572 542 curitate
1584 502 1794 554 voluptas,
1810 502 1866 542 ibi
1879 515 1889 543 :
1903 504 2030 545 Nemo
2044 508 2119 554 est,
2136 505 2226 557 qui,
2238 508 2315 546 etc.
2331 506 2421 547 Pri-

1399 583 1518 612 mum
1544 583 1647 622 ergo
1683 572 1762 612 hoc
1793 572 1939 613 ordine
1961 574 2207 615 describitur
2243 590 2252 616 :
2286 577 2424 628 primo

1398 654 1505 693 ergo
1538 643 1710 682 notatur
1741 642 2003 684 discernendi
2023 656 2138 684 cassa
2157 645 2420 697 sollicitudo;

1399 713 1581 753 secundo
1602 723 1727 762 vero,
1750 712 2007 753 discretionis
2037 714 2312 766 incertitud03
2345 718 2426 758 ter-

1398 783 1799 833 tio,incertitudinis
1827 783 1953 833 ratio;
1989 786 2137 837 quarto
2169 787 2340 827 notatur
2372 799 2426 828 ex

1398 853 1484 893 hoc
1502 865 1623 893 vanae
1641 853 1878 893 securitatis
1897 853 2035 905 origo.
2061 853 2305 896 Insinuatur
2334 856 2413 913 igi-

1399 925 1471 963 tur
1483 922 1621 975 primo
1641 922 1905 963 discernendi
1924 934 2042 963 cassa
2055 923 2305 978 sollicitudo,
2328 938 2425 980 quae

1399 993 1478 1034 fuit
1497 993 1696 1045 diligens3
1717 994 1828 1034 unde
1839 993 1915 1034 ait:
1931 994 1984 1036 Ec
1997 995 2178 1047 apposui
2187 1006 2257 1039 cor
2271 1008 2421 1050 meum,

1398 1064 1441 1105 id
1461 1066 1544 1114 est,
1569 1064 1828 1105 intellectum
1865 1064 2061 1117 applicui,
2095 1069 2141 1108 ut
2174 1067 2324 1109 scirem
2353 1078 2423 1110 sa-

1396 1135 1624 1186 pientiam,
1643 1137 1853 1186 quantum
1874 1135 1925 1175 ad
1954 1135 2208 1187 invisibilia3
2232 1142 2271 1179 et
2295 1138 2423 1181 intel-

1399 1204 1571 1257 ligerem
1599 1203 1916 1246 distinctionem
1945 1215 2101 1256 eoram,
2135 1217 2229 1258 qua>
2247 1218 2426 1250 versan—

1399 1278 1470 1317 tur
1487 1276 1535 1316 in
1555 1277 1682 1324 terra,
1714 1277 1924 1327 quantum
1958 1275 2009 1315 ad
2038 1275 2236 1328 visibilia,
2258 1278 2359 1331 quia
2377 1282 2392 1305 ³
2413 1292 2424 1320 ε

1404 1360 1423 1384 «
1448 1344 1675 1385 Invisibilia
1707 1344 1778 1385 Dei
1807 1356 1882 1397 per
1912 1357 1975 1396 ea,
2011 1357 2107 1398 quae
2131 1347 2238 1388 facta
2269 1351 2381 1400 sunt,
2402 1361 2427 1390 a

1399 1417 1592 1456 creatura
1625 1415 1773 1455 mundi
1810 1415 2020 1456 intellecta
2050 1417 2382 1469 conspiciuntur.
2401 1433 2421 1457 n

1399 1485 1450 1526 Et
1469 1486 1548 1525 ista
1564 1485 1801 1526 sollicitudo
1828 1497 1945 1526 cassa
1967 1488 2048 1536 est,
2069 1487 2168 1539 quia
2196 1490 2428 1540 quantum-

1399 1567 1582 1608 cumque
1604 1556 1733 1596 homo
1749 1555 1924 1605 laboret,
1949 1568 2034 1596 non
2053 1559 2187 1609 potest
2206 1557 2423 1601 invenire:

1397 1626 1491 1667 ideo
1525 1626 1669 1666 subdit
1708 1640 1717 1666 ;
1749 1626 1827 1668 Est
1855 1626 1999 1677 homo,
2032 1629 2109 1679 qui
2134 1629 2182 1670 in
2213 1628 2358 1672 diebus
2390 1633 2428 1673 et

1397 1696 1592 1739 noctibas
1625 1707 1818 1738 somnum
1848 1707 1934 1738 non
1963 1698 2082 1749 capit
2103 1699 2250 1750 oculis,
2272 1699 2359 1741 imo
2375 1699 2428 1740 la-

1398 1767 1519 1808 borat
1534 1768 1731 1807 continue
1746 1767 1798 1807 ad
1812 1767 2111 1820 inquirendum
2126 1772 2139 1793 '⁴
2157 1768 2291 1810 :avidi
2302 1770 2427 1812 afflic-

1397 1838 1570 1888 tionem,
1594 1849 1723 1890 quam
1760 1837 1872 1877 dedit
1905 1837 2013 1878 Deus
2043 1838 2141 1878 filiis
2178 1839 2425 1891 hominum,

1398 1912 1445 1951 ut
1465 1909 1758 1949 distendantur
1772 1908 1816 1947 in
1828 1920 1933 1958 ea;›)
1958 1910 1998 1948 et
2028 1908 2219 1950 subdit5:
2239 1909 2427 1951 «Cuncta

1397 1979 1494 2021 fecit
1514 1980 1640 2029 bona,
1662 1981 1703 2019 et
1722 1978 1935 2019 mundum
1966 1978 2137 2018 tradidit
2155 1978 2428 2032 disputationi

1397 2062 1566 2100 eorum;
1587 2064 1606 2087 ›)
1629 2051 1669 2090 et
1692 2049 1789 2089 licet
1816 2050 1983 2088 tantum
2007 2048 2183 2097 laboret,
2203 2049 2311 2089 nihil
2329 2062 2428 2103 pro-

1397 2121 1492 2161 fecit
1517 2132 1527 2160 :
1554 2120 1648 2161 ideo
1665 2119 1806 2159 subdit
1828 2119 1883 2171 (v.
1906 2119 1970 2169 17)
1995 2118 2082 2161 :Et
2098 2118 2299 2162 intellexi
2317 2120 2430 2173 quoa

1397 2202 1569 2244 operam
1605 2191 1682 2232 Dei
1714 2190 1878 2231 nullam
1905 2190 2041 2241 possit
2083 2189 2203 2231 homo
2235 2191 2428 2233 invenire

1397 2263 1609 2304 rationem
1630 2271 1787 2310 eorum,
1813 2260 1968 2300 scilicet
1987 2271 2179 2312 operum,
2198 2272 2292 2314 quoe
2317 2261 2430 2312 fiunt

1396 2333 1473 2375 sab
1498 2332 1596 2374 sole.
1617 2331 1630 2353 ⁶
1665 2330 1760 2371 «Ne
1786 2329 2007 2378 laboretis,
2042 2342 2128 2370 non
2160 2331 2274 2371 enim
2313 2343 2427 2373 com—

1396 2402 1676 2456 prehendetis.
1691 2416 1710 2439 »
1735 2401 1790 2443 Et
1808 2402 1968 2453 quanto
1986 2400 2085 2452 plus
2108 2400 2359 2445 laboraverit
2372 2402 2431 2445 ad

1399 2472 1689 2527 quaerendam,
1716 2475 1831 2514 canto
1848 2473 1992 2514 minus
2014 2471 2215 2514 inveniet.
2242 2472 2360 2514 Unde
2379 2477 2394 2500 ⁷
2416 2486 2427 2514 :

1402 2544 1616 2586 «Accedet
1652 2543 1782 2584 homo
1820 2542 1871 2582 ad
1913 2553 1984 2582 cor
2012 2542 2162 2593 altum,
2197 2545 2239 2583 et
2270 2543 2430 2585 exalta-

1395 2616 1511 2657 bitur
1543 2614 1667 2662 Deus,
1691 2629 1710 2652 >³
1732 2614 1774 2654 id
1804 2613 1892 2663 est,
1917 2612 2202 2664 elongabitur.
2224 2612 2430 2665 Augusti-

1395 2699 1478 2727 nus
1492 2689 1505 2711 ⁸
1526 2700 1534 2726 :
1562 2685 1718 2726 «Altus
1737 2685 1800 2725 est
1819 2683 1928 2724 Deus
1946 2697 1954 2724 :
1972 2683 2112 2725 elevas
2141 2686 2197 2733 te,
2219 2686 2260 2724 et
2277 2684 2389 2737 fugit
2405 2698 2430 2726 a

1395 2760 1435 2798 te
1459 2756 1690 2797 :humilias
1720 2757 1785 2805 te,
1824 2756 1865 2794 et
1895 2753 2012 2795 venit
2039 2754 2091 2794 ad
2122 2756 2176 2794 te.
2194 2769 2212 2792 >³
2244 2754 2431 2798 Etiamsi

1396 2827 1563 2869 dioeerit
1591 2827 1765 2878 sapiens
1801 2835 1844 2866 se
1877 2834 2008 2875 nosse,
2031 2834 2117 2865 non
2133 2825 2291 2877 poterit
2309 2835 2428 2878 repe-

1394 2899 1504 2948 rir63
1525 2897 1568 2937 id
1593 2899 1668 2946 est,
1690 2896 1723 2936 si
1744 2907 1788 2936 se
1803 2895 1943 2935 credat
1963 2893 2083 2943 scire,
2106 2894 2250 2936 minus
2269 2895 2425 2936 intellin

1397 2968 1476 3019 git,
1491 2967 1591 3020 quia
1604 2966 1756 3007 dicitur
1774 2969 1815 3005 ⁹:
1841 2979 1860 3002 «
1880 2963 2070 3004 Dicentes
2095 2975 2139 3004 se
2157 2975 2247 3005 esse
2261 2965 2425 3017 sapien-

1393 3042 1471 3088 tes,
1490 3038 1604 3079 stulti
1617 3038 1840 3078 factisunt.
1879 3050 1898 3073 ε(
1917 3035 1967 3075 Εῖ
1985 3034 2014 3056 ¹⁰
2043 3046 2054 3075 ε
2077 3049 2095 3073 «
2109 3034 2229 3075 Dixi:
2253 3034 2427 3089 Sapiens

1395 3110 1573 3160 efficiar3
1608 3111 1649 3149 et
1675 3109 1767 3161 ipsa
1797 3106 1969 3158 longius
1988 3106 2154 3147 recessit
2173 3117 2198 3146 a
2219 3118 2302 3147 me.
2322 3121 2342 3145 ›>
2376 3106 2427 3148 Et

1393 3181 1544 3233 repetit
1568 3178 1911 3226 sollicitudinem,
1934 3177 2091 3217 addens
2113 3176 2226 3229 quod
2252 3176 2331 3217 fuit
2351 3189 2427 3218 cu-

1394 3253 1504 3293 riosa
1522 3263 1532 3292 ε
1548 3249 1748 3291 adhibere
1765 3248 1880 3290 enim
1896 3247 2235 3297 sollicitudinem,
2251 3247 2325 3288 uhi
2339 3259 2424 3288 non

1394 3325 1457 3363 est
1476 3321 1650 3371 utilitaS,
1671 3322 1735 3361 est
1753 3318 1984 3361 curiositas.

1395 3430 1404 3447 ⁷
1426 3430 1478 3460 Ps.
1500 3437 1602 3468 Lxm,
1629 3430 1704 3459 8.-
1722 3427 1735 3449 ⁸
1758 3429 1856 3468 Aug„
1878 3427 1996 3458 Enarr.
2019 3425 2053 3456 in
2076 3427 2129 3455 Ps.
2152 3431 2226 3454 L.—
2242 3422 2255 3444 ⁹
2275 3423 2378 3461 Rom„
2395 3432 2421 3466 1,

1393 3476 1444 3508 22.
1463 3493 1501 3499 —
1525 3477 1548 3498 ¹⁰
1568 3478 1687 3517 Supra,
1710 3482 1771 3514 νιι,
1791 3476 1842 3505 24.
1858 3490 1898 3496 -
1920 3475 1964 3513 (α)
1986 3471 2079 3503 adit.
2107 3469 2178 3502 Ven.
2201 3468 2275 3501 aad.
2302 3470 2347 3502 in.
