2633 3878
88 1261 214 1295 Tempe-

71 1301 177 1328 rantis.

83 2523 140 2548 Pau
146 2530 207 2556 per-

65 2563 130 2590 talis
142 2564 206 2590 laus

929 223 982 265 IN
1011 223 1392 267 HEXAEMERON.
1423 225 1600 272 SERMO
1629 230 1678 272 V.
2324 235 2374 273 55

231 316 540 368 liberalitatem,
563 316 673 358 circa
692 316 803 357 dona
822 314 1076 364 mediocria;
1099 314 1266 366 magni-

232 387 443 429 ficentiam
461 421 475 439 ,
497 387 608 429 cirea
637 387 747 428 dona
766 398 953 439 niagna;
976 385 1266 439 magnanimi-

232 460 401 509 tatem',
418 460 526 500 circa
541 471 724 510 magnos
737 459 922 500 honores
939 472 949 508 ;
965 456 1266 511 philotimiam‚

233 531 602 580 circamediocres;
617 529 1003 579 mansuetudinem,
1026 528 1136 568 circa
1157 528 1264 579 iras;

233 603 473 653 veritatem,
507 602 617 642 circa
644 601 923 650 locutione1n;
957 599 1236 652 eutrapeliam
1255 632 1264 650 ,

233 675 344 715 circa
378 674 550 724 ludum;
582 673 901 714 delectationem
934 674 975 712 et
1008 670 1266 721 amicitiam,

233 745 344 786 circa
362 744 446 786 duo
466 745 605 786 media
624 745 871 798 passionum
884 775 894 793 ,
916 745 963 784 ut
980 741 1238 784 verecundia
1256 774 1268 791 ,

233 819 274 859 et
291 816 500 867 nemesiS,
527 829 624 870 quae
652 819 715 856 est
745 815 853 856 nulli
887 816 1057 865 obesse,
1085 816 1125 855 et
1144 813 1270 854 alicui

233 887 445 941 prodesse.
472 887 529 928 De
549 887 616 928 his
634 890 776 928 autem
797 899 868 927 sex
888 886 1102 939 eligemus
1123 884 1273 938 praeci-

234 970 356 1012 puas,
378 959 535 1000 scilicet
555 959 694 1012 primo
715 958 1061 1012 temperantiam,
1083 956 1269 997 secundo

234 1031 624 1083 magnificentiam,
648 1030 774 1071 tertio
788 1030 1094 1081 fortitudinem,
1116 1031 1270 1082 quarto

233 1102 619 1153 mansuetudinem,
635 1101 787 1155 quinto
808 1101 1135 1154 benignitatem,
1149 1103 1269 1141 sexto

235 1175 652 1227 magnanimitatem.

287 1246 432 1288 Primo
460 1245 751 1300 incipiendum
787 1258 812 1287 a
843 1245 1138 1299 temperantia.
1170 1245 1271 1287 Haec

234 1317 470 1359 necessaria
490 1318 615 1358 estin
644 1317 822 1370 primis3
846 1329 932 1358 non
952 1317 1068 1358 enim
1090 1319 1104 1340 2
1128 1319 1270 1358 statim

233 1392 496 1443 temperatur
516 1390 645 1431 homo
668 1403 693 1430 a
721 1390 875 1431 timore
896 1389 1064 1440 mortis;
1088 1389 1159 1430 sed
1181 1393 1269 1431 sta-

232 1462 337 1513 tim,
360 1462 531 1515 quando
562 1464 690 1502 natus
718 1464 807 1512 est,
842 1460 1162 1502 delectationem
1200 1473 1267 1502 re-

231 1535 366 1588 quirit
385 1533 620 1575 secundum
639 1536 837 1586 gustum;
858 1533 973 1574 unde
989 1545 1096 1585 puer
1111 1533 1269 1586 appetit

231 1606 353 1647 dulce
373 1605 609 1647 secundum
629 1607 832 1657 gustum,
864 1607 906 1645 et
927 1606 1070 1657 postea
1090 1604 1268 1645 delecta-

232 1677 315 1718 bile
333 1677 569 1718 secundum
590 1680 758 1728 actum,
780 1676 949 1730 quando
980 1688 1166 1728 magnus
1188 1679 1265 1718 est.

231 1747 350 1790 Hane
386 1749 632 1802 passionem
668 1751 1068 1801 contemporaneam
1107 1748 1232 1789 nobis
1254 1781 1265 1800 ,

230 1833 327 1875 quae
347 1820 493 1875 incipit
511 1821 554 1861 in
589 1821 732 1874 pueris
749 1853 760 1871 ,
794 1823 835 1861 et
856 1820 1111 1861 terminatur
1133 1821 1178 1861 in
1201 1833 1267 1862 se-

230 1892 389 1944 nibus,
429 1895 594 1946 oportet
625 1893 764 1946 primo
796 1893 998 1934 domare:
1025 1895 1066 1933 et
1094 1892 1173 1933 ista
1206 1896 1267 1933 est

228 1965 596 2019 concupiscentia,
630 1968 776 2019 postea
808 1968 869 2006 est
896 1965 1120 2019 cupiditas.
1155 1964 1267 2006 Puer

227 2037 341 2079 enim
375 2038 526 2091 prime
542 2038 701 2091 appetit
729 2037 1012 2088 manducare,
1046 2040 1086 2077 et
1119 2039 1265 2090 postea

226 2109 468 2163 pecuniam.
510 2108 628 2151 Unde
665 2109 917 2150 mirabiliter
947 2109 1179 2151 delectatur
1215 2109 1261 2150 in

225 2181 320 2223 illa:
339 2183 382 2223 et
401 2181 436 2221 si
457 2193 591 2234 puero
611 2181 767 2222 offeras
786 2193 940 2235 panem
962 2182 1003 2221 et
1021 2180 1260 2232 denarium,

224 2254 374 2308 accipit
394 2254 644 2305 denarium,
676 2257 718 2296 et
742 2253 944 2307 relinquit
971 2265 1126 2307 panem
1150 2267 1158 2294 :
1182 2253 1263 2294 hoe

224 2326 360 2367 inficit
378 2326 588 2369 homines
613 2326 923 2379 Concupiscunt
944 2325 1059 2366 enim
1078 2325 1259 2376 habere,

198 2414 204 2418 ·
225 2399 267 2437 et
285 2397 483 2438 retinere.
507 2397 748 2450 Appretiari
780 2397 884 2449 baec,
915 2399 964 2437 ut
987 2396 1254 2447 felicissima,

227 2469 388 2509 malitia
409 2472 493 2520 est;
518 2470 762 2522 aspernari,
784 2472 834 2510 ut
867 2469 1148 2519 execrabilia,
1171 2481 1259 2510 ma-

225 2538 316 2580 lum
334 2543 409 2581 est.
435 2540 585 2581 Dicunt
605 2541 778 2594 quidam
792 2572 804 2591 ,
822 2541 937 2593 quod
956 2540 1138 2581 totaliter
1158 2553 1260 2593 pau-

224 2623 346 2664 peres
364 2623 450 2652 non
477 2615 624 2653 tenent
643 2612 849 2653 medium.
871 2611 1118 2665 Respondeo
1132 2644 1145 2663 ,
1168 2613 1255 2654 imo

223 2694 326 2724 vero
359 2686 506 2724 tenent
541 2683 744 2724 medium.
780 2684 881 2725 Ilaec
910 2684 1024 2725 enim
1054 2685 1258 2727 medietas

221 2766 308 2796 non
327 2757 390 2795 est
410 2754 520 2795 circa
538 2767 630 2806 res,
661 2755 734 2796 sed
760 2755 870 2796 circa
898 2756 1133 2809 appetitum
1162 2758 1258 2798 ani-

221 2836 320 2867 mae.
356 2824 399 2867 Si
434 2826 550 2867 enim
576 2827 739 2880 appetis
771 2827 893 2879 haec,
928 2831 977 2869 ut
1008 2830 1257 2871 sustenteris

220 2896 329 2946 tuis,
353 2897 421 2939 vel
441 2897 590 2938 alienis
605 2931 616 2950 ,
640 2899 909 2940 medietatem
934 2902 1078 2951 tenes;
1112 2901 1147 2942 si
1176 2914 1257 2955 ap-

220 2967 415 3020 pretiaris
425 3000 438 3020 ,
461 2972 509 3010 ut
528 2969 700 3010 felicitas
721 2970 774 3011 sit
790 2970 835 3011 in
851 2971 911 3012 eis
926 3004 936 3023 ,
961 2984 1098 3013 unum
1117 2976 1256 3014 extre-

222 3051 342 3080 mum
361 3043 446 3090 est;
471 3041 505 3080 si
525 3042 765 3094 aspernaris
793 3045 842 3083 ut
866 3043 1117 3096 profanum,
1149 3045 1252 3086 alte-

220 3123 319 3153 rum
347 3115 589 3154 extremum
609 3116 696 3165 est,
730 3114 837 3155 sieut
866 3114 1088 3156 Maniehaei
1110 3117 1253 3169 profa-

219 3195 324 3224 num
346 3187 498 3237 putant
515 3197 614 3226 cum
634 3186 813 3227 mullere
829 3188 990 3239 jacere,
1012 3187 1082 3229 vel
1100 3201 1250 3242 uxore,

218 3255 308 3297 sive
327 3267 426 3297 cum
445 3256 541 3297 alia.
571 3255 775 3298 Similiter
795 3257 1018 3309 dixerunt,
1046 3260 1160 3312 quod
1179 3261 1252 3301 ni-

218 3325 281 3367 hil
299 3329 436 3380 potest
449 3327 579 3369 homo
597 3327 768 3379 habere3
792 3331 833 3370 et
850 3329 953 3370 dicit
963 3329 1248 3384 AugustinuS,

261 3411 269 3430 ¹
293 3410 346 3451 Cf.
367 3412 403 3443 S.
426 3411 563 3450 Thom.,
587 3412 684 3450 ll·ll‚
709 3422 742 3454 q.
765 3421 884 3453 cxxix,
904 3414 967 3445 art.
991 3415 1021 3453 2,
1039 3413 1074 3446 in
1097 3424 1192 3457 corp.
1212 3435 1253 3441 —

218 3458 233 3479 ²
255 3458 369 3499 Arist„
393 3458 518 3499 Ethic„
547 3459 605 3491 lib.
639 3461 686 3500 ll,
715 3470 745 3493 c.
772 3468 830 3493 vu.
856 3478 896 3484 —
922 3461 936 3482 ³
957 3461 1048 3501 Luc„
1075 3470 1131 3501 lx,
1160 3468 1191 3496 3.
1214 3483 1249 3488 -

217 3504 228 3523 ⁴
255 3505 331 3538 Vid.
362 3506 546 3548 Leqenclam
577 3508 620 3540 ‹le
650 3509 720 3540 vita
751 3510 786 3542 S.
819 3508 1001 3542 Francisci.
1028 3527 1068 3534 —
1097 3512 1111 3534 ³
1137 3512 1251 3553 Arist„

220 3551 346 3592 Etha'c..
366 3553 425 3586 lib.
453 3555 495 3596 ll,
515 3563 545 3587 c.
568 3563 637 3597 ΠΗ
660 3556 720 3588 lib.
746 3558 802 3598 lv,
823 3566 854 3590 c.
873 3565 884 3589 1
903 3559 937 3590 et
958 3565 994 3590 11.
1009 3576 1048 3582 —
1069 3559 1081 3577 ⁶
1096 3560 1137 3593 lV
1159 3561 1250 3602 Κεφ,

1342 317 1457 369 quod
1476 318 1557 359 hoc
1575 332 1661 361 non
1680 320 1761 361 fuit
1781 324 2040 374 praeceptum
2054 353 2066 372 ,
2087 321 2185 362 licet
2204 323 2372 374 aposto-

1341 386 1393 427 lis
1411 388 1565 430 dixerit
1587 393 1639 442 (a)
1663 391 1868 433 Dominus
1885 394 1898 413 ³
1920 407 1929 433 ε
1960 409 1978 431 α
1999 392 2112 433 Nihil
2131 392 2311 434 tuleritis
2332 392 2377 433 in

1342 459 1425 500 via.
1444 475 1464 498 n
1490 460 1675 503 Medium
1696 466 1760 504 est
1780 475 1885 515 ergo
1905 465 2133 505 sustentari
2153 465 2243 506 sive
2264 464 2376 515 suis,

1342 530 1432 572 sive
1449 532 1612 573 alienis.
1634 533 1683 574 Et
1701 534 1863 575 dicebat
1885 534 1927 575 S.
1954 534 2239 587 Franciscus‘,
2263 535 2378 589 quod

1342 613 1504 656 pauper
1528 605 1669 657 magis
1692 608 1937 658 potestesse
1961 605 2112 658 largus
2129 638 2138 654 ,
2161 619 2287 659 quam
2313 605 2379 647 di-

1343 685 1416 714 ves
1432 706 1442 725 ,
1466 676 1567 728 quia
1589 676 1727 727 dives,
1756 677 1789 717 si
1810 677 1880 718 dat
1899 677 2106 730 quidquid
2126 677 2276 728 habet,
2305 677 2380 718 de-

1342 746 1476 797 ficiet,
1503 749 1545 788 et
1561 749 1760 789 confusus
1774 751 1857 799 est,
1882 749 2034 790 sivero
2051 761 2138 789 non
2162 748 2255 798 dat,
2278 760 2379 789 cum

1343 817 1517 868 habeat,
1539 818 1637 860 licet
1658 819 1785 861 vellet
1805 820 1904 860 dare
1920 852 1930 869 ,
1954 820 1989 860 si
2012 819 2092 860 sibi
2119 832 2205 860 non
2226 819 2378 861 defice-

1343 892 1406 929 cet
1427 901 1516 942 res,
1542 891 1742 932 voluntas
1769 892 1882 932 bona
1902 893 1986 941 est,
2010 891 2083 931 sed
2103 902 2190 931 non
2209 893 2380 943 reputa-

1343 964 1414 1002 tur
1431 964 1631 1016 profacto
1650 964 1743 1015 sibi,
1765 965 1866 1017 quia
1877 964 2016 1005 adhue
2033 963 2162 1004 habet
2181 964 2380 1005 substan-

1342 1034 1462 1075 tiam.
1502 1035 1583 1076 Sed
1616 1048 1796 1089 pauper,
1827 1036 1901 1089 qui
1928 1035 2038 1076 nihil
2070 1036 2224 1086 habet,
2259 1035 2385 1077 vellet

1343 1106 1444 1147 dare
1474 1108 1669 1160 pauperi,
1702 1110 1743 1148 et
1775 1107 1881 1148 nihil
1906 1107 2034 1148 habet
2065 1107 2179 1160 quod
2213 1108 2308 1158 det;
2343 1110 2384 1148 et

1343 1178 1470 1220 vellet
1483 1179 1693 1220 aedificare
1709 1179 1953 1233 hospitalia,
1971 1181 2217 1220 nontamen
2238 1179 2380 1230 habet,

1345 1249 1542 1291 voluntas
1568 1263 1645 1304 pro
1672 1251 1780 1292 sacto
1808 1253 2046 1304 reputatur.
2082 1250 2203 1300 Quod
2236 1254 2381 1292 autem

1343 1318 1510 1370 dicunt,
1530 1319 1643 1372 quod
1657 1319 1785 1360 nimis
1799 1331 2008 1373 pauperes
2029 1331 2117 1360 non
2137 1322 2280 1360 tenent
2297 1331 2382 1360 me-

1343 1389 1488 1440 dium,
1516 1390 1655 1431 simile
1676 1394 1738 1431 est
1765 1391 1853 1442 illi,
1879 1391 1993 1444 quod
2019 1390 2182 1431 dicebat
2206 1390 2384 1443 quidam

1343 1462 1532 1503 medicus
1553 1462 1764 1514 Federici,
1792 1463 1906 1516 quod
1927 1462 1996 1503 ille
2012 1493 2022 1511 ‚
2045 1463 2118 1515 qui
2151 1462 2383 1504 abstineret

1343 1534 1396 1574 ab
1430 1535 1550 1575 omni
1582 1534 1784 1585 muliere,
1809 1546 1886 1575 nec
1911 1536 2001 1574 erat
2029 1533 2272 1584 virtuosus,
2307 1546 2385 1575 nec

1343 1607 1511 1648 tenebat
1531 1607 1737 1648 medium.
1760 1606 1811 1647 Et
1829 1606 1881 1647 ad
1898 1606 1979 1647 hoe
1991 1607 2199 1658 sequitur,
2222 1605 2336 1658 quod
2350 1606 2385 1647 si

1342 1690 1515 1719 omnem
1537 1679 1763 1720 mulierem
1780 1690 2051 1731 cognoscere,
2068 1680 2109 1719 et
2126 1690 2386 1730 cognoscere

1341 1749 1529 1802 nullam,
1565 1754 1757 1792 extrema
1809 1755 1930 1802 sunt;
1970 1763 2077 1804 ergo
2115 1751 2384 1792 medietatem

1340 1822 1537 1862 omnium
1551 1822 1783 1864 mulierum
1799 1835 2072 1875 cognoscere,
2089 1823 2280 1865 medium
2303 1826 2379 1865 est.

1394 1893 1495 1935 Haec
1515 1894 1724 1948 cupiditas
1756 1895 1921 1935 domari
1951 1895 2075 1936 debet
2105 1895 2382 1948 perfmunifi-
2448 1913 2542 1939 Muni-

1340 1965 1549 2017 centiam,
1582 1978 1680 2019 quae
1714 1966 2037 2019 comprehendit
2058 1966 2103 2006 in
2124 1979 2168 2008 se
2199 1966 2381 2019 largita-
2401 1951 2527 1980 fimum·

1338 2040 1424 2080 tem
1460 2042 1501 2080 et
1537 2038 1919 2091 magnificentiam,
1955 2038 2036 2079 Iste
2069 2042 2132 2080 est
2152 2039 2270 2091 fons,
2305 2039 2379 2093 qui

1339 2123 1470 2164 aquas
1490 2111 1687 2152 refundit.
1710 2111 1821 2151 Fons
1841 2122 1929 2151 non
1948 2110 2102 2150 retinet
2119 2111 2163 2150 in
2184 2123 2227 2152 se
2247 2123 2381 2165 aquas

1338 2183 1579 2224 secundum
1606 2182 1911 2236 Philosophum
2007 2181 2182 2224 Difficile
2225 2185 2288 2225 cst
2326 2184 2379 2224 ab

1337 2255 1418 2296 hac
1442 2256 1621 2309 perfecte
1642 2255 1808 2307 curari,
1832 2254 1933 2308 quia
1953 2254 2033 2295 hoc
2049 2254 2172 2296 valde
2193 2255 2374 2296 delecta-

1338 2328 1420 2368 bile
1457 2330 1545 2379 est,
1577 2327 1680 2381 quia
1711 2338 1786 2381 per
1818 2327 1928 2367 hanc
1961 2328 2131 2379 reputat
2163 2338 2207 2367 se
2245 2327 2377 2369 homo

1337 2413 1570 2453 magnum,
1606 2402 1648 2441 et
1681 2399 1754 2441 alii
1775 2411 1875 2440 eum
1911 2400 2125 2452 reputant.
2167 2399 2210 2439 Si
2246 2399 2376 2441 homo

1335 2472 1595 2523 luxuriatur,
1623 2471 1734 2512 dolet
1765 2470 2013 2520 cerebrum3
2041 2470 2112 2510 sed
2135 2470 2180 2511 in
2211 2471 2369 2512 divitiis

1335 2544 1465 2584 homo
1490 2544 1737 2593 delectatur,
1766 2542 1867 2595 quia
1894 2545 1956 2582 est
1975 2542 2032 2582 ibi
2060 2543 2339 2596 praesumptio
2355 2576 2367 2594 ,

1334 2619 1374 2657 et
1394 2615 1632 2664 delectatio,
1664 2617 1706 2655 et
1725 2613 1948 2666 reputatio.
1982 2612 2099 2654 Unde
2127 2613 2219 2654 haec
2246 2614 2368 2667 cupi·

1333 2687 1439 2728 ditas
1458 2687 1600 2727 infecit
1631 2685 1744 2726 Giezi
1763 2684 1791 2736 ⁶,
1815 2688 1857 2725 et
1884 2684 2075 2737 leprosus
2110 2685 2244 2726 factus
2278 2688 2368 2737 est,

1333 2759 1435 2812 quia
1465 2757 1653 2799 cucurrit
1676 2759 1770 2811 post
1795 2755 2002 2797 Naaman.
2034 2755 2107 2796 Isti
2143 2757 2368 2798 simoniaci

1331 2830 1458 2872 hodie
1476 2829 1720 2882 largitatem
1739 2830 1937 2881 reputant
1963 2839 2171 2880 magnam
2191 2828 2363 2869 curiali-

1331 2905 1475 2943 tatem.
1498 2900 1622 2943 Venit
1640 2900 1786 2942 Simon
1805 2912 1982 2953 magus,
2004 2902 2046 2940 et
2061 2900 2169 2940 dixit
2190 2899 2360 2942 Petro⁷:

1336 2974 1525 3027 «Accipe
1545 2973 1595 3014 de
1616 2973 1820 3025 pecunia,
1842 2975 1883 3013 et
1906 2973 1960 3014 da
1989 2973 2095 3013 mihi
2115 2975 2163 3014 ut
2187 2985 2262 3026 per
2281 2974 2363 3014 im·

1329 3045 1582 3099 positionem
1623 3056 1776 3086 manus
1821 3044 1979 3098 possim
2015 3045 2117 3086 dare
2155 3044 2367 3098 Spiritum

1330 3120 1539 3158 sanetum.
1558 3131 1577 3154 n
1603 3116 1684 3157 Sed
1710 3115 1860 3157 Petrus
1879 3128 1965 3157 non
1988 3117 2203 3170 reputavit
2223 3118 2361 3158 curia-

1329 3189 1515 3240 litatem,
1548 3200 1626 3229 nec
1654 3188 1805 3228 habuit
1833 3188 2077 3241 patientiam
2102 3203 2110 3228 :
2144 3187 2364 3230 «Pecunia

1330 3267 1458 3311 tua,n
1484 3260 1650 3314 inquit,
1679 3262 1853 3301 «tecum
1875 3259 1929 3300 sit
1959 3260 2003 3299 in
2029 3259 2322 3312 perditionem.
2339 3274 2359 3298 u

1381 3332 1521 3374 Tertia
1552 3332 1753 3374 medietas
1785 3335 1847 3373 est
1875 3331 2074 3372 fortitudo
2107 3330 2136 3382 ⁸,
2166 3343 2263 3384 quae
2301 3334 2364 3373 est
2384 3329 2526 3400 ωᾱῑῗῐῑῑ·

1329 3454 1359 3487 v,
1377 3449 1411 3478 21
1433 3448 1467 3479 et
1483 3455 1556 3487 seq.
1574 3462 1615 3469 —
1633 3446 1647 3468 ⁷
1664 3445 1750 3482 Act„
1775 3451 1848 3484 vui,
1872 3446 1922 3484 18,
1943 3445 1995 3485 20,
2009 3461 2048 3467 —
2067 3445 2077 3463 Β
2098 3444 2212 3484 Arist„
2239 3444 2360 3486 Elide„

1326 3495 1386 3527 lib.
1413 3495 1451 3533 ll,
1473 3504 1502 3526 c.
1525 3502 1585 3526 v11.

1369 3560 1416 3602 (α)
1434 3561 1514 3593 Cael.
1533 3559 1615 3592 edit.
1636 3559 1778 3591 dixerat.
