2633 3878
290 302 367 338 608

289 389 411 425 vetus
428 382 664 424 transierat.
682 380 787 420 Item
800 383 834 419 ¹:
856 379 1256 429 «Transitmundus,
1272 382 1313 420 et

289 453 625 506 concupiscentia
647 452 786 503 ej11S.n
807 450 856 490 Et
870 451 885 473 ²
912 466 919 491 ;
949 451 1130 491 «Coelum
1147 454 1187 490 ct
1201 453 1313 490 terra

288 523 544 563 transibunt.
566 538 584 559 »
610 522 758 562 Contra
784 536 792 562 :
819 521 926 561 Sunt
945 521 994 561 de
1014 520 1312 560 constitutione

287 593 475 633 universi
495 607 503 633 ε
521 605 624 644 ergo
639 592 996 633 cumuniversum
1019 594 1200 641 maneat,
1222 603 1312 631 ma-

287 662 485 703 nifestum
507 667 566 703 est
587 663 699 715 quod
720 662 844 702 etiam
872 662 1093 701 clementa.
1124 660 1310 714 Respon-

285 732 362 772 deo
401 733 649 783 dicendum,
681 732 793 784 quod
830 731 987 784 aliquid
1021 731 1202 772 transire
1236 744 1312 772 5110

286 802 441 853 spatio,
463 806 523 842 est
544 802 764 854 dupliciter
785 816 792 841 :
820 801 887 841 vel
910 804 1118 854 quantum
1145 801 1197 841 ad
1216 814 1311 842 cor-

284 873 527 924 ruptionem
558 872 791 912 secundum
830 875 962 912 totam
1000 871 1278 911 substantiam
1299 902 1309 919 ‚

284 941 391 982 sicut
405 945 740 995 corrumpuntur
754 942 952 982 animalia
967 942 1090 982 bruta
1103 956 1112 990 ;
1125 940 1191 980 vel
1209 953 1311 993 quo-

285 1012 334 1051 ad
370 1013 683 1064 corruptionem
712 1013 943 1052 secundum
984 1014 1172 1063 partem,
1205 1011 1311 1051 sicut

285 1081 491 1122 elementa
512 1084 785 1134 generantur,
804 1084 1139 1133 corrumpuntur
1159 1081 1203 1121 in
1222 1082 1310 1121 suis

285 1152 477 1192 terminis
491 1184 502 1202 ,
523 1153 564 1192 in
583 1153 739 1205 quibus
755 1164 797 1192 se
817 1155 1023 1204 tangunt3
1045 1151 1114 1192 vel
1131 1153 1311 1193 transire

283 1222 510 1263 hocastatu
524 1223 897 1276 corruptibilitatis,
907 1226 947 1263 et
957 1223 1006 1263 ad
1016 1226 1172 1264 statum
1181 1223 1310 1264 alium

283 1294 558 1334 transmutari
581 1309 590 1334 ε
615 1294 694 1334 1100
714 1294 839 1334 modo
859 1294 1045 1334 mundus
1070 1294 1146 1334 iste
1172 1294 1308 1334 scusi-

282 1363 377 1404 bilis
416 1365 702 1405 innovabitur.
746 1364 863 1412 Quod
896 1376 1000 1416 ergo
1029 1364 1183 1405 dicitur
1213 1364 1307 1415 hic,

281 1434 392 1486 quod
412 1435 504 1476 suis
525 1435 680 1487 spatiis
709 1438 954 1482 transeunt,
977 1434 1107 1474 alte-ro
1133 1435 1309 1475 istorum

282 1504 506 1545 modorum
533 1504 799 1556 intelligitur.
833 1504 952 1553 Quod
984 1516 1135 1545 rursus
1161 1505 1307 1558 oinci-

280 1577 349 1614 tur
383 1589 392 1615 :
433 1590 451 1611 «
471 1574 637 1615 Transit
671 1575 858 1615 mundus
899 1578 938 1614 ct
974 1575 1309 1627 concupiscentia

280 1646 425 1696 eJus,›³
446 1645 742 1686 determinatio
763 1644 902 1693 solvit,
925 1644 1083 1685 scilicet
1103 1645 1304 1695 mundus,

280 1719 404 1768 prout
424 1719 486 1757 est
511 1716 673 1756 occasio
693 1715 935 1767 voluptatis.
968 1714 1086 1763 Quod
1118 1715 1271 1755 dicitur
1296 1730 1304 1756 ε

287 1786 409 1828 «Vidi
429 1788 584 1829 coelum
603 1799 764 1829 novum
780 1802 788 1837 ;
803 1801 821 1824 n
848 1786 1016 1827 Glossa:
1046 1802 1065 1824 α
1083 1786 1123 1827 ld
1143 1790 1218 1837 est,
1242 1787 1308 1827 in—

279 1855 499 1899 novatum.
519 1873 537 1896 n
569 1858 686 1906 Quod
708 1858 858 1898 dicitur
879 1869 889 1897 :
919 1873 938 1895 «
955 1856 1113 1897 Coelum
1136 1860 1176 1898 et
1195 1860 1307 1898 terra

279 1929 534 1978 transibunt,
557 1943 574 1965 1)
599 1928 741 1968 Glossa
761 1927 957 1980 exponit,
974 1940 997 1967 a
1011 1929 1146 1968 forma
1166 1931 1303 1969 muta-

278 1997 349 2037 bili
371 1999 421 2038 ad
442 1999 767 2039 immutabilem.

331 2071 369 2108 2.
392 2070 568 2122 Tempus
584 2069 810 2119 nascendi,
831 2071 910 2110 etc.
933 2069 1071 2121 Supra
1088 2069 1305 2121 proposuit

276 2140 602 2192 propositionem
617 2140 879 2192 generalem3
898 2139 967 2179 hic
987 2139 1135 2191 probat
1153 2139 1303 2179 camin

275 2209 443 2261 speciali
464 2210 699 2251 inducendo
716 2242 726 2261 ,
764 2210 986 2251 ostendens
1008 2210 1052 2249 in
1073 2210 1200 2250 rebus
1235 2209 1302 2249 di-

275 2292 416 2320 versas
452 2283 692 2334 temporum
724 2281 960 2321 varietates.
994 2280 1045 2320 Et
1081 2280 1174 2320 haec
1207 2291 1302 2332 pars

275 2349 402 2391 habet
431 2353 617 2403 quatuor
645 2354 783 2403 partes
807 2363 815 2388 :
838 2350 976 2402 primo
1002 2349 1196 2400 tangitur
1226 2362 1300 2390 va-

274 2421 400 2462 rietas
432 2425 692 2475 temporum,
727 2433 823 2474 quae
861 2421 1028 2473 respicit
1061 2423 1225 2470 ortum,
1261 2424 1301 2461 et

273 2502 482 2540 occasum;
501 2491 698 2540 secundo,
720 2503 814 2543 quae
833 2490 1003 2542 respicit
1019 2492 1191 2539 statum,
1213 2489 1271 2529 ihi
1288 2504 1296 2529 ε

279 2560 454 2613 Tempus
475 2561 633 2614 flendi,
667 2566 706 2603 et
733 2565 892 2613 tempus
923 2560 1097 2602 ridendi
1106 2573 1123 2612 ,·
1147 2561 1295 2610 tertio,

273 2631 343 2670 illa
375 2644 470 2683 quae
500 2632 667 2684 respicit
697 2643 849 2681 usum,
881 2631 939 2671 ibi
975 2644 984 2670 ε
1012 2631 1185 2683 Tempus
1215 2642 1299 2672 am-

269 2701 498 2752 plexandi,
519 2705 612 2752 etc.;
636 2705 801 2754 quarto,
825 2701 896 2741 illa
917 2713 1014 2753 quae
1037 2701 1206 2753 respicit
1226 2701 1299 2741 de-

272 2771 369 2811 1111εο
398 2771 729 2812 conversationis
756 2770 955 2820 modum,
987 2770 1044 2810 ibi
1074 2784 1082 2809 :
1121 2770 1298 2822 Tempus

273 2840 457 2889 tacendi,
485 2844 563 2881 etc.
587 2841 731 2881 Primo
760 2840 895 2892 igitur
919 2839 1200 2880 introducitur
1227 2840 1298 2880 illa

273 2910 467 2960 varietas,
490 2922 586 2962 quae
608 2911 777 2963 respicit
796 2913 937 2950 ortum
958 2921 1102 2950 rerum
1123 2912 1166 2949 et
1184 2922 1297 2950 occa-

272 2991 366 3020 sum
395 2980 474 3020 sub
501 2980 763 3032 quadruplici
784 2980 1043 3020 differentia:
1067 2981 1206 3032 primo
1225 2981 1295 3021 vi-

271 3050 487 3104 ventium;
508 3050 690 3091 secundo
707 3050 1033 3101 vegetabilium3
1055 3051 1179 3091 tertio
1199 3063 1294 3092 sen-

271 3120 455 3161 sibilium
474 3135 483 3170 ;
507 3123 657 3173 quarto
677 3118 975 3160 artificialium.

324 3190 538 3239 Quantum
557 3190 609 3230 ad
626 3192 769 3230 ortum
783 3191 823 3230 et
837 3200 1030 3230 occasum
1043 3190 1292 3240 viventium,

271 3260 369 3300 dicit
387 3260 444 3300 ibi
457 3272 545 3301 0550
559 3260 803 3300 varietatem
820 3291 831 3310 ‚
854 3270 950 3299 cum
969 3258 1068 3298 dicit
1088 3273 1095 3298 :
1118 3259 1294 3311 Tempus

271 3330 501 3378 nascendi,
537 3335 576 3372 ei
607 3333 767 3381 tempus
795 3328 1009 3371 moriendi
1018 3343 1028 3377 ;
1057 3331 1097 3369 et
1126 3329 1205 3369 hoc
1232 3332 1294 3370 est

313 3461 322 3481 ¹
344 3461 354 3491 l
375 3459 482 3499 Ioum,
503 3466 548 3499 11,
572 3459 665 3491 1Ἱ.-
684 3458 695 3476 ²
710 3457 846 3496 Mami„
862 3465 957 3496 xxiv,
975 3458 1027 3488 35.
1043 3474 1082 3480 -
1102 3458 1112 3475 ³
1130 3456 1203 3491 Job,
1222 3465 1294 3499 xiv,

274 3511 301 3539 i.
325 3525 364 3531 —
388 3507 400 3528 ’ν
427 3505 543 3546 Eccli.,
571 3513 633 3545 XL,
663 3507 691 3536 1.
712 3522 752 3528 —-
779 3506 792 3526 ⁵
820 3506 912 3545 Sap„
940 3512 972 3545 ν,
1003 3505 1052 3536 13.
1074 3521 1114 3527 —
1142 3504 1156 3524 ὃ
1174 3503 1292 3544 Eccli„

270 3562 340 3592 xiv,
362 3555 411 3586 19.
433 3570 472 3576 -
492 3553 501 3571 ⁷
522 3552 614 3588 Gen..
636 3559 673 3590 11,
695 3553 769 3582 8.-
791 3551 805 3573 ⁸
824 3551 914 3591 Luc„
933 3558 1010 3590 xm,
1031 3552 1063 3582 7.
1086 3568 1121 3573 -—
1147 3552 1158 3568 ⁹
1180 3551 1291 3590 Dent„

964 290 1231 332 Exposl‘rlo
1262 291 1313 332 ΙΝ
1343 291 1737 333 ECCLESIASTEN.

1389 381 1587 421 omnibus
1607 380 1872 430 viventibus,
1895 380 1995 432 quia
2023 380 2074 421 de
2095 381 2310 423 nativitate
2336 395 2408 425 ve-

1388 450 1507 491 nitur
1535 451 1586 491 ad
1617 453 1814 491 mortem.
1831 449 1844 472 ⁸
1861 464 1880 487 «
1897 449 2032 491 Ilomo
2068 454 2193 491 natus
2231 452 2283 493 de
2321 465 2412 494 mu-

1387 521 1503 571 liere,
1524 521 1644 561 brevi
1667 522 1814 561 vivens
1833 524 2037 574 tempore,
2061 522 2250 575 repletur
2267 524 2412 564 multis

1387 593 1581 632 miseriis,
1606 606 1624 628 »
1672 591 1721 632 Et
1750 592 1763 613 '⁰
1798 606 1805 631 :
1855 607 1874 629 <‹
1905 591 2129 644 Occupatio
2163 593 2213 644 (α)
2251 605 2412 645 magna

1387 666 1525 703 creata
1553 665 1614 702 cst
1635 674 1762 713 super
1794 662 1900 702 filios
1922 662 2056 702 Adam
2071 694 2083 712 ,
2119 675 2144 702 a
2165 663 2231 703 die
2268 663 2412 705 exitus

1387 734 1436 774 de
1474 735 1621 773 ventre
1654 732 1801 772 matris
1838 744 1985 772 eorum
2011 765 2020 782 ‚
2060 745 2198 785 usque
2227 733 2271 773 iu
2299 734 2411 775 diem

1386 802 1616 854 sepulturce
1656 801 1699 841 in
1739 803 1920 842 matrem
1956 802 2166 843 omnium.
2198 817 2217 840 >³
2255 801 2305 844 Et
2340 807 2354 828 ⁵
2396 818 2404 844 :

1393 888 1410 909 «
1427 872 1509 912 Nos
1530 871 1615 911 uati
1637 872 1837 912 continuo
1857 871 2088 912 desinimus
2116 884 2220 912 esse.
2241 887 2260 910 >³
2287 872 2338 913 Et
2354 874 2368 895 ⁶
2397 884 2410 914 t

1391 941 1523 982 «Alia
1554 945 1826 993 generantur,
1857 945 1898 981 et
1925 942 2006 982 alia
2039 943 2323 995 dejiciuntur:
2354 944 2412 984 510

1385 1013 1604 1064 generatio
1637 1012 1775 1052 carnis
1803 1015 1844 1052 et
1863 1011 2106 1064 sanguinis,
2137 1013 2219 1054 alia
2247 1014 2408 1065 finitur,

1385 1085 1425 1122 et
1444 1083 1527 1122 alia
1546 1082 1748 1122 nascitur.
1767 1096 1786 1119 »

1440 1153 1655 1201 Quantum
1675 1153 1726 1193 ad
1747 1154 1887 1193 ortum
1918 1152 2224 1204 vegetabilium
2240 1184 2252 1203 ,
2276 1153 2376 1195 dicit
2397 1168 2406 1194 :

1390 1223 1566 1275 Tempus
1590 1222 1843 1275 plcmiaudi3
1872 1226 2083 1276 quantum
2108 1223 2160 1264 ad
2180 1235 2376 1265 occasum
2397 1238 2405 1264 ε

1388 1294 1566 1346 Tempus
1611 1293 1816 1336 evellendi
1871 1294 1984 1346 quod
2019 1294 2264 1346 plantatum
2302 1298 2360 1337 est
2377 1300 2406 1335 ⁷.

1390 1379 1408 1401 «
1429 1364 1697 1406 Planvaterat
1718 1364 1918 1404 Dominus
1947 1364 2057 1404 Deus
2074 1364 2317 1416 paradisum
2337 1376 2410 1406 vo-

1382 1434 1566 1486 luptatis.
1587 1449 1606 1471 »
1625 1434 1706 1475 Sed
1726 1438 1886 1487 tempus
1906 1434 2112 1476 evellendi
2126 1434 2406 1484 infructuosa;

1382 1505 1495 1545 unde
1515 1504 1528 1526 ⁸
1552 1519 1560 1544 ε
1584 1504 1713 1545 «Εοοο
1734 1507 1818 1545 tres
1839 1505 1940 1544 anni
1960 1507 2082 1553 sunt,
2104 1517 2157 1545 ex
2177 1517 2264 1557 quo
2284 1505 2409 1546 venio

1384 1587 1579 1626 quaerens
1598 1575 1781 1615 fructum
1808 1575 1852 1614 in
1871 1575 1948 1615 hac
1968 1576 2076 1626 ficu,
2110 1578 2151 1616 et
2170 1587 2257 1616 non
2287 1575 2407 1618 inve-

1382 1644 1453 1685 nio
1476 1659 1484 1685 :
1508 1645 1673 1685 succide
1693 1657 1796 1696 ergo
1824 1644 1957 1685 illam.
1981 1659 2000 1682 ›)

1436 1714 1648 1762 Quantum
1680 1715 1733 1755 ad
1760 1718 1898 1755 ortum
1933 1717 1974 1755 et
2002 1726 2196 1755 occasum
2231 1715 2408 1756 sensibi-

1380 1784 1502 1839 lium,
1525 1785 1665 1825 subdit
1687 1786 1741 1837 (V.
1760 1786 1794 1837 3)
1817 1799 1825 1825 :
1853 1785 2029 1837 Tempus
2048 1784 2287 1835 occidendi,
2303 1789 2404 1836 etc.;

1383 1856 1424 1894 et
1443 1855 1737 1906 praemittitur:
1765 1856 1937 1907 Tempus
1955 1855 2191 1905 occidendi,
2213 1858 2254 1896 et
2273 1855 2409 1908 sequi-

1379 1927 1476 1964 tur:
1504 1925 1680 1977 Tempus
1708 1925 1920 1975 sanandi,
1947 1927 2117 1978 propter
2144 1926 2301 1965 statum
2327 1937 2407 1966 na·-

1379 1997 1486 2036 turae
1513 1997 1743 2048 corruptae,
1766 2006 1864 2047 quae
1889 1995 2030 2047 magis
2060 1995 2248 2044 inolevit,
2269 1997 2317 2036 ut
2336 2007 2404 2036 sa-

1378 2065 1489 2105 nitas
1508 2077 1594 2106 non
1608 2066 1761 2106 habeat
1779 2065 1936 2106 locum.
1953 2065 2010 2105 De
2022 2065 2102 2106 hac
2120 2065 2352 2107 variatione
2365 2069 2400 2106 ⁹:

1384 2150 1403 2173 «
1425 2135 1518 2187 Ego
1537 2135 1739 2185 occidam,
1759 2138 1799 2176 et
1818 2147 1899 2187 ego
1919 2135 2062 2177 vivere
2080 2136 2245 2177 faciam.
2266 2150 2286 2174 ›)

1433 2205 1647 2253 Quantum
1674 2206 1725 2246 ad
1748 2208 1890 2246 ortum
1919 2208 1959 2246 ct
1989 2218 2183 2247 occasum
2209 2205 2405 2247 artificia-

1377 2275 1507 2326 lium,
1539 2276 1678 2316 subdit
1709 2279 1887 2328 quarto:
1931 2276 2105 2328 Tempus
2133 2276 2402 2327 destruendi,

1376 2358 1470 2387 ecce
1501 2358 1692 2396 occasus3
1724 2347 1779 2387 Et
1811 2351 1970 2399 tempus
2002 2345 2277 2397 (edificandi,
2311 2358 2405 2388 0000

1377 2416 1620 2457 reformatio
1646 2416 1860 2457 destructi.
1896 2416 2156 2458 Destruenda
2193 2419 2291 2457 sunt
2318 2416 2406 2457 rui-

1376 2499 1481 2527 nosa
1499 2487 1551 2526 ¹0:
1576 2501 1596 2524 «
1615 2485 1707 2527 Non
1737 2487 2000 2539 relinquetur
2019 2487 2062 2527 in
2082 2489 2122 2528 te
2150 2486 2256 2539 lapis
2279 2498 2406 2540 super

1374 2557 1570 2609 lapidem.
1599 2571 1618 2595 »
1654 2557 1828 2609 Tempus
1853 2557 2127 2609 (edificandi,
2157 2569 2257 2597 cum
2290 2556 2406 2597 adest

1375 2640 1518 2668 rerum
1538 2627 1658 2680 copia
1678 2628 1729 2667 ¹¹:
1759 2642 1778 2666 «
1798 2627 2019 2668 Destruam
2048 2628 2202 2669 horrea
2226 2638 2344 2677 mea,
2364 2628 2406 2667 et

1374 2710 1522 2738 rursus
1541 2698 1690 2738 faciam
1706 2699 1880 2750 majora.
1903 2712 1922 2736 »
1947 2698 1975 2722 ¹²
1993 2713 2012 2736 «
2032 2697 2198 2738 Portate
2215 2697 2400 2749 lignum,

1374 2769 1578 2809 aedificate
1598 2768 1789 2818 domum,
1807 2771 1847 2808 et
1868 2767 2132 2820 acceptabilis
2145 2768 2224 2808 erit
2239 2766 2361 2807 mihi.
2376 2779 2396 2804 1)

1375 2837 1425 2877 Et
1445 2838 1503 2878 sic
1521 2850 1608 2878 non
1629 2840 1690 2878 est
1710 2840 1842 2878 status
1861 2838 1906 2877 in
1926 2849 2072 2878 rerum
2091 2848 2286 2888 egressu.

1425 2910 1464 2947 4.
1505 2908 1679 2960 Tempus
1717 2907 1871 2958 flendi,
1903 2909 1981 2947 etc.
2022 2906 2161 2948 Posita
2202 2905 2403 2948 varietate

1372 2981 1628 3030 temporum,
1644 2989 1741 3030 quae
1760 2977 1928 3030 respicit
1948 2979 2089 3018 ortum
2107 2988 2253 3018 rerum
2272 2979 2400 3018 0100-

1372 3060 1533 3098 casum,
1557 3048 1727 3101 ponitur
1747 3047 1817 3088 hic
1835 3047 2017 3089 varietas
2036 3050 2292 3100 temporum,
2305 3058 2402 3100 quae

1371 3118 1537 3170 respicit
1552 3120 1723 3168 statum,
1742 3119 1887 3170 utpote
1900 3117 2188 3170 prosperitatis
2206 3119 2247 3158 et
2258 3117 2404 3159 adver-

1371 3188 1517 3228 sitatis.
1537 3188 1588 3229 Et
1600 3188 1681 3228 hoc
1705 3187 1932 3228 attenditur
1948 3188 2181 3229 secundum
2194 3187 2402 3241 triplicem

1371 3258 1655 3299 differentiam
1668 3289 1679 3308 ,
1709 3257 1866 3298 scilicet
1883 3257 2183 3310 prosperitatiS‚
2199 3256 2402 3309 jucundi-

1372 3328 1484 3378 tatis,
1498 3330 1540 3369 et
1562 3327 1812 3378 securitatiS,
1839 3330 1880 3368 et
1899 3338 2076 3368 suorum
2094 3326 2398 3380 oppositorum.

1371 3446 1485 3479 xxxu,
1506 3440 1561 3471 39.
1587 3455 1627 3461 —
1645 3439 1667 3457 ¹⁰
1687 3439 1778 3479 Luc„
1799 3446 1897 3479 xxix,
1918 3439 1968 3470 44.
1987 3454 2027 3461 -
2051 3437 2077 3459 ¹¹
2094 3437 2184 3476 Luc„
2204 3443 2268 3476 xii,
2291 3438 2340 3470 18.
2362 3455 2398 3460 -—

1371 3486 1395 3505 ¹²
1419 3486 1518 3528 qu„
1541 3494 1568 3527 1,
1588 3488 1619 3518 8.

1413 3551 1455 3591 (a)
1476 3551 1555 3583 Caet.
1575 3550 1654 3583 edit.
1673 3550 1822 3583 occasio.
