<?xml version="1.0" encoding="UTF-8"?>
<!DOCTYPE html PUBLIC "-//W3C//DTD XHTML 1.0 Transitional//EN"
    "http://www.w3.org/TR/xhtml1/DTD/xhtml1-transitional.dtd">
<html xmlns="http://www.w3.org/1999/xhtml" xml:lang="en" lang="en">
 <head>
  <title>
</title>
<meta http-equiv="Content-Type" content="text/html;charset=utf-8" />
  <meta name='ocr-system' content='tesseract 3.04.00' />
  <meta name='ocr-capabilities' content='ocr_page ocr_carea ocr_par ocr_line ocrx_word'/>
</head>
<body>
  <div class='ocr_page' id='page_1' title='image "./operaomniasixtiv09bonauoft/operaomniasixtiv09bonauoft_0105.png"; bbox 0 0 2633 3878; ppageno 0'>
   <div class='ocr_carea' id='block_1_1' title="bbox 872 200 1619 249">
    <p class='ocr_par' dir='ltr' id='par_1_1' title="bbox 872 200 1619 249">
     <span class='ocr_line' id='line_1_1' title="bbox 872 200 1619 249; baseline 0.005 -4"><span class='ocrx_word' id='word_1_1' title='bbox 872 201 927 245; x_wconf 94' lang='lat' dir='ltr'>IN</span> <span class='ocrx_word' id='word_1_2' title='bbox 954 200 1334 248; x_wconf 87' lang='lat' dir='ltr'>HEXAEMERON.</span> <span class='ocrx_word' id='word_1_3' title='bbox 1365 202 1541 247; x_wconf 90' lang='lat' dir='ltr'>SERMO</span> <span class='ocrx_word' id='word_1_4' title='bbox 1569 205 1619 249; x_wconf 87' lang='lat' dir='ltr'>X.</span> 
     </span>
    </p>
   </div>
   <div class='ocr_carea' id='block_1_2' title="bbox 169 292 1211 3360">
    <p class='ocr_par' dir='ltr' id='par_1_2' title="bbox 169 292 1211 3360">
     <span class='ocr_line' id='line_1_2' title="bbox 174 292 1206 346; baseline -0.003 -10"><span class='ocrx_word' id='word_1_5' title='bbox 174 292 412 346; x_wconf 84' lang='lat' dir='ltr'>efficientis,</span> <span class='ocrx_word' id='word_1_6' title='bbox 434 295 483 336; x_wconf 87' lang='lat' dir='ltr'>ut</span> <span class='ocrx_word' id='word_1_7' title='bbox 515 293 707 337; x_wconf 88' lang='lat' dir='ltr'>veritatis</span> <span class='ocrx_word' id='word_1_8' title='bbox 740 292 991 345; x_wconf 82' lang='lat' dir='ltr'>reficientiS,</span> <span class='ocrx_word' id='word_1_9' title='bbox 1023 294 1074 334; x_wconf 89' lang='lat' dir='ltr'>ut</span> <span class='ocrx_word' id='word_1_10' title='bbox 1092 293 1206 335; x_wconf 88' lang='lat' dir='ltr'>veri-</span> 
     </span>
     <span class='ocr_line' id='line_1_3' title="bbox 173 362 1206 419; baseline -0.004 -11"><span class='ocrx_word' id='word_1_11' title='bbox 173 365 271 409; x_wconf 84' lang='lat' dir='ltr'>tatis</span> <span class='ocrx_word' id='word_1_12' title='bbox 289 365 560 419; x_wconf 86' lang='lat' dir='ltr'>perficientis.</span> <span class='ocrx_word' id='word_1_13' title='bbox 584 364 637 406; x_wconf 90' lang='lat' dir='ltr'>Ut</span> <span class='ocrx_word' id='word_1_14' title='bbox 656 362 843 405; x_wconf 86' lang='lat' dir='ltr'>veritatis</span> <span class='ocrx_word' id='word_1_15' title='bbox 868 364 1179 417; x_wconf 84' lang='lat' dir='ltr'>praeexistentis</span> <span class='ocrx_word' id='word_1_16' title='bbox 1196 396 1206 414; x_wconf 92' lang='lat'>,</span> 
     </span>
     <span class='ocr_line' id='line_1_4' title="bbox 173 434 1208 491; baseline -0.003 -11"><span class='ocrx_word' id='word_1_17' title='bbox 173 438 393 491; x_wconf 79' lang='lat' dir='ltr'>tripliciter</span> <span class='ocrx_word' id='word_1_18' title='bbox 415 451 424 478; x_wconf 93' lang='lat'>:</span> <span class='ocrx_word' id='word_1_19' title='bbox 446 436 515 480; x_wconf 80' lang='lat' dir='ltr'>vel</span> <span class='ocrx_word' id='word_1_20' title='bbox 545 436 755 489; x_wconf 87' lang='lat' dir='ltr'>quantum</span> <span class='ocrx_word' id='word_1_21' title='bbox 786 434 839 476; x_wconf 87' lang='lat' dir='ltr'>ad</span> <span class='ocrx_word' id='word_1_22' title='bbox 868 436 1093 476; x_wconf 77' lang='lat' dir='ltr'>essentiam</span> <span class='ocrx_word' id='word_1_23' title='bbox 1109 467 1121 486; x_wconf 89' lang='lat'>,</span> <span class='ocrx_word' id='word_1_24' title='bbox 1142 436 1208 477; x_wconf 89' lang='lat' dir='ltr'>vel</span> 
     </span>
     <span class='ocr_line' id='line_1_5' title="bbox 174 506 1209 564; baseline -0.003 -13"><span class='ocrx_word' id='word_1_25' title='bbox 174 512 383 564; x_wconf 88' lang='lat' dir='ltr'>quantum</span> <span class='ocrx_word' id='word_1_26' title='bbox 406 508 457 549; x_wconf 93' lang='lat' dir='ltr'>ad</span> <span class='ocrx_word' id='word_1_27' title='bbox 478 506 768 549; x_wconf 87' lang='lat' dir='ltr'>excellentiam</span> <span class='ocrx_word' id='word_1_28' title='bbox 782 539 794 557; x_wconf 88' lang='lat'><em>‚</em></span> <span class='ocrx_word' id='word_1_29' title='bbox 816 507 884 549; x_wconf 88' lang='lat' dir='ltr'>vel</span> <span class='ocrx_word' id='word_1_30' title='bbox 914 510 1076 560; x_wconf 87' lang='lat' dir='ltr'>quantu</span> <span class='ocrx_word' id='word_1_31' title='bbox 1086 520 1125 547; x_wconf 88' lang='lat' dir='ltr'>m</span> <span class='ocrx_word' id='word_1_32' title='bbox 1157 506 1209 548; x_wconf 90' lang='lat' dir='ltr'>ad</span> 
     </span>
     <span class='ocr_line' id='line_1_6' title="bbox 172 578 1207 633; baseline -0.006 -9"><span class='ocrx_word' id='word_1_33' title='bbox 172 580 491 633; x_wconf 76' lang='lat' dir='ltr'>refulgentiam.</span> <span class='ocrx_word' id='word_1_34' title='bbox 524 578 668 620; x_wconf 88' lang='lat' dir='ltr'>Primo</span> <span class='ocrx_word' id='word_1_35' title='bbox 688 609 700 628; x_wconf 94' lang='lat'>,</span> <span class='ocrx_word' id='word_1_36' title='bbox 734 581 943 632; x_wconf 87' lang='lat' dir='ltr'>quantum</span> <span class='ocrx_word' id='word_1_37' title='bbox 979 579 1032 620; x_wconf 88' lang='lat' dir='ltr'>ad</span> <span class='ocrx_word' id='word_1_38' title='bbox 1062 591 1207 620; x_wconf 90' lang='lat' dir='ltr'>essen-</span> 
     </span>
     <span class='ocr_line' id='line_1_7' title="bbox 172 650 1209 705; baseline -0.002 -11"><span class='ocrx_word' id='word_1_39' title='bbox 172 653 274 694; x_wconf 87' lang='lat' dir='ltr'>tiam</span> <span class='ocrx_word' id='word_1_40' title='bbox 295 654 370 703; x_wconf 85' lang='lat' dir='ltr'>(a),</span> <span class='ocrx_word' id='word_1_41' title='bbox 392 651 491 693; x_wconf 86' lang='lat' dir='ltr'>Esse</span> <span class='ocrx_word' id='word_1_42' title='bbox 512 650 626 691; x_wconf 87' lang='lat' dir='ltr'>enim</span> <span class='ocrx_word' id='word_1_43' title='bbox 648 650 720 691; x_wconf 91' lang='lat' dir='ltr'>Dei</span> <span class='ocrx_word' id='word_1_44' title='bbox 746 651 938 704; x_wconf 87' lang='lat' dir='ltr'>primum</span> <span class='ocrx_word' id='word_1_45' title='bbox 970 655 1032 692; x_wconf 90' lang='lat' dir='ltr'>est</span> <span class='ocrx_word' id='word_1_46' title='bbox 1051 684 1061 702; x_wconf 87' lang='lat'>,</span> <span class='ocrx_word' id='word_1_47' title='bbox 1094 651 1209 705; x_wconf 84' lang='lat' dir='ltr'>quod</span> 
     </span>
     <span class='ocr_line' id='line_1_8' title="bbox 171 722 1206 777; baseline -0.003 -12"><span class='ocrx_word' id='word_1_48' title='bbox 171 725 289 766; x_wconf 88' lang='lat' dir='ltr'>venit</span> <span class='ocrx_word' id='word_1_49' title='bbox 306 724 349 764; x_wconf 93' lang='lat' dir='ltr'>in</span> <span class='ocrx_word' id='word_1_50' title='bbox 366 724 520 764; x_wconf 87' lang='lat' dir='ltr'>mente.</span> <span class='ocrx_word' id='word_1_51' title='bbox 535 722 653 764; x_wconf 87' lang='lat' dir='ltr'>Unde</span> <span class='ocrx_word' id='word_1_52' title='bbox 667 723 819 764; x_wconf 79' lang='lat' dir='ltr'>dicitur</span> <span class='ocrx_word' id='word_1_53' title='bbox 833 723 968 777; x_wconf 85' lang='lat' dir='ltr'>Moysi</span> <span class='ocrx_word' id='word_1_54' title='bbox 985 723 1206 777; x_wconf 70' lang='lat' dir='ltr'>quaerenti,</span> 
     </span>
     <span class='ocr_line' id='line_1_9' title="bbox 171 794 1209 850; baseline 0 -14"><span class='ocrx_word' id='word_1_55' title='bbox 171 795 285 850; x_wconf 88' lang='lat' dir='ltr'>quod</span> <span class='ocrx_word' id='word_1_56' title='bbox 311 807 468 836; x_wconf 87' lang='lat' dir='ltr'>nomen</span> <span class='ocrx_word' id='word_1_57' title='bbox 497 794 569 836; x_wconf 90' lang='lat' dir='ltr'>Dei</span> <span class='ocrx_word' id='word_1_58' title='bbox 598 798 735 836; x_wconf 90' lang='lat' dir='ltr'>esset:</span> <span class='ocrx_word' id='word_1_59' title='bbox 767 797 984 849; x_wconf 81' lang='lat' dir='ltr'>respondit</span> <span class='ocrx_word' id='word_1_60' title='bbox 1006 799 1015 818; x_wconf 90' lang='lat'><strong>¹</strong></span> <span class='ocrx_word' id='word_1_61' title='bbox 1040 811 1048 837; x_wconf 90' lang='lat'><strong>:</strong></span> <span class='ocrx_word' id='word_1_62' title='bbox 1077 812 1096 835; x_wconf 88' lang='lat'>«</span> <span class='ocrx_word' id='word_1_63' title='bbox 1118 796 1209 848; x_wconf 87' lang='lat' dir='ltr'>Ego</span> 
     </span>
     <span class='ocr_line' id='line_1_10' title="bbox 171 866 1210 922; baseline 0 -14"><span class='ocrx_word' id='word_1_64' title='bbox 171 879 288 917; x_wconf 88' lang='lat' dir='ltr'>sum,</span> <span class='ocrx_word' id='word_1_65' title='bbox 319 868 393 920; x_wconf 91' lang='lat' dir='ltr'>qui</span> <span class='ocrx_word' id='word_1_66' title='bbox 426 879 539 908; x_wconf 91' lang='lat' dir='ltr'>sum.</span> <span class='ocrx_word' id='word_1_67' title='bbox 568 881 587 904; x_wconf 86' lang='lat'>»</span> <span class='ocrx_word' id='word_1_68' title='bbox 614 866 665 907; x_wconf 90' lang='lat' dir='ltr'>Et</span> <span class='ocrx_word' id='word_1_69' title='bbox 699 867 745 907; x_wconf 90' lang='lat' dir='ltr'>in</span> <span class='ocrx_word' id='word_1_70' title='bbox 776 867 857 909; x_wconf 93' lang='lat' dir='ltr'>hoc</span> <span class='ocrx_word' id='word_1_71' title='bbox 888 868 1210 922; x_wconf 88' lang='lat' dir='ltr'>comprehendit</span> 
     </span>
     <span class='ocr_line' id='line_1_11' title="bbox 171 938 1208 993; baseline 0 -13"><span class='ocrx_word' id='word_1_72' title='bbox 171 938 379 992; x_wconf 86' lang='lat' dir='ltr'>quidquid</span> <span class='ocrx_word' id='word_1_73' title='bbox 399 941 484 989; x_wconf 86' lang='lat' dir='ltr'>est,</span> <span class='ocrx_word' id='word_1_74' title='bbox 507 938 595 979; x_wconf 90' lang='lat' dir='ltr'>sive</span> <span class='ocrx_word' id='word_1_75' title='bbox 624 938 807 989; x_wconf 85' lang='lat' dir='ltr'>bonum,</span> <span class='ocrx_word' id='word_1_76' title='bbox 836 939 923 980; x_wconf 90' lang='lat' dir='ltr'>sive</span> <span class='ocrx_word' id='word_1_77' title='bbox 944 942 1108 993; x_wconf 85' lang='lat' dir='ltr'>potens.</span> <span class='ocrx_word' id='word_1_78' title='bbox 1131 939 1208 980; x_wconf 90' lang='lat' dir='ltr'>Se-</span> 
     </span>
     <span class='ocr_line' id='line_1_12' title="bbox 171 1009 1210 1062; baseline 0.002 -12"><span class='ocrx_word' id='word_1_79' title='bbox 171 1009 331 1060; x_wconf 89' lang='lat' dir='ltr'>cundo,</span> <span class='ocrx_word' id='word_1_80' title='bbox 355 1012 563 1061; x_wconf 89' lang='lat' dir='ltr'>quantum</span> <span class='ocrx_word' id='word_1_81' title='bbox 594 1010 646 1050; x_wconf 90' lang='lat' dir='ltr'>ad</span> <span class='ocrx_word' id='word_1_82' title='bbox 677 1010 1001 1062; x_wconf 87' lang='lat' dir='ltr'>excellentiam,</span> <span class='ocrx_word' id='word_1_83' title='bbox 1021 1014 1070 1052; x_wconf 91' lang='lat' dir='ltr'>ut</span> <span class='ocrx_word' id='word_1_84' title='bbox 1100 1011 1210 1052; x_wconf 89' lang='lat' dir='ltr'>Deus</span> 
     </span>
     <span class='ocr_line' id='line_1_13' title="bbox 170 1081 1207 1135; baseline 0 -12"><span class='ocrx_word' id='word_1_85' title='bbox 170 1093 305 1132; x_wconf 90' lang='lat' dir='ltr'>unus,</span> <span class='ocrx_word' id='word_1_86' title='bbox 329 1081 488 1134; x_wconf 90' lang='lat' dir='ltr'>trinus,</span> <span class='ocrx_word' id='word_1_87' title='bbox 510 1083 552 1122; x_wconf 86' lang='lat' dir='ltr'>et</span> <span class='ocrx_word' id='word_1_88' title='bbox 575 1093 719 1123; x_wconf 63' lang='lat' dir='ltr'>verus</span> <span class='ocrx_word' id='word_1_89' title='bbox 741 1081 882 1123; x_wconf 87' lang='lat' dir='ltr'>Tertio</span> <span class='ocrx_word' id='word_1_90' title='bbox 916 1085 1128 1135; x_wconf 87' lang='lat' dir='ltr'>quantum</span> <span class='ocrx_word' id='word_1_91' title='bbox 1157 1082 1207 1123; x_wconf 89' lang='lat' dir='ltr'>ad</span> 
     </span>
     <span class='ocr_line' id='line_1_14' title="bbox 170 1154 1209 1208; baseline 0.001 -13"><span class='ocrx_word' id='word_1_92' title='bbox 170 1154 496 1207; x_wconf 80' lang='lat' dir='ltr'>refulgentiam,</span> <span class='ocrx_word' id='word_1_93' title='bbox 514 1157 564 1196; x_wconf 88' lang='lat' dir='ltr'>ut</span> <span class='ocrx_word' id='word_1_94' title='bbox 583 1155 800 1208; x_wconf 80' lang='lat' dir='ltr'>exemplar</span> <span class='ocrx_word' id='word_1_95' title='bbox 818 1168 981 1197; x_wconf 88' lang='lat' dir='ltr'>rerum.</span> <span class='ocrx_word' id='word_1_96' title='bbox 1005 1155 1047 1197; x_wconf 89' lang='lat' dir='ltr'>Si</span> <span class='ocrx_word' id='word_1_97' title='bbox 1065 1159 1209 1197; x_wconf 86' lang='lat' dir='ltr'>autem</span> 
     </span>
     <span class='ocr_line' id='line_1_15' title="bbox 171 1226 1209 1278; baseline 0 -11"><span class='ocrx_word' id='word_1_98' title='bbox 171 1226 461 1268; x_wconf 80' lang='lat' dir='ltr'>consideratur</span> <span class='ocrx_word' id='word_1_99' title='bbox 480 1230 528 1267; x_wconf 89' lang='lat' dir='ltr'>ut</span> <span class='ocrx_word' id='word_1_100' title='bbox 547 1226 714 1267; x_wconf 86' lang='lat' dir='ltr'>claritas</span> <span class='ocrx_word' id='word_1_101' title='bbox 729 1227 937 1278; x_wconf 85' lang='lat' dir='ltr'>efficiens,</span> <span class='ocrx_word' id='word_1_102' title='bbox 955 1228 1036 1268; x_wconf 84' lang='lat' dir='ltr'>hoc</span> <span class='ocrx_word' id='word_1_103' title='bbox 1056 1230 1118 1268; x_wconf 89' lang='lat' dir='ltr'>est</span> <span class='ocrx_word' id='word_1_104' title='bbox 1136 1226 1209 1267; x_wconf 88' lang='lat' dir='ltr'>tri-</span> 
     </span>
     <span class='ocr_line' id='line_1_16' title="bbox 170 1297 1206 1352; baseline 0 -13"><span class='ocrx_word' id='word_1_105' title='bbox 170 1297 335 1352; x_wconf 83' lang='lat' dir='ltr'>pliciter</span> <span class='ocrx_word' id='word_1_106' title='bbox 358 1313 366 1337; x_wconf 87' lang='lat'>:</span> <span class='ocrx_word' id='word_1_107' title='bbox 391 1301 465 1339; x_wconf 90' lang='lat' dir='ltr'>aut</span> <span class='ocrx_word' id='word_1_108' title='bbox 495 1298 538 1339; x_wconf 91' lang='lat' dir='ltr'>in</span> <span class='ocrx_word' id='word_1_109' title='bbox 559 1301 768 1352; x_wconf 88' lang='lat' dir='ltr'>quantum</span> <span class='ocrx_word' id='word_1_110' title='bbox 794 1299 966 1340; x_wconf 82' lang='lat' dir='ltr'>inchoat</span> <span class='ocrx_word' id='word_1_111' title='bbox 985 1302 1180 1340; x_wconf 87' lang='lat' dir='ltr'>naturam</span> <span class='ocrx_word' id='word_1_112' title='bbox 1196 1331 1206 1351; x_wconf 89' lang='lat'>,</span> 
     </span>
     <span class='ocr_line' id='line_1_17' title="bbox 171 1370 1209 1424; baseline -0.001 -12"><span class='ocrx_word' id='word_1_113' title='bbox 171 1370 261 1412; x_wconf 87' lang='lat' dir='ltr'>sive</span> <span class='ocrx_word' id='word_1_114' title='bbox 279 1370 517 1420; x_wconf 82' lang='lat' dir='ltr'>mundum3</span> <span class='ocrx_word' id='word_1_115' title='bbox 540 1373 614 1411; x_wconf 89' lang='lat' dir='ltr'>aut</span> <span class='ocrx_word' id='word_1_116' title='bbox 642 1370 688 1411; x_wconf 88' lang='lat' dir='ltr'>in</span> <span class='ocrx_word' id='word_1_117' title='bbox 715 1373 926 1424; x_wconf 89' lang='lat' dir='ltr'>quantum</span> <span class='ocrx_word' id='word_1_118' title='bbox 957 1370 1005 1423; x_wconf 76' lang='lat' dir='ltr'>(b)</span> <span class='ocrx_word' id='word_1_119' title='bbox 1028 1371 1209 1412; x_wconf 86' lang='lat' dir='ltr'>illustrat</span> 
     </span>
     <span class='ocr_line' id='line_1_18' title="bbox 173 1442 1208 1497; baseline 0.001 -14"><span class='ocrx_word' id='word_1_120' title='bbox 173 1442 462 1493; x_wconf 81' lang='lat' dir='ltr'>indnstriam3</span> <span class='ocrx_word' id='word_1_121' title='bbox 499 1445 571 1484; x_wconf 90' lang='lat' dir='ltr'>aut</span> <span class='ocrx_word' id='word_1_122' title='bbox 608 1443 652 1483; x_wconf 92' lang='lat' dir='ltr'>in</span> <span class='ocrx_word' id='word_1_123' title='bbox 690 1446 902 1496; x_wconf 80' lang='lat' dir='ltr'>quantum</span> <span class='ocrx_word' id='word_1_124' title='bbox 941 1444 985 1497; x_wconf 82' lang='lat' dir='ltr'>(c)</span> <span class='ocrx_word' id='word_1_125' title='bbox 1026 1443 1208 1497; x_wconf 80' lang='lat' dir='ltr'>inspirat</span> 
     </span>
     <span class='ocr_line' id='line_1_19' title="bbox 171 1514 1211 1567; baseline 0.001 -12"><span class='ocrx_word' id='word_1_126' title='bbox 171 1515 371 1567; x_wconf 80' lang='lat' dir='ltr'>gratiam.</span> <span class='ocrx_word' id='word_1_127' title='bbox 396 1514 447 1555; x_wconf 74' lang='lat' dir='ltr'>Ut</span> <span class='ocrx_word' id='word_1_128' title='bbox 466 1514 527 1565; x_wconf 83' lang='lat' dir='ltr'>(d)</span> <span class='ocrx_word' id='word_1_129' title='bbox 549 1515 719 1555; x_wconf 81' lang='lat' dir='ltr'>inchoat</span> <span class='ocrx_word' id='word_1_130' title='bbox 738 1518 950 1566; x_wconf 84' lang='lat' dir='ltr'>naturam,</span> <span class='ocrx_word' id='word_1_131' title='bbox 977 1516 1067 1556; x_wconf 86' lang='lat' dir='ltr'>sive</span> <span class='ocrx_word' id='word_1_132' title='bbox 1086 1528 1211 1556; x_wconf 89' lang='lat' dir='ltr'>mun-</span> 
     </span>
     <span class='ocr_line' id='line_1_20' title="bbox 171 1586 1208 1640; baseline 0.003 -14"><span class='ocrx_word' id='word_1_133' title='bbox 171 1586 302 1636; x_wconf 90' lang='lat' dir='ltr'>dum,</span> <span class='ocrx_word' id='word_1_134' title='bbox 337 1586 450 1640; x_wconf 87' lang='lat' dir='ltr'>quod</span> <span class='ocrx_word' id='word_1_135' title='bbox 484 1598 570 1629; x_wconf 92' lang='lat' dir='ltr'>non</span> <span class='ocrx_word' id='word_1_136' title='bbox 602 1587 739 1628; x_wconf 88' lang='lat' dir='ltr'>solum</span> <span class='ocrx_word' id='word_1_137' title='bbox 771 1590 835 1628; x_wconf 92' lang='lat' dir='ltr'>est</span> <span class='ocrx_word' id='word_1_138' title='bbox 869 1587 1068 1628; x_wconf 89' lang='lat' dir='ltr'>credibile</span> <span class='ocrx_word' id='word_1_139' title='bbox 1092 1619 1104 1638; x_wconf 95' lang='lat'>,</span> <span class='ocrx_word' id='word_1_140' title='bbox 1135 1588 1208 1629; x_wconf 88' lang='lat' dir='ltr'>sed</span> 
     </span>
     <span class='ocr_line' id='line_1_21' title="bbox 170 1657 1206 1711; baseline 0 -13"><span class='ocrx_word' id='word_1_141' title='bbox 170 1657 298 1699; x_wconf 87' lang='lat' dir='ltr'>etiam</span> <span class='ocrx_word' id='word_1_142' title='bbox 325 1657 607 1711; x_wconf 82' lang='lat' dir='ltr'>intelligibile.</span> <span class='ocrx_word' id='word_1_143' title='bbox 630 1658 683 1699; x_wconf 89' lang='lat' dir='ltr'>Ut</span> <span class='ocrx_word' id='word_1_144' title='bbox 709 1658 894 1699; x_wconf 89' lang='lat' dir='ltr'>illustrat</span> <span class='ocrx_word' id='word_1_145' title='bbox 923 1659 1206 1710; x_wconf 79' lang='lat' dir='ltr'>industriam3</span> 
     </span>
     <span class='ocr_line' id='line_1_22' title="bbox 170 1729 1208 1772; baseline 0.002 -3"><span class='ocrx_word' id='word_1_146' title='bbox 170 1731 211 1770; x_wconf 88' lang='lat' dir='ltr'>et</span> <span class='ocrx_word' id='word_1_147' title='bbox 230 1729 290 1769; x_wconf 99' lang='grc'>510</span> <span class='ocrx_word' id='word_1_148' title='bbox 308 1729 461 1770; x_wconf 86' lang='lat' dir='ltr'>format</span> <span class='ocrx_word' id='word_1_149' title='bbox 477 1730 666 1771; x_wconf 89' lang='lat' dir='ltr'>animam</span> <span class='ocrx_word' id='word_1_150' title='bbox 687 1730 925 1771; x_wconf 87' lang='lat' dir='ltr'>secundum</span> <span class='ocrx_word' id='word_1_151' title='bbox 943 1730 1208 1772; x_wconf 87' lang='lat' dir='ltr'>intellectum</span> 
     </span>
     <span class='ocr_line' id='line_1_23' title="bbox 169 1799 1209 1854; baseline 0.002 -13"><span class='ocrx_word' id='word_1_152' title='bbox 169 1799 436 1852; x_wconf 88' lang='lat' dir='ltr'>humanum,</span> <span class='ocrx_word' id='word_1_153' title='bbox 458 1803 499 1842; x_wconf 91' lang='lat' dir='ltr'>et</span> <span class='ocrx_word' id='word_1_154' title='bbox 527 1801 774 1854; x_wconf 87' lang='lat' dir='ltr'>angelicum</span> <span class='ocrx_word' id='word_1_155' title='bbox 799 1834 808 1853; x_wconf 87' lang='lat'>,</span> <span class='ocrx_word' id='word_1_156' title='bbox 844 1804 886 1843; x_wconf 87' lang='lat' dir='ltr'>et</span> <span class='ocrx_word' id='word_1_157' title='bbox 915 1801 973 1842; x_wconf 90' lang='lat' dir='ltr'>sic</span> <span class='ocrx_word' id='word_1_158' title='bbox 1003 1801 1116 1843; x_wconf 90' lang='lat' dir='ltr'>Deus</span> <span class='ocrx_word' id='word_1_159' title='bbox 1146 1804 1209 1843; x_wconf 89' lang='lat' dir='ltr'>est</span> 
     </span>
     <span class='ocr_line' id='line_1_24' title="bbox 171 1872 1210 1927; baseline 0 -13"><span class='ocrx_word' id='word_1_160' title='bbox 171 1872 385 1926; x_wconf 88' lang='lat' dir='ltr'>objectum</span> <span class='ocrx_word' id='word_1_161' title='bbox 415 1874 650 1915; x_wconf 89' lang='lat' dir='ltr'>intellectus</span> <span class='ocrx_word' id='word_1_162' title='bbox 673 1888 683 1915; x_wconf 72' lang='grc' dir='ltr'>ε</span> <span class='ocrx_word' id='word_1_163' title='bbox 707 1876 748 1915; x_wconf 92' lang='lat' dir='ltr'>et</span> <span class='ocrx_word' id='word_1_164' title='bbox 767 1873 868 1914; x_wconf 90' lang='lat' dir='ltr'>hinc</span> <span class='ocrx_word' id='word_1_165' title='bbox 891 1876 976 1925; x_wconf 89' lang='lat' dir='ltr'>est,</span> <span class='ocrx_word' id='word_1_166' title='bbox 1001 1874 1116 1927; x_wconf 77' lang='lat' dir='ltr'>quod</span> <span class='ocrx_word' id='word_1_167' title='bbox 1135 1874 1210 1914; x_wconf 91' lang='lat' dir='ltr'>ha-</span> 
     </span>
     <span class='ocr_line' id='line_1_25' title="bbox 172 1944 1208 1999; baseline 0 -13"><span class='ocrx_word' id='word_1_168' title='bbox 172 1944 242 1987; x_wconf 88' lang='lat' dir='ltr'>bet</span> <span class='ocrx_word' id='word_1_169' title='bbox 259 1945 469 1987; x_wconf 89' lang='lat' dir='ltr'>rationem</span> <span class='ocrx_word' id='word_1_170' title='bbox 488 1946 704 1999; x_wconf 87' lang='lat' dir='ltr'>perpetui,</span> <span class='ocrx_word' id='word_1_171' title='bbox 728 1947 941 1998; x_wconf 78' lang='lat' dir='ltr'>quantum</span> <span class='ocrx_word' id='word_1_172' title='bbox 971 1946 1024 1986; x_wconf 90' lang='lat' dir='ltr'>ad</span> <span class='ocrx_word' id='word_1_173' title='bbox 1052 1945 1208 1999; x_wconf 87' lang='lat' dir='ltr'>imagi-</span> 
     </span>
     <span class='ocr_line' id='line_1_26' title="bbox 171 2017 1206 2071; baseline 0.001 -14"><span class='ocrx_word' id='word_1_174' title='bbox 171 2028 270 2058; x_wconf 88' lang='lat' dir='ltr'>nem</span> <span class='ocrx_word' id='word_1_175' title='bbox 289 2017 538 2069; x_wconf 83' lang='lat' dir='ltr'>creationis,</span> <span class='ocrx_word' id='word_1_176' title='bbox 562 2017 868 2071; x_wconf 81' lang='lat' dir='ltr'>reparationis,</span> <span class='ocrx_word' id='word_1_177' title='bbox 891 2017 1206 2059; x_wconf 87' lang='lat' dir='ltr'>similitudinis:</span> 
     </span>
     <span class='ocr_line' id='line_1_27' title="bbox 170 2088 1209 2143; baseline 0.002 -14"><span class='ocrx_word' id='word_1_178' title='bbox 170 2088 272 2142; x_wconf 87' lang='lat' dir='ltr'>quia</span> <span class='ocrx_word' id='word_1_179' title='bbox 300 2089 447 2141; x_wconf 81' lang='lat' dir='ltr'>imago</span> <span class='ocrx_word' id='word_1_180' title='bbox 479 2092 542 2131; x_wconf 90' lang='lat' dir='ltr'>est</span> <span class='ocrx_word' id='word_1_181' title='bbox 571 2089 805 2131; x_wconf 88' lang='lat' dir='ltr'>essentialis</span> <span class='ocrx_word' id='word_1_182' title='bbox 838 2089 1119 2143; x_wconf 86' lang='lat' dir='ltr'>dependentia</span> <span class='ocrx_word' id='word_1_183' title='bbox 1136 2123 1147 2142; x_wconf 98' lang='lat'>,</span> <span class='ocrx_word' id='word_1_184' title='bbox 1168 2092 1209 2132; x_wconf 91' lang='lat' dir='ltr'>et</span> 
     </span>
     <span class='ocr_line' id='line_1_28' title="bbox 170 2160 1206 2215; baseline 0.001 -13"><span class='ocrx_word' id='word_1_185' title='bbox 170 2160 332 2202; x_wconf 86' lang='lat' dir='ltr'>relatio.</span> <span class='ocrx_word' id='word_1_186' title='bbox 367 2160 421 2203; x_wconf 90' lang='lat' dir='ltr'>Ut</span> <span class='ocrx_word' id='word_1_187' title='bbox 453 2162 634 2215; x_wconf 86' lang='lat' dir='ltr'>inspirat</span> <span class='ocrx_word' id='word_1_188' title='bbox 666 2162 851 2215; x_wconf 81' lang='lat' dir='ltr'>gratiam</span> <span class='ocrx_word' id='word_1_189' title='bbox 875 2176 884 2203; x_wconf 78' lang='lat' dir='ltr'>t</span> <span class='ocrx_word' id='word_1_190' title='bbox 908 2162 979 2202; x_wconf 89' lang='lat' dir='ltr'>hic</span> <span class='ocrx_word' id='word_1_191' title='bbox 1010 2164 1073 2203; x_wconf 90' lang='lat' dir='ltr'>est</span> <span class='ocrx_word' id='word_1_192' title='bbox 1106 2174 1206 2204; x_wconf 89' lang='lat' dir='ltr'>con-</span> 
     </span>
     <span class='ocr_line' id='line_1_29' title="bbox 171 2233 1206 2286; baseline 0.001 -13"><span class='ocrx_word' id='word_1_193' title='bbox 171 2233 424 2285; x_wconf 87' lang='lat' dir='ltr'>summatio,</span> <span class='ocrx_word' id='word_1_194' title='bbox 445 2236 487 2274; x_wconf 90' lang='lat' dir='ltr'>et</span> <span class='ocrx_word' id='word_1_195' title='bbox 505 2233 586 2274; x_wconf 91' lang='lat' dir='ltr'>hoc</span> <span class='ocrx_word' id='word_1_196' title='bbox 611 2236 674 2274; x_wconf 89' lang='lat' dir='ltr'>est</span> <span class='ocrx_word' id='word_1_197' title='bbox 701 2233 921 2284; x_wconf 83' lang='lat' dir='ltr'>credibile,</span> <span class='ocrx_word' id='word_1_198' title='bbox 942 2235 984 2274; x_wconf 87' lang='lat' dir='ltr'>et</span> <span class='ocrx_word' id='word_1_199' title='bbox 1004 2233 1206 2286; x_wconf 87' lang='lat' dir='ltr'>intelligi-</span> 
     </span>
     <span class='ocr_line' id='line_1_30' title="bbox 170 2302 1210 2358; baseline 0.002 -14"><span class='ocrx_word' id='word_1_200' title='bbox 170 2302 268 2345; x_wconf 90' lang='lat' dir='ltr'>bile.</span> <span class='ocrx_word' id='word_1_201' title='bbox 289 2303 493 2346; x_wconf 89' lang='lat' dir='ltr'>Voluntas</span> <span class='ocrx_word' id='word_1_202' title='bbox 516 2305 629 2346; x_wconf 90' lang='lat' dir='ltr'>enim</span> <span class='ocrx_word' id='word_1_203' title='bbox 650 2317 736 2346; x_wconf 91' lang='lat' dir='ltr'>non</span> <span class='ocrx_word' id='word_1_204' title='bbox 767 2304 1008 2358; x_wconf 87' lang='lat' dir='ltr'>perficitur,</span> <span class='ocrx_word' id='word_1_205' title='bbox 1032 2305 1113 2344; x_wconf 85' lang='lat' dir='ltr'>nisi</span> <span class='ocrx_word' id='word_1_206' title='bbox 1133 2317 1210 2357; x_wconf 88' lang='lat' dir='ltr'>per</span> 
     </span>
     <span class='ocr_line' id='line_1_31' title="bbox 171 2374 1206 2430; baseline 0.002 -15"><span class='ocrx_word' id='word_1_207' title='bbox 171 2374 333 2426; x_wconf 86' lang='lat' dir='ltr'>donum</span> <span class='ocrx_word' id='word_1_208' title='bbox 368 2375 551 2430; x_wconf 85' lang='lat' dir='ltr'>Spiritus</span> <span class='ocrx_word' id='word_1_209' title='bbox 580 2377 713 2417; x_wconf 90' lang='lat' dir='ltr'>sancti</span> <span class='ocrx_word' id='word_1_210' title='bbox 747 2376 958 2417; x_wconf 86' lang='lat' dir='ltr'>infusum.</span> <span class='ocrx_word' id='word_1_211' title='bbox 987 2375 1032 2416; x_wconf 89' lang='lat' dir='ltr'>Si</span> <span class='ocrx_word' id='word_1_212' title='bbox 1064 2378 1206 2417; x_wconf 88' lang='lat' dir='ltr'>autem</span> 
     </span>
     <span class='ocr_line' id='line_1_32' title="bbox 171 2444 1206 2497; baseline 0.001 -11"><span class='ocrx_word' id='word_1_213' title='bbox 171 2444 337 2487; x_wconf 84' lang='lat' dir='ltr'>claritas</span> <span class='ocrx_word' id='word_1_214' title='bbox 361 2446 551 2488; x_wconf 85' lang='lat' dir='ltr'>veritatis</span> <span class='ocrx_word' id='word_1_215' title='bbox 581 2447 874 2488; x_wconf 87' lang='lat' dir='ltr'>consideratur</span> <span class='ocrx_word' id='word_1_216' title='bbox 905 2448 954 2487; x_wconf 89' lang='lat' dir='ltr'>ut</span> <span class='ocrx_word' id='word_1_217' title='bbox 985 2446 1206 2497; x_wconf 86' lang='lat' dir='ltr'>reficiens,</span> 
     </span>
     <span class='ocr_line' id='line_1_33' title="bbox 171 2517 1207 2572; baseline 0.001 -14"><span class='ocrx_word' id='word_1_218' title='bbox 171 2517 365 2559; x_wconf 89' lang='lat' dir='ltr'>similiter</span> <span class='ocrx_word' id='word_1_219' title='bbox 401 2518 555 2572; x_wconf 78' lang='lat' dir='ltr'>triplex</span> <span class='ocrx_word' id='word_1_220' title='bbox 592 2519 760 2560; x_wconf 85' lang='lat' dir='ltr'>claritas</span> <span class='ocrx_word' id='word_1_221' title='bbox 797 2518 985 2572; x_wconf 83' lang='lat' dir='ltr'>refulget</span> <span class='ocrx_word' id='word_1_222' title='bbox 1021 2519 1067 2558; x_wconf 92' lang='lat' dir='ltr'>in</span> <span class='ocrx_word' id='word_1_223' title='bbox 1114 2519 1207 2561; x_wconf 90' lang='lat' dir='ltr'>ani-</span> 
     </span>
     <span class='ocr_line' id='line_1_34' title="bbox 172 2590 1208 2644; baseline 0 -13"><span class='ocrx_word' id='word_1_224' title='bbox 172 2602 243 2631; x_wconf 90' lang='lat' dir='ltr'>ma</span> <span class='ocrx_word' id='word_1_225' title='bbox 284 2604 292 2631; x_wconf 89' lang='lat'>:</span> <span class='ocrx_word' id='word_1_226' title='bbox 333 2592 408 2631; x_wconf 87' lang='lat' dir='ltr'>aut</span> <span class='ocrx_word' id='word_1_227' title='bbox 447 2593 661 2644; x_wconf 85' lang='lat' dir='ltr'>quantum</span> <span class='ocrx_word' id='word_1_228' title='bbox 706 2591 759 2632; x_wconf 92' lang='lat' dir='ltr'>ad</span> <span class='ocrx_word' id='word_1_229' title='bbox 803 2590 1006 2631; x_wconf 85' lang='lat' dir='ltr'>humanae</span> <span class='ocrx_word' id='word_1_230' title='bbox 1053 2592 1095 2631; x_wconf 89' lang='lat' dir='ltr'>et</span> <span class='ocrx_word' id='word_1_231' title='bbox 1132 2603 1208 2631; x_wconf 90' lang='lat' dir='ltr'>an-</span> 
     </span>
     <span class='ocr_line' id='line_1_35' title="bbox 172 2661 1205 2716; baseline -0.001 -13"><span class='ocrx_word' id='word_1_232' title='bbox 172 2661 321 2714; x_wconf 80' lang='lat' dir='ltr'>gelicae</span> <span class='ocrx_word' id='word_1_233' title='bbox 350 2662 628 2715; x_wconf 89' lang='lat' dir='ltr'>reparationis</span> <span class='ocrx_word' id='word_1_234' title='bbox 655 2662 940 2716; x_wconf 84' lang='lat' dir='ltr'>principium3</span> <span class='ocrx_word' id='word_1_235' title='bbox 973 2662 1042 2704; x_wconf 88' lang='lat' dir='ltr'>vel</span> <span class='ocrx_word' id='word_1_236' title='bbox 1068 2674 1205 2715; x_wconf 86' lang='lat' dir='ltr'>quan-</span> 
     </span>
     <span class='ocr_line' id='line_1_36' title="bbox 173 2733 1206 2787; baseline 0 -13"><span class='ocrx_word' id='word_1_237' title='bbox 173 2735 265 2775; x_wconf 92' lang='lat' dir='ltr'>tum</span> <span class='ocrx_word' id='word_1_238' title='bbox 286 2733 338 2775; x_wconf 88' lang='lat' dir='ltr'>ad</span> <span class='ocrx_word' id='word_1_239' title='bbox 358 2733 540 2787; x_wconf 90' lang='lat' dir='ltr'>pretium</span> <span class='ocrx_word' id='word_1_240' title='bbox 558 2749 568 2785; x_wconf 92' lang='lat'>;</span> <span class='ocrx_word' id='word_1_241' title='bbox 594 2734 662 2775; x_wconf 91' lang='lat' dir='ltr'>vel</span> <span class='ocrx_word' id='word_1_242' title='bbox 682 2737 893 2787; x_wconf 90' lang='lat' dir='ltr'>quantum</span> <span class='ocrx_word' id='word_1_243' title='bbox 913 2734 965 2775; x_wconf 89' lang='lat' dir='ltr'>ad</span> <span class='ocrx_word' id='word_1_244' title='bbox 987 2734 1206 2775; x_wconf 85' lang='lat' dir='ltr'>effectum.</span> 
     </span>
     <span class='ocr_line' id='line_1_37' title="bbox 173 2804 1206 2859; baseline 0.001 -13"><span class='ocrx_word' id='word_1_245' title='bbox 173 2804 367 2846; x_wconf 86' lang='lat' dir='ltr'>Primum</span> <span class='ocrx_word' id='word_1_246' title='bbox 393 2807 457 2847; x_wconf 90' lang='lat' dir='ltr'>est</span> <span class='ocrx_word' id='word_1_247' title='bbox 487 2805 696 2859; x_wconf 88' lang='lat' dir='ltr'>speculari</span> <span class='ocrx_word' id='word_1_248' title='bbox 724 2810 856 2847; x_wconf 89' lang='lat' dir='ltr'>Deum</span> <span class='ocrx_word' id='word_1_249' title='bbox 874 2806 994 2847; x_wconf 89' lang='lat' dir='ltr'>carni</span> <span class='ocrx_word' id='word_1_250' title='bbox 1012 2806 1206 2858; x_wconf 92' lang='lat' dir='ltr'>unitum,</span> 
     </span>
     <span class='ocr_line' id='line_1_38' title="bbox 172 2876 1211 2930; baseline 0.001 -13"><span class='ocrx_word' id='word_1_251' title='bbox 172 2876 287 2930; x_wconf 90' lang='lat' dir='ltr'>quod</span> <span class='ocrx_word' id='word_1_252' title='bbox 326 2879 388 2918; x_wconf 90' lang='lat' dir='ltr'>est</span> <span class='ocrx_word' id='word_1_253' title='bbox 418 2877 615 2919; x_wconf 84' lang='lat' dir='ltr'>credibile</span> <span class='ocrx_word' id='word_1_254' title='bbox 638 2909 648 2926; x_wconf 92' lang='lat'>‚</span> <span class='ocrx_word' id='word_1_255' title='bbox 677 2879 719 2918; x_wconf 86' lang='lat' dir='ltr'>et</span> <span class='ocrx_word' id='word_1_256' title='bbox 758 2877 1052 2930; x_wconf 85' lang='lat' dir='ltr'>intelligibile:</span> <span class='ocrx_word' id='word_1_257' title='bbox 1093 2877 1128 2918; x_wconf 92' lang='lat' dir='ltr'>si</span> <span class='ocrx_word' id='word_1_258' title='bbox 1161 2879 1211 2918; x_wconf 87' lang='lat' dir='ltr'>ut</span> 
     </span>
     <span class='ocr_line' id='line_1_39' title="bbox 172 2947 1206 3001; baseline 0.002 -13"><span class='ocrx_word' id='word_1_259' title='bbox 172 2947 378 3001; x_wconf 86' lang='lat' dir='ltr'>pretium,</span> <span class='ocrx_word' id='word_1_260' title='bbox 404 2949 464 2989; x_wconf 89' lang='lat' dir='ltr'>sic</span> <span class='ocrx_word' id='word_1_261' title='bbox 494 2948 609 2989; x_wconf 90' lang='lat' dir='ltr'>cruci</span> <span class='ocrx_word' id='word_1_262' title='bbox 641 2948 848 2999; x_wconf 85' lang='lat' dir='ltr'>affixum;</span> <span class='ocrx_word' id='word_1_263' title='bbox 871 2948 907 2988; x_wconf 88' lang='lat' dir='ltr'>si</span> <span class='ocrx_word' id='word_1_264' title='bbox 933 2951 980 2990; x_wconf 92' lang='lat' dir='ltr'>ut</span> <span class='ocrx_word' id='word_1_265' title='bbox 1013 2949 1206 3000; x_wconf 78' lang='lat' dir='ltr'>eftectuS,</span> 
     </span>
     <span class='ocr_line' id='line_1_40' title="bbox 173 3018 1210 3073; baseline 0.002 -14"><span class='ocrx_word' id='word_1_266' title='bbox 173 3018 233 3059; x_wconf 89' lang='grc'>510</span> <span class='ocrx_word' id='word_1_267' title='bbox 251 3019 359 3060; x_wconf 89' lang='lat' dir='ltr'>Deus</span> <span class='ocrx_word' id='word_1_268' title='bbox 379 3018 587 3060; x_wconf 90' lang='lat' dir='ltr'>medicina</span> <span class='ocrx_word' id='word_1_269' title='bbox 607 3023 670 3061; x_wconf 89' lang='lat' dir='ltr'>est</span> <span class='ocrx_word' id='word_1_270' title='bbox 690 3020 861 3061; x_wconf 85' lang='lat' dir='ltr'>animae.</span> <span class='ocrx_word' id='word_1_271' title='bbox 881 3020 952 3061; x_wconf 89' lang='lat' dir='ltr'>Est</span> <span class='ocrx_word' id='word_1_272' title='bbox 969 3032 1073 3073; x_wconf 86' lang='lat' dir='ltr'>ergo</span> <span class='ocrx_word' id='word_1_273' title='bbox 1093 3020 1210 3073; x_wconf 87' lang='lat' dir='ltr'>prin-</span> 
     </span>
     <span class='ocr_line' id='line_1_41' title="bbox 175 3089 1208 3145; baseline 0.004 -16"><span class='ocrx_word' id='word_1_274' title='bbox 175 3089 333 3142; x_wconf 89' lang='lat' dir='ltr'>cipium</span> <span class='ocrx_word' id='word_1_275' title='bbox 347 3093 505 3131; x_wconf 83' lang='lat' dir='ltr'>nostrae</span> <span class='ocrx_word' id='word_1_276' title='bbox 520 3092 744 3133; x_wconf 87' lang='lat' dir='ltr'>creationis</span> <span class='ocrx_word' id='word_1_277' title='bbox 757 3124 769 3144; x_wconf 91' lang='lat'>,</span> <span class='ocrx_word' id='word_1_278' title='bbox 790 3092 1083 3145; x_wconf 47' lang='lat' dir='ltr'>reparationi&amp;</span> <span class='ocrx_word' id='word_1_279' title='bbox 1103 3104 1208 3145; x_wconf 84' lang='lat' dir='ltr'>prae-</span> 
     </span>
     <span class='ocr_line' id='line_1_42' title="bbox 174 3160 1206 3216; baseline 0.004 -16"><span class='ocrx_word' id='word_1_280' title='bbox 174 3160 403 3202; x_wconf 86' lang='lat' dir='ltr'>miationis.</span> <span class='ocrx_word' id='word_1_281' title='bbox 424 3161 468 3203; x_wconf 91' lang='lat' dir='ltr'>Si</span> <span class='ocrx_word' id='word_1_282' title='bbox 488 3164 536 3203; x_wconf 92' lang='lat' dir='ltr'>ut</span> <span class='ocrx_word' id='word_1_283' title='bbox 554 3163 835 3214; x_wconf 83' lang='lat' dir='ltr'>confirmans,</span> <span class='ocrx_word' id='word_1_284' title='bbox 858 3163 949 3204; x_wconf 88' lang='lat' dir='ltr'>sive</span> <span class='ocrx_word' id='word_1_285' title='bbox 966 3164 1206 3216; x_wconf 86' lang='lat' dir='ltr'>perficiens,</span> 
     </span>
     <span class='ocr_line' id='line_1_43' title="bbox 174 3232 1209 3289; baseline 0.004 -16"><span class='ocrx_word' id='word_1_286' title='bbox 174 3232 234 3273; x_wconf 89' lang='lat' dir='ltr'>sic</span> <span class='ocrx_word' id='word_1_287' title='bbox 264 3233 508 3286; x_wconf 82' lang='lat' dir='ltr'>tripliciter:</span> <span class='ocrx_word' id='word_1_288' title='bbox 533 3236 582 3275; x_wconf 89' lang='lat' dir='ltr'>ut</span> <span class='ocrx_word' id='word_1_289' title='bbox 614 3235 738 3276; x_wconf 90' lang='lat' dir='ltr'>vitale</span> <span class='ocrx_word' id='word_1_290' title='bbox 773 3236 982 3289; x_wconf 88' lang='lat' dir='ltr'>pabulum</span> <span class='ocrx_word' id='word_1_291' title='bbox 1013 3235 1209 3277; x_wconf 78' lang='lat' dir='ltr'>Ecclesiae</span> 
     </span>
     <span class='ocr_line' id='line_1_44' title="bbox 174 3303 1209 3360; baseline 0.004 -15"><span class='ocrx_word' id='word_1_292' title='bbox 174 3303 394 3346; x_wconf 86' lang='lat' dir='ltr'>militantis</span> <span class='ocrx_word' id='word_1_293' title='bbox 419 3307 461 3347; x_wconf 88' lang='lat' dir='ltr'>et</span> <span class='ocrx_word' id='word_1_294' title='bbox 487 3306 816 3360; x_wconf 79' lang='lat' dir='ltr'>triumphantis3</span> <span class='ocrx_word' id='word_1_295' title='bbox 838 3310 886 3348; x_wconf 88' lang='lat' dir='ltr'>ut</span> <span class='ocrx_word' id='word_1_296' title='bbox 915 3306 1099 3348; x_wconf 88' lang='lat' dir='ltr'>ultorem</span> <span class='ocrx_word' id='word_1_297' title='bbox 1119 3319 1209 3349; x_wconf 84' lang='lat' dir='ltr'>sce-</span> 
     </span>
    </p>
   </div>
   <div class='ocr_carea' id='block_1_3' title="bbox 175 3418 1210 3512">
    <p class='ocr_par' dir='ltr' id='par_1_3' title="bbox 175 3418 1210 3512">
     <span class='ocr_line' id='line_1_45' title="bbox 217 3418 1210 3469; baseline 0.001 -19"><span class='ocrx_word' id='word_1_298' title='bbox 217 3418 228 3440; x_wconf 88' lang='lat'>²</span> <span class='ocrx_word' id='word_1_299' title='bbox 242 3418 365 3460; x_wconf 58' lang='lat' dir='ltr'>Exeat,</span> <span class='ocrx_word' id='word_1_300' title='bbox 382 3427 438 3458; x_wconf 81' lang='lat'>111,</span> <span class='ocrx_word' id='word_1_301' title='bbox 459 3421 509 3452; x_wconf 74' lang='grc'>14.</span> <span class='ocrx_word' id='word_1_302' title='bbox 529 3437 570 3443; x_wconf 89' lang='grc'>-</span> <span class='ocrx_word' id='word_1_303' title='bbox 589 3420 601 3439; x_wconf 90' lang='lat'>²</span> <span class='ocrx_word' id='word_1_304' title='bbox 617 3419 707 3452; x_wconf 79' lang='lat' dir='ltr'>Psal.</span> <span class='ocrx_word' id='word_1_305' title='bbox 729 3428 836 3461; x_wconf 74' lang='lat' dir='ltr'>cxvii,</span> <span class='ocrx_word' id='word_1_306' title='bbox 857 3422 963 3453; x_wconf 17' lang='grc'>191-</span> <span class='ocrx_word' id='word_1_307' title='bbox 979 3421 990 3440; x_wconf 84' lang='lat'><strong>³</strong></span> <span class='ocrx_word' id='word_1_308' title='bbox 1007 3421 1144 3463; x_wconf 64' lang='lat' dir='ltr'>Habac„</span> <span class='ocrx_word' id='word_1_309' title='bbox 1167 3428 1210 3469; x_wconf 65' lang='lat'>11,⁴</span> 
     </span>
     <span class='ocr_line' id='line_1_46' title="bbox 175 3465 1205 3512; baseline 0.009 -16"><span class='ocrx_word' id='word_1_310' title='bbox 175 3466 213 3506; x_wconf 81' lang='lat'>43</span> <span class='ocrx_word' id='word_1_311' title='bbox 232 3465 336 3505; x_wconf 69' lang='lat' dir='ltr'>Rom„</span> <span class='ocrx_word' id='word_1_312' title='bbox 357 3475 382 3508; x_wconf 90' lang='lat'>1,</span> <span class='ocrx_word' id='word_1_313' title='bbox 404 3469 510 3500; x_wconf 83' lang='lat'>17.—</span> <span class='ocrx_word' id='word_1_314' title='bbox 527 3467 542 3490; x_wconf 53' lang='grc' dir='ltr'><strong>ὓ</strong></span> <span class='ocrx_word' id='word_1_315' title='bbox 558 3468 681 3507; x_wconf 65' lang='lat' dir='ltr'>Emori„</span> <span class='ocrx_word' id='word_1_316' title='bbox 705 3477 754 3510; x_wconf 84' lang='grc'>111,</span> <span class='ocrx_word' id='word_1_317' title='bbox 776 3471 827 3502; x_wconf 82' lang='lat'>15.</span> <span class='ocrx_word' id='word_1_318' title='bbox 849 3486 890 3494; x_wconf 90' lang='lat'><em>-</em></span> <span class='ocrx_word' id='word_1_319' title='bbox 911 3470 921 3487; x_wconf 63' lang='lat' dir='ltr'>f·</span> <span class='ocrx_word' id='word_1_320' title='bbox 942 3469 1062 3509; x_wconf 65' lang='lat' dir='ltr'>Eroti..</span> <span class='ocrx_word' id='word_1_321' title='bbox 1083 3479 1129 3512; x_wconf 82' lang='lat' dir='ltr'>1V,</span> <span class='ocrx_word' id='word_1_322' title='bbox 1156 3475 1205 3508; x_wconf 87' lang='lat'>11.</span> 
     </span>
    </p>
   </div>
   <div class='ocr_carea' id='block_1_4' title="bbox 217 3530 1206 3576">
    <p class='ocr_par' dir='ltr' id='par_1_4' title="bbox 217 3530 1206 3576">
     <span class='ocr_line' id='line_1_47' title="bbox 217 3530 1206 3576; baseline 0.01 -15"><span class='ocrx_word' id='word_1_323' title='bbox 217 3530 262 3571; x_wconf 86' lang='lat' dir='ltr'>(a)</span> <span class='ocrx_word' id='word_1_324' title='bbox 282 3530 365 3564; x_wconf 80' lang='lat' dir='ltr'>Coee.</span> <span class='ocrx_word' id='word_1_325' title='bbox 389 3532 470 3566; x_wconf 82' lang='lat' dir='ltr'>edit.</span> <span class='ocrx_word' id='word_1_326' title='bbox 496 3533 587 3566; x_wconf 78' lang='lat' dir='ltr'>deest</span> <span class='ocrx_word' id='word_1_327' title='bbox 611 3534 736 3575; x_wconf 86' lang='lat' dir='ltr'>primo,</span> <span class='ocrx_word' id='word_1_328' title='bbox 757 3537 920 3576; x_wconf 81' lang='lat' dir='ltr'>quantum</span> <span class='ocrx_word' id='word_1_329' title='bbox 944 3535 988 3568; x_wconf 80' lang='lat' dir='ltr'>ad</span> <span class='ocrx_word' id='word_1_330' title='bbox 1010 3536 1206 3571; x_wconf 80' lang='lat' dir='ltr'>essentiam.</span> 
     </span>
    </p>
   </div>
   <div class='ocr_carea' id='block_1_5' title="bbox 2266 213 2318 253">
    <p class='ocr_par' dir='ltr' id='par_1_5' title="bbox 2266 213 2318 253">
     <span class='ocr_line' id='line_1_48' title="bbox 2266 213 2318 253; baseline 0 0"><span class='ocrx_word' id='word_1_331' title='bbox 2266 213 2318 253; x_wconf 85' lang='lat'>79</span> 
     </span>
    </p>
   </div>
   <div class='ocr_carea' id='block_1_6' title="bbox 1281 294 2323 3363">
    <p class='ocr_par' dir='ltr' id='par_1_6' title="bbox 1281 294 2323 3363">
     <span class='ocr_line' id='line_1_49' title="bbox 1283 294 2317 352; baseline 0.006 -17"><span class='ocrx_word' id='word_1_332' title='bbox 1283 294 1443 345; x_wconf 90' lang='lat' dir='ltr'>lerum;</span> <span class='ocrx_word' id='word_1_333' title='bbox 1466 297 1515 336; x_wconf 89' lang='lat' dir='ltr'>ut</span> <span class='ocrx_word' id='word_1_334' title='bbox 1545 295 1674 336; x_wconf 86' lang='lat' dir='ltr'>finale</span> <span class='ocrx_word' id='word_1_335' title='bbox 1705 297 1949 349; x_wconf 81' lang='lat' dir='ltr'>praemium.</span> <span class='ocrx_word' id='word_1_336' title='bbox 1982 298 2154 352; x_wconf 88' lang='lat' dir='ltr'>Oportet</span> <span class='ocrx_word' id='word_1_337' title='bbox 2185 298 2317 341; x_wconf 88' lang='lat' dir='ltr'>Deum</span> 
     </span>
     <span class='ocr_line' id='line_1_50' title="bbox 1282 367 2315 422; baseline 0.006 -16"><span class='ocrx_word' id='word_1_338' title='bbox 1282 378 1372 407; x_wconf 92' lang='lat' dir='ltr'>esse</span> <span class='ocrx_word' id='word_1_339' title='bbox 1394 367 1620 419; x_wconf 79' lang='lat' dir='ltr'>praemium</span> <span class='ocrx_word' id='word_1_340' title='bbox 1633 381 1644 418; x_wconf 88' lang='lat'>;</span> <span class='ocrx_word' id='word_1_341' title='bbox 1668 380 1774 420; x_wconf 88' lang='lat' dir='ltr'>ergo</span> <span class='ocrx_word' id='word_1_342' title='bbox 1793 371 1854 409; x_wconf 90' lang='lat' dir='ltr'>est</span> <span class='ocrx_word' id='word_1_343' title='bbox 1875 370 2071 411; x_wconf 90' lang='lat' dir='ltr'>credibile</span> <span class='ocrx_word' id='word_1_344' title='bbox 2087 403 2097 422; x_wconf 87' lang='lat'>,</span> <span class='ocrx_word' id='word_1_345' title='bbox 2122 372 2164 412; x_wconf 89' lang='lat' dir='ltr'>et</span> <span class='ocrx_word' id='word_1_346' title='bbox 2192 370 2315 412; x_wconf 87' lang='lat' dir='ltr'>intel-</span> 
     </span>
     <span class='ocr_line' id='line_1_51' title="bbox 1282 437 2315 494; baseline 0.008 -18"><span class='ocrx_word' id='word_1_347' title='bbox 1282 437 1464 489; x_wconf 83' lang='lat' dir='ltr'>ligibile,</span> <span class='ocrx_word' id='word_1_348' title='bbox 1488 440 1527 478; x_wconf 88' lang='lat' dir='ltr'>et</span> <span class='ocrx_word' id='word_1_349' title='bbox 1557 438 1638 479; x_wconf 89' lang='lat' dir='ltr'>hoc</span> <span class='ocrx_word' id='word_1_350' title='bbox 1671 440 1905 480; x_wconf 87' lang='lat' dir='ltr'>secundum</span> <span class='ocrx_word' id='word_1_351' title='bbox 1936 441 2198 483; x_wconf 87' lang='lat' dir='ltr'>influentiam</span> <span class='ocrx_word' id='word_1_352' title='bbox 2216 474 2229 494; x_wconf 94' lang='lat'>,</span> <span class='ocrx_word' id='word_1_353' title='bbox 2251 454 2315 484; x_wconf 90' lang='lat' dir='ltr'>se-</span> 
     </span>
     <span class='ocr_line' id='line_1_52' title="bbox 1283 508 2315 564; baseline 0.007 -16"><span class='ocrx_word' id='word_1_354' title='bbox 1283 508 1470 549; x_wconf 89' lang='lat' dir='ltr'>cundum</span> <span class='ocrx_word' id='word_1_355' title='bbox 1490 509 1632 562; x_wconf 88' lang='lat' dir='ltr'>legem</span> <span class='ocrx_word' id='word_1_356' title='bbox 1646 510 1825 562; x_wconf 85' lang='lat' dir='ltr'>justitiae</span> <span class='ocrx_word' id='word_1_357' title='bbox 1839 543 1848 561; x_wconf 87' lang='lat'>,</span> <span class='ocrx_word' id='word_1_358' title='bbox 1872 511 2107 553; x_wconf 70' lang='lat' dir='ltr'>clementiae</span> <span class='ocrx_word' id='word_1_359' title='bbox 2123 545 2134 564; x_wconf 93' lang='lat'>,</span> <span class='ocrx_word' id='word_1_360' title='bbox 2156 516 2315 555; x_wconf 69' lang='grc'>010011-</span> 
     </span>
     <span class='ocr_line' id='line_1_53' title="bbox 1283 579 2314 634; baseline 0.007 -15"><span class='ocrx_word' id='word_1_361' title='bbox 1283 579 1452 620; x_wconf 59' lang='grc' dir='ltr'>00101εο.</span> <span class='ocrx_word' id='word_1_362' title='bbox 1497 580 1744 622; x_wconf 86' lang='lat' dir='ltr'>Secundum</span> <span class='ocrx_word' id='word_1_363' title='bbox 1781 582 1968 634; x_wconf 87' lang='lat' dir='ltr'>primum</span> <span class='ocrx_word' id='word_1_364' title='bbox 1997 615 2007 633; x_wconf 83' lang='lat'>,</span> <span class='ocrx_word' id='word_1_365' title='bbox 2049 587 2098 624; x_wconf 89' lang='lat' dir='ltr'>ut</span> <span class='ocrx_word' id='word_1_366' title='bbox 2136 585 2273 626; x_wconf 92' lang='lat' dir='ltr'>virtus</span> <span class='ocrx_word' id='word_1_367' title='bbox 2306 599 2314 626; x_wconf 89' lang='lat'>:</span> 
     </span>
     <span class='ocr_line' id='line_1_54' title="bbox 1283 653 2317 705; baseline 0.005 -12"><span class='ocrx_word' id='word_1_368' title='bbox 1283 653 1519 694; x_wconf 89' lang='lat' dir='ltr'>secundum</span> <span class='ocrx_word' id='word_1_369' title='bbox 1541 655 1777 695; x_wconf 88' lang='lat' dir='ltr'>secundum</span> <span class='ocrx_word' id='word_1_370' title='bbox 1790 687 1802 705; x_wconf 94' lang='lat'>,</span> <span class='ocrx_word' id='word_1_371' title='bbox 1817 659 1865 695; x_wconf 88' lang='lat' dir='ltr'>nt</span> <span class='ocrx_word' id='word_1_372' title='bbox 1884 656 2039 696; x_wconf 89' lang='lat' dir='ltr'>veritas</span> <span class='ocrx_word' id='word_1_373' title='bbox 2056 670 2064 696; x_wconf 79' lang='lat' dir='ltr'><em>z</em></span> <span class='ocrx_word' id='word_1_374' title='bbox 2084 658 2317 698; x_wconf 88' lang='lat' dir='ltr'>secundum</span> 
     </span>
     <span class='ocr_line' id='line_1_55' title="bbox 1282 725 2318 776; baseline 0.005 -12"><span class='ocrx_word' id='word_1_375' title='bbox 1282 725 1478 776; x_wconf 86' lang='lat' dir='ltr'>tertium,</span> <span class='ocrx_word' id='word_1_376' title='bbox 1505 728 1553 766; x_wconf 88' lang='lat' dir='ltr'>nt</span> <span class='ocrx_word' id='word_1_377' title='bbox 1584 726 1819 767; x_wconf 86' lang='lat' dir='ltr'>influentia.</span> <span class='ocrx_word' id='word_1_378' title='bbox 1852 725 1927 767; x_wconf 80' lang='lat' dir='ltr'>Hae</span> <span class='ocrx_word' id='word_1_379' title='bbox 1961 730 2061 768; x_wconf 91' lang='lat' dir='ltr'>sunt</span> <span class='ocrx_word' id='word_1_380' title='bbox 2096 727 2318 769; x_wconf 81' lang='lat' dir='ltr'>duodecim</span> 
     </span>
     <span class='ocr_line' id='line_1_56' title="bbox 1282 796 2315 852; baseline 0.005 -16"><span class='ocrx_word' id='word_1_381' title='bbox 1282 799 1439 848; x_wconf 81' lang='lat' dir='ltr'>portae,</span> <span class='ocrx_word' id='word_1_382' title='bbox 1462 796 1513 837; x_wconf 90' lang='lat' dir='ltr'>de</span> <span class='ocrx_word' id='word_1_383' title='bbox 1543 797 1702 850; x_wconf 88' lang='lat' dir='ltr'>quibus</span> <span class='ocrx_word' id='word_1_384' title='bbox 1727 798 1954 840; x_wconf 77' lang='lat' dir='ltr'>Psalmisla</span> <span class='ocrx_word' id='word_1_385' title='bbox 1978 798 2078 839; x_wconf 90' lang='lat' dir='ltr'>dicit</span> <span class='ocrx_word' id='word_1_386' title='bbox 2097 803 2137 838; x_wconf 80' lang='lat'>2:</span> <span class='ocrx_word' id='word_1_387' title='bbox 2167 814 2186 837; x_wconf 84' lang='lat'>&lt;‹</span> <span class='ocrx_word' id='word_1_388' title='bbox 2206 799 2315 852; x_wconf 89' lang='lat' dir='ltr'>Ape-</span> 
     </span>
     <span class='ocr_line' id='line_1_57' title="bbox 1282 868 2319 922; baseline 0.003 -14"><span class='ocrx_word' id='word_1_389' title='bbox 1282 868 1364 909; x_wconf 86' lang='lat' dir='ltr'>rite</span> <span class='ocrx_word' id='word_1_390' title='bbox 1383 868 1487 909; x_wconf 86' lang='lat' dir='ltr'>mihi</span> <span class='ocrx_word' id='word_1_391' title='bbox 1517 871 1660 921; x_wconf 90' lang='lat' dir='ltr'>portas</span> <span class='ocrx_word' id='word_1_392' title='bbox 1678 869 1871 922; x_wconf 72' lang='lat' dir='ltr'>justitiae.</span> <span class='ocrx_word' id='word_1_393' title='bbox 1898 869 2006 911; x_wconf 86' lang='lat' dir='ltr'>Justi</span> <span class='ocrx_word' id='word_1_394' title='bbox 2032 870 2253 912; x_wconf 89' lang='lat' dir='ltr'>intrabunt</span> <span class='ocrx_word' id='word_1_395' title='bbox 2274 871 2319 911; x_wconf 90' lang='lat' dir='ltr'>in</span> 
     </span>
     <span class='ocr_line' id='line_1_58' title="bbox 1282 940 2316 994; baseline 0.003 -14"><span class='ocrx_word' id='word_1_396' title='bbox 1282 952 1402 991; x_wconf 79' lang='lat' dir='ltr'>ea1n3</span> <span class='ocrx_word' id='word_1_397' title='bbox 1425 954 1445 978; x_wconf 87' lang='lat'>»</span> <span class='ocrx_word' id='word_1_398' title='bbox 1471 940 1572 993; x_wconf 88' lang='lat' dir='ltr'>quia</span> <span class='ocrx_word' id='word_1_399' title='bbox 1590 941 1604 963; x_wconf 76' lang='lat'>³</span> <span class='ocrx_word' id='word_1_400' title='bbox 1630 955 1649 979; x_wconf 90' lang='lat'>«</span> <span class='ocrx_word' id='word_1_401' title='bbox 1669 942 1814 994; x_wconf 87' lang='lat' dir='ltr'>justus</span> <span class='ocrx_word' id='word_1_402' title='bbox 1845 954 1898 981; x_wconf 84' lang='lat' dir='ltr'>ex</span> <span class='ocrx_word' id='word_1_403' title='bbox 1925 941 2008 982; x_wconf 88' lang='lat' dir='ltr'>fide</span> <span class='ocrx_word' id='word_1_404' title='bbox 2034 942 2156 984; x_wconf 85' lang='lat' dir='ltr'>vivit.</span> <span class='ocrx_word' id='word_1_405' title='bbox 2179 957 2198 980; x_wconf 86' lang='lat'>»</span> <span class='ocrx_word' id='word_1_406' title='bbox 2227 942 2316 983; x_wconf 89' lang='lat' dir='ltr'>Pri-</span> 
     </span>
     <span class='ocr_line' id='line_1_59' title="bbox 1282 1012 2317 1067; baseline 0.003 -15"><span class='ocrx_word' id='word_1_407' title='bbox 1282 1024 1404 1052; x_wconf 88' lang='lat' dir='ltr'>mum</span> <span class='ocrx_word' id='word_1_408' title='bbox 1427 1012 1684 1065; x_wconf 87' lang='lat' dir='ltr'>speculabile</span> <span class='ocrx_word' id='word_1_409' title='bbox 1705 1012 1816 1054; x_wconf 87' lang='lat' dir='ltr'>circa</span> <span class='ocrx_word' id='word_1_410' title='bbox 1835 1013 1970 1055; x_wconf 91' lang='lat' dir='ltr'>Deum</span> <span class='ocrx_word' id='word_1_411' title='bbox 1991 1016 2074 1065; x_wconf 87' lang='lat' dir='ltr'>est,</span> <span class='ocrx_word' id='word_1_412' title='bbox 2098 1014 2212 1067; x_wconf 88' lang='lat' dir='ltr'>quod</span> <span class='ocrx_word' id='word_1_413' title='bbox 2232 1015 2317 1067; x_wconf 88' lang='lat' dir='ltr'>pri·</span> 
     </span>
     <span class='ocr_line' id='line_1_60' title="bbox 1282 1084 2317 1139; baseline 0.002 -15"><span class='ocrx_word' id='word_1_414' title='bbox 1282 1096 1404 1125; x_wconf 90' lang='lat' dir='ltr'>mum</span> <span class='ocrx_word' id='word_1_415' title='bbox 1424 1096 1582 1124; x_wconf 90' lang='lat' dir='ltr'>nomen</span> <span class='ocrx_word' id='word_1_416' title='bbox 1604 1084 1674 1125; x_wconf 88' lang='lat' dir='ltr'>Dei</span> <span class='ocrx_word' id='word_1_417' title='bbox 1695 1088 1758 1125; x_wconf 90' lang='lat' dir='ltr'>est</span> <span class='ocrx_word' id='word_1_418' title='bbox 1786 1097 1898 1137; x_wconf 81' lang='lat' dir='ltr'>esse,</span> <span class='ocrx_word' id='word_1_419' title='bbox 1923 1085 2037 1139; x_wconf 89' lang='lat' dir='ltr'>quod</span> <span class='ocrx_word' id='word_1_420' title='bbox 2066 1085 2317 1126; x_wconf 81' lang='lat' dir='ltr'>manifestis-</span> 
     </span>
     <span class='ocr_line' id='line_1_61' title="bbox 1283 1156 2321 1209; baseline 0.003 -14"><span class='ocrx_word' id='word_1_421' title='bbox 1283 1156 1446 1197; x_wconf 90' lang='lat' dir='ltr'>simum</span> <span class='ocrx_word' id='word_1_422' title='bbox 1467 1159 1509 1196; x_wconf 87' lang='lat' dir='ltr'>et</span> <span class='ocrx_word' id='word_1_423' title='bbox 1530 1156 1884 1209; x_wconf 87' lang='lat' dir='ltr'>perfectissimum</span> <span class='ocrx_word' id='word_1_424' title='bbox 1907 1171 1916 1197; x_wconf 78' lang='grc' dir='ltr'>ι</span> <span class='ocrx_word' id='word_1_425' title='bbox 1939 1157 2033 1198; x_wconf 88' lang='lat' dir='ltr'>ideo</span> <span class='ocrx_word' id='word_1_426' title='bbox 2056 1157 2163 1197; x_wconf 88' lang='lat' dir='ltr'>nibil</span> <span class='ocrx_word' id='word_1_427' title='bbox 2186 1157 2321 1198; x_wconf 89' lang='lat' dir='ltr'>mani·</span> 
     </span>
     <span class='ocr_line' id='line_1_62' title="bbox 1282 1228 2321 1282; baseline 0.001 -14"><span class='ocrx_word' id='word_1_428' title='bbox 1282 1228 1427 1268; x_wconf 84' lang='lat' dir='ltr'>festius</span> <span class='ocrx_word' id='word_1_429' title='bbox 1443 1260 1457 1280; x_wconf 92' lang='lat'>,</span> <span class='ocrx_word' id='word_1_430' title='bbox 1482 1228 1589 1268; x_wconf 89' lang='lat' dir='ltr'>nihil</span> <span class='ocrx_word' id='word_1_431' title='bbox 1619 1229 1843 1282; x_wconf 85' lang='lat' dir='ltr'>perfectius</span> <span class='ocrx_word' id='word_1_432' title='bbox 1871 1243 1880 1269; x_wconf 90' lang='lat'>:</span> <span class='ocrx_word' id='word_1_433' title='bbox 1908 1229 2009 1282; x_wconf 87' lang='lat' dir='ltr'>quia</span> <span class='ocrx_word' id='word_1_434' title='bbox 2035 1229 2238 1282; x_wconf 86' lang='lat' dir='ltr'>quidquid</span> <span class='ocrx_word' id='word_1_435' title='bbox 2270 1229 2321 1270; x_wconf 89' lang='lat' dir='ltr'>de</span> 
     </span>
     <span class='ocr_line' id='line_1_63' title="bbox 1282 1299 2319 1353; baseline 0.001 -13"><span class='ocrx_word' id='word_1_436' title='bbox 1282 1299 1367 1340; x_wconf 82' lang='lat' dir='ltr'>Deo</span> <span class='ocrx_word' id='word_1_437' title='bbox 1389 1299 1561 1351; x_wconf 85' lang='lat' dir='ltr'>dicitur,</span> <span class='ocrx_word' id='word_1_438' title='bbox 1583 1300 1801 1341; x_wconf 89' lang='lat' dir='ltr'>reducitur</span> <span class='ocrx_word' id='word_1_439' title='bbox 1821 1300 1872 1341; x_wconf 89' lang='lat' dir='ltr'>ad</span> <span class='ocrx_word' id='word_1_440' title='bbox 1902 1312 2013 1351; x_wconf 79' lang='lat' dir='ltr'>esse,</span> <span class='ocrx_word' id='word_1_441' title='bbox 2036 1300 2116 1341; x_wconf 85' lang='lat' dir='ltr'>hoc</span> <span class='ocrx_word' id='word_1_442' title='bbox 2145 1303 2205 1341; x_wconf 87' lang='lat' dir='ltr'>est</span> <span class='ocrx_word' id='word_1_443' title='bbox 2221 1313 2319 1353; x_wconf 87' lang='lat' dir='ltr'>pro—</span> 
     </span>
     <span class='ocr_line' id='line_1_64' title="bbox 1283 1371 2318 1425; baseline 0.002 -14"><span class='ocrx_word' id='word_1_444' title='bbox 1283 1371 1372 1424; x_wconf 88' lang='lat' dir='ltr'>prie</span> <span class='ocrx_word' id='word_1_445' title='bbox 1394 1372 1615 1425; x_wconf 88' lang='lat' dir='ltr'>proprium</span> <span class='ocrx_word' id='word_1_446' title='bbox 1634 1384 1790 1412; x_wconf 88' lang='lat' dir='ltr'>nomen</span> <span class='ocrx_word' id='word_1_447' title='bbox 1809 1371 1897 1412; x_wconf 91' lang='lat' dir='ltr'>Dei.</span> <span class='ocrx_word' id='word_1_448' title='bbox 1918 1372 2026 1413; x_wconf 89' lang='lat' dir='ltr'>Deus</span> <span class='ocrx_word' id='word_1_449' title='bbox 2042 1384 2128 1412; x_wconf 92' lang='lat' dir='ltr'>non</span> <span class='ocrx_word' id='word_1_450' title='bbox 2145 1372 2318 1413; x_wconf 79' lang='lat' dir='ltr'>dixisset</span> 
     </span>
     <span class='ocr_line' id='line_1_65' title="bbox 1281 1443 2320 1497; baseline 0.001 -14"><span class='ocrx_word' id='word_1_451' title='bbox 1281 1443 1439 1496; x_wconf 82' lang='lat' dir='ltr'>Moysi,</span> <span class='ocrx_word' id='word_1_452' title='bbox 1474 1443 1562 1484; x_wconf 92' lang='lat' dir='ltr'>sive</span> <span class='ocrx_word' id='word_1_453' title='bbox 1596 1443 1721 1483; x_wconf 88' lang='lat' dir='ltr'>latori</span> <span class='ocrx_word' id='word_1_454' title='bbox 1750 1443 1889 1495; x_wconf 90' lang='lat' dir='ltr'>legis:</span> <span class='ocrx_word' id='word_1_455' title='bbox 1919 1459 1938 1482; x_wconf 87' lang='lat'>«</span> <span class='ocrx_word' id='word_1_456' title='bbox 1960 1443 2051 1496; x_wconf 87' lang='lat' dir='ltr'>Ego</span> <span class='ocrx_word' id='word_1_457' title='bbox 2085 1456 2182 1484; x_wconf 89' lang='lat' dir='ltr'>sum</span> <span class='ocrx_word' id='word_1_458' title='bbox 2201 1476 2211 1495; x_wconf 90' lang='lat'>‚</span> <span class='ocrx_word' id='word_1_459' title='bbox 2245 1443 2320 1497; x_wconf 88' lang='lat' dir='ltr'>qui</span> 
     </span>
     <span class='ocr_line' id='line_1_66' title="bbox 1282 1515 2316 1567; baseline -0.001 -11"><span class='ocrx_word' id='word_1_460' title='bbox 1282 1527 1399 1565; x_wconf 88' lang='lat' dir='ltr'>sum,</span> <span class='ocrx_word' id='word_1_461' title='bbox 1422 1529 1441 1552; x_wconf 89' lang='lat'>»</span> <span class='ocrx_word' id='word_1_462' title='bbox 1464 1515 1545 1555; x_wconf 92' lang='lat' dir='ltr'>nisi</span> <span class='ocrx_word' id='word_1_463' title='bbox 1587 1518 1696 1556; x_wconf 90' lang='lat' dir='ltr'>esset</span> <span class='ocrx_word' id='word_1_464' title='bbox 1730 1515 1910 1567; x_wconf 87' lang='lat' dir='ltr'>primus.</span> <span class='ocrx_word' id='word_1_465' title='bbox 1952 1515 2103 1556; x_wconf 88' lang='lat' dir='ltr'>Postea</span> <span class='ocrx_word' id='word_1_466' title='bbox 2139 1516 2245 1556; x_wconf 84' lang='lat' dir='ltr'>dixit</span> <span class='ocrx_word' id='word_1_467' title='bbox 2267 1515 2281 1537; x_wconf 69' lang='lat'>⁶</span> <span class='ocrx_word' id='word_1_468' title='bbox 2306 1528 2316 1556; x_wconf 71' lang='grc' dir='ltr'><strong><em>ε</em></strong></span> 
     </span>
     <span class='ocr_line' id='line_1_67' title="bbox 1284 1586 2315 1637; baseline 0 -12"><span class='ocrx_word' id='word_1_469' title='bbox 1284 1602 1303 1625; x_wconf 81' lang='grc'>(1</span> <span class='ocrx_word' id='word_1_470' title='bbox 1328 1586 1437 1628; x_wconf 90' lang='lat' dir='ltr'>Deus</span> <span class='ocrx_word' id='word_1_471' title='bbox 1457 1586 1698 1637; x_wconf 86' lang='lat' dir='ltr'>Abraham,</span> <span class='ocrx_word' id='word_1_472' title='bbox 1723 1586 1830 1627; x_wconf 78' lang='lat' dir='ltr'>Deus</span> <span class='ocrx_word' id='word_1_473' title='bbox 1851 1586 1988 1637; x_wconf 85' lang='lat' dir='ltr'>Isaac,</span> <span class='ocrx_word' id='word_1_474' title='bbox 2007 1586 2117 1628; x_wconf 91' lang='lat' dir='ltr'>Deus</span> <span class='ocrx_word' id='word_1_475' title='bbox 2129 1587 2278 1637; x_wconf 88' lang='lat' dir='ltr'>Jacob,</span> <span class='ocrx_word' id='word_1_476' title='bbox 2296 1601 2315 1625; x_wconf 92' lang='grc'>»</span> 
     </span>
     <span class='ocr_line' id='line_1_68' title="bbox 1282 1657 2321 1712; baseline 0 -13"><span class='ocrx_word' id='word_1_477' title='bbox 1282 1658 1326 1699; x_wconf 88' lang='grc'>111</span> <span class='ocrx_word' id='word_1_478' title='bbox 1349 1670 1433 1711; x_wconf 87' lang='lat' dir='ltr'>quo</span> <span class='ocrx_word' id='word_1_479' title='bbox 1459 1658 1714 1711; x_wconf 86' lang='lat' dir='ltr'>mysterium</span> <span class='ocrx_word' id='word_1_480' title='bbox 1735 1657 1953 1698; x_wconf 88' lang='lat' dir='ltr'>Trinitatis</span> <span class='ocrx_word' id='word_1_481' title='bbox 1976 1659 2198 1712; x_wconf 76' lang='lat' dir='ltr'>expressit.</span> <span class='ocrx_word' id='word_1_482' title='bbox 2220 1658 2321 1700; x_wconf 87' lang='lat' dir='ltr'>Ter-</span> 
     </span>
     <span class='ocr_line' id='line_1_69' title="bbox 1282 1730 2322 1779; baseline 0.001 -9"><span class='ocrx_word' id='word_1_483' title='bbox 1282 1731 1342 1771; x_wconf 89' lang='lat' dir='ltr'>tio</span> <span class='ocrx_word' id='word_1_484' title='bbox 1372 1730 1479 1771; x_wconf 88' lang='lat' dir='ltr'>dixit</span> <span class='ocrx_word' id='word_1_485' title='bbox 1499 1734 1512 1755; x_wconf 73' lang='lat'>5</span> <span class='ocrx_word' id='word_1_486' title='bbox 1540 1744 1549 1770; x_wconf 94' lang='lat'><strong>:</strong></span> <span class='ocrx_word' id='word_1_487' title='bbox 1588 1745 1607 1769; x_wconf 80' lang='grc'>(1</span> <span class='ocrx_word' id='word_1_488' title='bbox 1640 1730 1721 1779; x_wconf 80' lang='lat' dir='ltr'>Qui</span> <span class='ocrx_word' id='word_1_489' title='bbox 1752 1730 1849 1771; x_wconf 88' lang='lat' dir='ltr'>fecit</span> <span class='ocrx_word' id='word_1_490' title='bbox 1881 1741 1928 1770; x_wconf 93' lang='lat' dir='ltr'>os</span> <span class='ocrx_word' id='word_1_491' title='bbox 1957 1730 2143 1771; x_wconf 87' lang='lat' dir='ltr'>hominis</span> <span class='ocrx_word' id='word_1_492' title='bbox 2175 1733 2215 1771; x_wconf 92' lang='lat' dir='ltr'>et</span> <span class='ocrx_word' id='word_1_493' title='bbox 2243 1730 2322 1771; x_wconf 89' lang='lat' dir='ltr'>lin-</span> 
     </span>
     <span class='ocr_line' id='line_1_70' title="bbox 1283 1801 2323 1855; baseline 0.001 -13"><span class='ocrx_word' id='word_1_494' title='bbox 1283 1814 1415 1855; x_wconf 87' lang='lat' dir='ltr'>guam</span> <span class='ocrx_word' id='word_1_495' title='bbox 1435 1801 1477 1855; x_wconf 78' lang='lat' dir='ltr'>(e)</span> <span class='ocrx_word' id='word_1_496' title='bbox 1502 1816 1510 1842; x_wconf 91' lang='lat'>:</span> <span class='ocrx_word' id='word_1_497' title='bbox 1536 1816 1555 1839; x_wconf 81' lang='lat'>›)</span> <span class='ocrx_word' id='word_1_498' title='bbox 1581 1801 1625 1842; x_wconf 87' lang='lat' dir='ltr'>in</span> <span class='ocrx_word' id='word_1_499' title='bbox 1649 1813 1735 1855; x_wconf 91' lang='lat' dir='ltr'>quo</span> <span class='ocrx_word' id='word_1_500' title='bbox 1756 1801 1982 1855; x_wconf 87' lang='lat' dir='ltr'>explicavit</span> <span class='ocrx_word' id='word_1_501' title='bbox 2002 1814 2046 1843; x_wconf 89' lang='lat' dir='ltr'>se</span> <span class='ocrx_word' id='word_1_502' title='bbox 2074 1814 2163 1843; x_wconf 90' lang='lat' dir='ltr'>esse</span> <span class='ocrx_word' id='word_1_503' title='bbox 2182 1814 2323 1843; x_wconf 86' lang='lat' dir='ltr'>exem-</span> 
     </span>
     <span class='ocr_line' id='line_1_71' title="bbox 1281 1873 2321 1927; baseline 0.001 -13"><span class='ocrx_word' id='word_1_504' title='bbox 1281 1873 1389 1927; x_wconf 88' lang='lat' dir='ltr'>plar.</span> <span class='ocrx_word' id='word_1_505' title='bbox 1411 1873 1547 1915; x_wconf 88' lang='lat' dir='ltr'>Deum</span> <span class='ocrx_word' id='word_1_506' title='bbox 1568 1885 1658 1914; x_wconf 90' lang='lat' dir='ltr'>esse</span> <span class='ocrx_word' id='word_1_507' title='bbox 1682 1873 1871 1926; x_wconf 88' lang='lat' dir='ltr'>primum</span> <span class='ocrx_word' id='word_1_508' title='bbox 1885 1905 1895 1925; x_wconf 93' lang='lat'>,</span> <span class='ocrx_word' id='word_1_509' title='bbox 1925 1873 2321 1915; x_wconf 85' lang='lat' dir='ltr'>manifestissimum</span> 
     </span>
     <span class='ocr_line' id='line_1_72' title="bbox 1283 1945 2322 2000; baseline 0.003 -15"><span class='ocrx_word' id='word_1_510' title='bbox 1283 1948 1367 1995; x_wconf 90' lang='lat' dir='ltr'>est,</span> <span class='ocrx_word' id='word_1_511' title='bbox 1383 1945 1485 1999; x_wconf 89' lang='lat' dir='ltr'>quia</span> <span class='ocrx_word' id='word_1_512' title='bbox 1503 1957 1557 1986; x_wconf 86' lang='lat' dir='ltr'>ex</span> <span class='ocrx_word' id='word_1_513' title='bbox 1572 1945 1691 1986; x_wconf 89' lang='lat' dir='ltr'>omni</span> <span class='ocrx_word' id='word_1_514' title='bbox 1714 1945 1998 1998; x_wconf 87' lang='lat' dir='ltr'>propositione</span> <span class='ocrx_word' id='word_1_515' title='bbox 2018 1946 2211 2000; x_wconf 86' lang='lat' dir='ltr'>sequitur</span> <span class='ocrx_word' id='word_1_516' title='bbox 2231 1958 2322 1988; x_wconf 85' lang='lat' dir='ltr'>esse</span> 
     </span>
     <span class='ocr_line' id='line_1_73' title="bbox 1282 2016 2315 2070; baseline 0.001 -14"><span class='ocrx_word' id='word_1_517' title='bbox 1282 2018 1432 2058; x_wconf 88' lang='lat' dir='ltr'>Deum.</span> <span class='ocrx_word' id='word_1_518' title='bbox 1472 2016 1610 2057; x_wconf 89' lang='lat' dir='ltr'>Etiam</span> <span class='ocrx_word' id='word_1_519' title='bbox 1647 2017 1682 2057; x_wconf 91' lang='lat' dir='ltr'>si</span> <span class='ocrx_word' id='word_1_520' title='bbox 1714 2016 1853 2067; x_wconf 83' lang='lat' dir='ltr'>dicas3</span> <span class='ocrx_word' id='word_1_521' title='bbox 1894 2032 1914 2055; x_wconf 86' lang='lat'>«</span> <span class='ocrx_word' id='word_1_522' title='bbox 1938 2017 2050 2058; x_wconf 90' lang='lat' dir='ltr'>Deus</span> <span class='ocrx_word' id='word_1_523' title='bbox 2068 2030 2155 2059; x_wconf 90' lang='lat' dir='ltr'>non</span> <span class='ocrx_word' id='word_1_524' title='bbox 2185 2021 2273 2070; x_wconf 84' lang='lat' dir='ltr'>est,</span> <span class='ocrx_word' id='word_1_525' title='bbox 2295 2033 2315 2057; x_wconf 74' lang='lat' dir='ltr'>n</span> 
     </span>
     <span class='ocr_line' id='line_1_74' title="bbox 1282 2088 2318 2143; baseline 0.002 -14"><span class='ocrx_word' id='word_1_526' title='bbox 1282 2088 1392 2130; x_wconf 88' lang='lat' dir='ltr'>Deus</span> <span class='ocrx_word' id='word_1_527' title='bbox 1425 2092 1518 2130; x_wconf 87' lang='lat' dir='ltr'>est:</span> <span class='ocrx_word' id='word_1_528' title='bbox 1548 2089 1648 2143; x_wconf 88' lang='lat' dir='ltr'>quia</span> <span class='ocrx_word' id='word_1_529' title='bbox 1677 2089 1818 2131; x_wconf 90' lang='lat' dir='ltr'>omnis</span> <span class='ocrx_word' id='word_1_530' title='bbox 1850 2090 2084 2143; x_wconf 89' lang='lat' dir='ltr'>propositio</span> <span class='ocrx_word' id='word_1_531' title='bbox 2118 2090 2244 2131; x_wconf 89' lang='lat' dir='ltr'>infert</span> <span class='ocrx_word' id='word_1_532' title='bbox 2274 2102 2318 2131; x_wconf 90' lang='lat' dir='ltr'>se</span> 
     </span>
     <span class='ocr_line' id='line_1_75' title="bbox 1282 2160 2319 2213; baseline 0.002 -12"><span class='ocrx_word' id='word_1_533' title='bbox 1282 2161 1607 2212; x_wconf 85' lang='lat' dir='ltr'>affirmativam,</span> <span class='ocrx_word' id='word_1_534' title='bbox 1638 2163 1679 2201; x_wconf 91' lang='lat' dir='ltr'>et</span> <span class='ocrx_word' id='word_1_535' title='bbox 1709 2161 1988 2213; x_wconf 88' lang='lat' dir='ltr'>negativam:</span> <span class='ocrx_word' id='word_1_536' title='bbox 2022 2164 2070 2202; x_wconf 87' lang='lat' dir='ltr'>ut</span> <span class='ocrx_word' id='word_1_537' title='bbox 2101 2161 2136 2202; x_wconf 91' lang='lat' dir='ltr'>si</span> <span class='ocrx_word' id='word_1_538' title='bbox 2169 2160 2319 2203; x_wconf 87' lang='lat' dir='ltr'>Socra-</span> 
     </span>
     <span class='ocr_line' id='line_1_76' title="bbox 1281 2231 2315 2288; baseline 0.001 -15"><span class='ocrx_word' id='word_1_539' title='bbox 1281 2234 1344 2273; x_wconf 88' lang='lat' dir='ltr'>tes</span> <span class='ocrx_word' id='word_1_540' title='bbox 1367 2232 1414 2286; x_wconf 81' lang='lat' dir='ltr'>(f)</span> <span class='ocrx_word' id='word_1_541' title='bbox 1450 2245 1536 2274; x_wconf 92' lang='lat' dir='ltr'>non</span> <span class='ocrx_word' id='word_1_542' title='bbox 1566 2232 1720 2284; x_wconf 88' lang='lat' dir='ltr'>currit,</span> <span class='ocrx_word' id='word_1_543' title='bbox 1746 2245 1899 2274; x_wconf 87' lang='lat' dir='ltr'>verum</span> <span class='ocrx_word' id='word_1_544' title='bbox 1929 2235 1990 2274; x_wconf 90' lang='lat' dir='ltr'>est</span> <span class='ocrx_word' id='word_1_545' title='bbox 2017 2231 2233 2274; x_wconf 88' lang='lat' dir='ltr'>Socratem</span> <span class='ocrx_word' id='word_1_546' title='bbox 2265 2234 2315 2288; x_wconf 78' lang='lat'>(9)</span> 
     </span>
     <span class='ocr_line' id='line_1_77' title="bbox 1281 2305 2320 2348; baseline 0.003 -3"><span class='ocrx_word' id='word_1_547' title='bbox 1281 2317 1369 2346; x_wconf 90' lang='lat' dir='ltr'>non</span> <span class='ocrx_word' id='word_1_548' title='bbox 1389 2317 1574 2346; x_wconf 88' lang='lat' dir='ltr'>currere.</span> <span class='ocrx_word' id='word_1_549' title='bbox 1596 2305 1893 2347; x_wconf 89' lang='lat' dir='ltr'>Consideratur</span> <span class='ocrx_word' id='word_1_550' title='bbox 1911 2305 2039 2346; x_wconf 89' lang='lat' dir='ltr'>etiam</span> <span class='ocrx_word' id='word_1_551' title='bbox 2056 2305 2151 2347; x_wconf 85' lang='lat' dir='ltr'>haec</span> <span class='ocrx_word' id='word_1_552' title='bbox 2163 2307 2320 2348; x_wconf 87' lang='lat' dir='ltr'>veritas</span> 
     </span>
     <span class='ocr_line' id='line_1_78' title="bbox 1282 2376 2321 2431; baseline 0.003 -15"><span class='ocrx_word' id='word_1_553' title='bbox 1282 2376 1406 2429; x_wconf 84' lang='lat' dir='ltr'>quasi</span> <span class='ocrx_word' id='word_1_554' title='bbox 1427 2377 1472 2417; x_wconf 91' lang='lat' dir='ltr'>in</span> <span class='ocrx_word' id='word_1_555' title='bbox 1492 2377 1664 2430; x_wconf 89' lang='lat' dir='ltr'>speculo</span> <span class='ocrx_word' id='word_1_556' title='bbox 1678 2377 1880 2430; x_wconf 86' lang='lat' dir='ltr'>quodam,</span> <span class='ocrx_word' id='word_1_557' title='bbox 1897 2378 2011 2431; x_wconf 90' lang='lat' dir='ltr'>quod</span> <span class='ocrx_word' id='word_1_558' title='bbox 2029 2378 2258 2430; x_wconf 82' lang='lat' dir='ltr'>confortat,</span> <span class='ocrx_word' id='word_1_559' title='bbox 2281 2383 2321 2420; x_wconf 88' lang='lat' dir='ltr'>et</span> 
     </span>
     <span class='ocr_line' id='line_1_79' title="bbox 1283 2448 2321 2491; baseline 0.003 -3"><span class='ocrx_word' id='word_1_560' title='bbox 1283 2448 1353 2488; x_wconf 89' lang='lat' dir='ltr'>dat</span> <span class='ocrx_word' id='word_1_561' title='bbox 1374 2448 1532 2489; x_wconf 90' lang='lat' dir='ltr'>visum.</span> <span class='ocrx_word' id='word_1_562' title='bbox 1560 2448 1706 2490; x_wconf 87' lang='lat' dir='ltr'>Omnis</span> <span class='ocrx_word' id='word_1_563' title='bbox 1739 2448 1854 2489; x_wconf 89' lang='lat' dir='ltr'>enim</span> <span class='ocrx_word' id='word_1_564' title='bbox 1881 2452 2076 2490; x_wconf 88' lang='lat' dir='ltr'>creatura</span> <span class='ocrx_word' id='word_1_565' title='bbox 2106 2451 2321 2491; x_wconf 89' lang='lat' dir='ltr'>concurrit</span> 
     </span>
     <span class='ocr_line' id='line_1_80' title="bbox 1282 2519 2319 2574; baseline 0.002 -14"><span class='ocrx_word' id='word_1_566' title='bbox 1282 2519 1336 2560; x_wconf 88' lang='lat' dir='ltr'>ad</span> <span class='ocrx_word' id='word_1_567' title='bbox 1364 2519 1445 2560; x_wconf 87' lang='lat' dir='ltr'>hoc</span> <span class='ocrx_word' id='word_1_568' title='bbox 1470 2519 1694 2572; x_wconf 89' lang='lat' dir='ltr'>speculum</span> <span class='ocrx_word' id='word_1_569' title='bbox 1721 2520 1976 2572; x_wconf 83' lang='lat' dir='ltr'>faciendum,</span> <span class='ocrx_word' id='word_1_570' title='bbox 1997 2524 2038 2561; x_wconf 92' lang='lat' dir='ltr'>et</span> <span class='ocrx_word' id='word_1_571' title='bbox 2057 2521 2264 2574; x_wconf 85' lang='lat' dir='ltr'>jungitur</span> <span class='ocrx_word' id='word_1_572' title='bbox 2275 2522 2319 2563; x_wconf 94' lang='lat' dir='ltr'>in</span> 
     </span>
     <span class='ocr_line' id='line_1_81' title="bbox 1282 2591 2315 2647; baseline 0.003 -15"><span class='ocrx_word' id='word_1_573' title='bbox 1282 2591 1362 2632; x_wconf 90' lang='lat' dir='ltr'>hoc</span> <span class='ocrx_word' id='word_1_574' title='bbox 1375 2591 1544 2644; x_wconf 86' lang='lat' dir='ltr'>speculo</span> <span class='ocrx_word' id='word_1_575' title='bbox 1559 2591 1795 2633; x_wconf 88' lang='lat' dir='ltr'>secundum</span> <span class='ocrx_word' id='word_1_576' title='bbox 1804 2592 1919 2634; x_wconf 89' lang='lat' dir='ltr'>viam</span> <span class='ocrx_word' id='word_1_577' title='bbox 1928 2593 2104 2645; x_wconf 88' lang='lat' dir='ltr'>ordinis,</span> <span class='ocrx_word' id='word_1_578' title='bbox 2116 2594 2315 2647; x_wconf 84' lang='lat' dir='ltr'>originis,</span> 
     </span>
     <span class='ocr_line' id='line_1_82' title="bbox 1283 2661 2317 2717; baseline 0.004 -14"><span class='ocrx_word' id='word_1_579' title='bbox 1283 2663 1587 2716; x_wconf 85' lang='lat' dir='ltr'>completionis.</span> <span class='ocrx_word' id='word_1_580' title='bbox 1623 2661 1768 2704; x_wconf 87' lang='lat' dir='ltr'>Primo</span> <span class='ocrx_word' id='word_1_581' title='bbox 1796 2663 2015 2717; x_wconf 85' lang='lat' dir='ltr'>tripliciter</span> <span class='ocrx_word' id='word_1_582' title='bbox 2038 2696 2049 2716; x_wconf 89' lang='lat'>,</span> <span class='ocrx_word' id='word_1_583' title='bbox 2081 2665 2317 2707; x_wconf 89' lang='lat' dir='ltr'>secundum</span> 
     </span>
     <span class='ocr_line' id='line_1_83' title="bbox 1283 2735 2319 2789; baseline 0.004 -14"><span class='ocrx_word' id='word_1_584' title='bbox 1283 2735 1491 2776; x_wconf 88' lang='lat' dir='ltr'>rationem</span> <span class='ocrx_word' id='word_1_585' title='bbox 1517 2735 1762 2788; x_wconf 86' lang='lat' dir='ltr'>posterioris</span> <span class='ocrx_word' id='word_1_586' title='bbox 1784 2736 1837 2777; x_wconf 92' lang='lat' dir='ltr'>ad</span> <span class='ocrx_word' id='word_1_587' title='bbox 1868 2736 2008 2789; x_wconf 90' lang='lat' dir='ltr'>prius,</span> <span class='ocrx_word' id='word_1_588' title='bbox 2041 2740 2082 2778; x_wconf 90' lang='lat' dir='ltr'>et</span> <span class='ocrx_word' id='word_1_589' title='bbox 2109 2738 2319 2780; x_wconf 87' lang='lat' dir='ltr'>inferioris</span> 
     </span>
     <span class='ocr_line' id='line_1_84' title="bbox 1283 2807 2318 2862; baseline 0.003 -14"><span class='ocrx_word' id='word_1_590' title='bbox 1283 2807 1336 2848; x_wconf 90' lang='lat' dir='ltr'>ad</span> <span class='ocrx_word' id='word_1_591' title='bbox 1359 2808 1576 2861; x_wconf 83' lang='lat' dir='ltr'>superiuS,</span> <span class='ocrx_word' id='word_1_592' title='bbox 1598 2811 1639 2849; x_wconf 91' lang='lat' dir='ltr'>et</span> <span class='ocrx_word' id='word_1_593' title='bbox 1667 2808 1869 2862; x_wconf 88' lang='lat' dir='ltr'>temporis</span> <span class='ocrx_word' id='word_1_594' title='bbox 1889 2809 1941 2850; x_wconf 88' lang='lat' dir='ltr'>ad</span> <span class='ocrx_word' id='word_1_595' title='bbox 1962 2821 2129 2861; x_wconf 83' lang='lat' dir='ltr'>aevum,</span> <span class='ocrx_word' id='word_1_596' title='bbox 2147 2810 2216 2852; x_wconf 88' lang='lat' dir='ltr'>vel</span> <span class='ocrx_word' id='word_1_597' title='bbox 2234 2811 2318 2853; x_wconf 87' lang='lat' dir='ltr'>aevi</span> 
     </span>
     <span class='ocr_line' id='line_1_85' title="bbox 1283 2879 2318 2933; baseline 0.004 -13"><span class='ocrx_word' id='word_1_598' title='bbox 1283 2879 1335 2920; x_wconf 89' lang='lat' dir='ltr'>ad</span> <span class='ocrx_word' id='word_1_599' title='bbox 1355 2879 1649 2921; x_wconf 70' lang='lat' dir='ltr'>aeternitatem.</span> <span class='ocrx_word' id='word_1_600' title='bbox 1675 2879 1944 2922; x_wconf 89' lang='lat' dir='ltr'>Manifestum</span> <span class='ocrx_word' id='word_1_601' title='bbox 1967 2881 2082 2922; x_wconf 88' lang='lat' dir='ltr'>enim</span> <span class='ocrx_word' id='word_1_602' title='bbox 2104 2884 2181 2933; x_wconf 87' lang='lat' dir='ltr'>est,</span> <span class='ocrx_word' id='word_1_603' title='bbox 2205 2883 2239 2923; x_wconf 90' lang='lat' dir='ltr'>si</span> <span class='ocrx_word' id='word_1_604' title='bbox 2256 2885 2318 2924; x_wconf 89' lang='lat' dir='ltr'>est</span> 
     </span>
     <span class='ocr_line' id='line_1_86' title="bbox 1283 2952 2317 3010; baseline 0.005 -18"><span class='ocrx_word' id='word_1_605' title='bbox 1283 2952 1518 3004; x_wconf 89' lang='lat' dir='ltr'>posterius,</span> <span class='ocrx_word' id='word_1_606' title='bbox 1541 2955 1603 2993; x_wconf 85' lang='lat' dir='ltr'>est</span> <span class='ocrx_word' id='word_1_607' title='bbox 1623 2952 1763 3006; x_wconf 88' lang='lat' dir='ltr'>prius,</span> <span class='ocrx_word' id='word_1_608' title='bbox 1785 2964 1892 3005; x_wconf 84' lang='lat' dir='ltr'>ergo</span> <span class='ocrx_word' id='word_1_609' title='bbox 1912 2957 1953 2994; x_wconf 89' lang='lat' dir='ltr'>et</span> <span class='ocrx_word' id='word_1_610' title='bbox 1971 2954 2161 3007; x_wconf 89' lang='lat' dir='ltr'>primum</span> <span class='ocrx_word' id='word_1_611' title='bbox 2183 2968 2193 2996; x_wconf 91' lang='lat'>:</span> <span class='ocrx_word' id='word_1_612' title='bbox 2213 2968 2317 3010; x_wconf 85' lang='lat' dir='ltr'>ergo</span> 
     </span>
     <span class='ocr_line' id='line_1_87' title="bbox 1282 3023 2319 3081; baseline 0.006 -17"><span class='ocrx_word' id='word_1_613' title='bbox 1282 3023 1327 3064; x_wconf 92' lang='lat' dir='ltr'>in</span> <span class='ocrx_word' id='word_1_614' title='bbox 1355 3024 1434 3065; x_wconf 90' lang='lat' dir='ltr'>isto</span> <span class='ocrx_word' id='word_1_615' title='bbox 1454 3024 1602 3065; x_wconf 91' lang='lat' dir='ltr'>ordine</span> <span class='ocrx_word' id='word_1_616' title='bbox 1631 3036 1706 3078; x_wconf 87' lang='lat' dir='ltr'>per</span> <span class='ocrx_word' id='word_1_617' title='bbox 1734 3025 1970 3078; x_wconf 88' lang='lat' dir='ltr'>posteriora</span> <span class='ocrx_word' id='word_1_618' title='bbox 2001 3027 2053 3068; x_wconf 90' lang='lat' dir='ltr'>ad</span> <span class='ocrx_word' id='word_1_619' title='bbox 2087 3028 2255 3081; x_wconf 88' lang='lat' dir='ltr'>priora,</span> <span class='ocrx_word' id='word_1_620' title='bbox 2277 3031 2319 3070; x_wconf 87' lang='lat' dir='ltr'>et</span> 
     </span>
     <span class='ocr_line' id='line_1_88' title="bbox 1282 3095 2318 3149; baseline 0.004 -14"><span class='ocrx_word' id='word_1_621' title='bbox 1282 3095 1336 3136; x_wconf 90' lang='lat' dir='ltr'>ad</span> <span class='ocrx_word' id='word_1_622' title='bbox 1372 3095 1561 3148; x_wconf 88' lang='lat' dir='ltr'>primum</span> <span class='ocrx_word' id='word_1_623' title='bbox 1601 3095 1865 3149; x_wconf 89' lang='lat' dir='ltr'>pervenitur.</span> <span class='ocrx_word' id='word_1_624' title='bbox 1905 3097 2056 3139; x_wconf 85' lang='lat' dir='ltr'>Omnia</span> <span class='ocrx_word' id='word_1_625' title='bbox 2099 3099 2215 3140; x_wconf 85' lang='lat' dir='ltr'>enim</span> <span class='ocrx_word' id='word_1_626' title='bbox 2250 3098 2318 3140; x_wconf 89' lang='lat' dir='ltr'>vel</span> 
     </span>
     <span class='ocr_line' id='line_1_89' title="bbox 1283 3167 2314 3223; baseline 0.005 -17"><span class='ocrx_word' id='word_1_627' title='bbox 1283 3169 1385 3206; x_wconf 90' lang='lat' dir='ltr'>sunt</span> <span class='ocrx_word' id='word_1_628' title='bbox 1412 3167 1670 3219; x_wconf 87' lang='lat' dir='ltr'>posteriora,</span> <span class='ocrx_word' id='word_1_629' title='bbox 1693 3167 1762 3208; x_wconf 87' lang='lat' dir='ltr'>vel</span> <span class='ocrx_word' id='word_1_630' title='bbox 1783 3167 1945 3219; x_wconf 89' lang='lat' dir='ltr'>media,</span> <span class='ocrx_word' id='word_1_631' title='bbox 1969 3169 2038 3210; x_wconf 89' lang='lat' dir='ltr'>vel</span> <span class='ocrx_word' id='word_1_632' title='bbox 2062 3170 2213 3223; x_wconf 83' lang='lat' dir='ltr'>prima.</span> <span class='ocrx_word' id='word_1_633' title='bbox 2240 3169 2314 3212; x_wconf 87' lang='lat' dir='ltr'>Se·</span> 
     </span>
     <span class='ocr_line' id='line_1_90' title="bbox 1282 3237 2318 3293; baseline 0.004 -15"><span class='ocrx_word' id='word_1_634' title='bbox 1282 3238 1421 3279; x_wconf 89' lang='lat' dir='ltr'>cundo</span> <span class='ocrx_word' id='word_1_635' title='bbox 1457 3241 1520 3278; x_wconf 89' lang='lat' dir='ltr'>est</span> <span class='ocrx_word' id='word_1_636' title='bbox 1554 3237 1656 3279; x_wconf 88' lang='lat' dir='ltr'>ordo</span> <span class='ocrx_word' id='word_1_637' title='bbox 1692 3237 1904 3279; x_wconf 80' lang='lat' dir='ltr'>inferioris</span> <span class='ocrx_word' id='word_1_638' title='bbox 1940 3240 1992 3280; x_wconf 89' lang='lat' dir='ltr'>ad</span> <span class='ocrx_word' id='word_1_639' title='bbox 2025 3240 2242 3293; x_wconf 83' lang='lat' dir='ltr'>superiuS‚</span> <span class='ocrx_word' id='word_1_640' title='bbox 2277 3245 2318 3283; x_wconf 89' lang='lat' dir='ltr'>et</span> 
     </span>
     <span class='ocr_line' id='line_1_91' title="bbox 1283 3308 2313 3363; baseline 0.005 -13"><span class='ocrx_word' id='word_1_641' title='bbox 1283 3308 1514 3362; x_wconf 89' lang='lat' dir='ltr'>superioris</span> <span class='ocrx_word' id='word_1_642' title='bbox 1533 3309 1587 3349; x_wconf 90' lang='lat' dir='ltr'>ad</span> <span class='ocrx_word' id='word_1_643' title='bbox 1605 3321 1852 3361; x_wconf 87' lang='lat' dir='ltr'>summum,</span> <span class='ocrx_word' id='word_1_644' title='bbox 1876 3322 1974 3363; x_wconf 87' lang='lat' dir='ltr'>quae</span> <span class='ocrx_word' id='word_1_645' title='bbox 1994 3310 2153 3353; x_wconf 88' lang='lat' dir='ltr'>habent</span> <span class='ocrx_word' id='word_1_646' title='bbox 2173 3324 2313 3355; x_wconf 87' lang='lat' dir='ltr'>essen-</span> 
     </span>
    </p>
   </div>
   <div class='ocr_carea' id='block_1_7' title="bbox 1282 3391 2317 3571">
    <p class='ocr_par' dir='ltr' id='par_1_7' title="bbox 1282 3391 2317 3571">
     <span class='ocr_line' id='line_1_92' title="bbox 1282 3391 2313 3434; baseline 0.006 -11"><span class='ocrx_word' id='word_1_647' title='bbox 1282 3409 1324 3417; x_wconf 90' lang='lat'>—-</span> <span class='ocrx_word' id='word_1_648' title='bbox 1341 3391 1383 3432; x_wconf 73' lang='grc' dir='ltr'>(ὁ)</span> <span class='ocrx_word' id='word_1_649' title='bbox 1405 3392 1489 3424; x_wconf 80' lang='lat' dir='ltr'>Caet.</span> <span class='ocrx_word' id='word_1_650' title='bbox 1509 3391 1591 3423; x_wconf 70' lang='lat' dir='ltr'>edit.</span> <span class='ocrx_word' id='word_1_651' title='bbox 1610 3391 1698 3423; x_wconf 77' lang='lat' dir='ltr'>deest</span> <span class='ocrx_word' id='word_1_652' title='bbox 1719 3394 1776 3424; x_wconf 87' lang='lat' dir='ltr'>aut</span> <span class='ocrx_word' id='word_1_653' title='bbox 1796 3392 1828 3423; x_wconf 92' lang='lat' dir='ltr'>in</span> <span class='ocrx_word' id='word_1_654' title='bbox 1846 3395 2021 3433; x_wconf 82' lang='lat' dir='ltr'>quantum.</span> <span class='ocrx_word' id='word_1_655' title='bbox 2043 3410 2084 3417; x_wconf 90' lang='lat'>—</span> <span class='ocrx_word' id='word_1_656' title='bbox 2104 3394 2147 3434; x_wconf 88' lang='lat' dir='ltr'>(c)</span> <span class='ocrx_word' id='word_1_657' title='bbox 2167 3396 2260 3429; x_wconf 80' lang='lat' dir='ltr'>Item.</span> <span class='ocrx_word' id='word_1_658' title='bbox 2278 3414 2313 3420; x_wconf 91' lang='lat'>—</span> 
     </span>
     <span class='ocr_line' id='line_1_93' title="bbox 1283 3439 2317 3483; baseline 0.006 -12"><span class='ocrx_word' id='word_1_659' title='bbox 1283 3441 1338 3482; x_wconf 81' lang='lat' dir='ltr'>(d)</span> <span class='ocrx_word' id='word_1_660' title='bbox 1362 3441 1441 3472; x_wconf 79' lang='lat' dir='ltr'>Coet.</span> <span class='ocrx_word' id='word_1_661' title='bbox 1471 3439 1554 3472; x_wconf 69' lang='lat' dir='ltr'>edit.</span> <span class='ocrx_word' id='word_1_662' title='bbox 1577 3439 1666 3471; x_wconf 79' lang='lat' dir='ltr'>deest</span> <span class='ocrx_word' id='word_1_663' title='bbox 1696 3441 1747 3472; x_wconf 90' lang='lat' dir='ltr'>Ut.</span> <span class='ocrx_word' id='word_1_664' title='bbox 1772 3457 1806 3462; x_wconf 86' lang='lat'>—</span> <span class='ocrx_word' id='word_1_665' title='bbox 1833 3440 1868 3480; x_wconf 82' lang='lat' dir='ltr'>(e)</span> <span class='ocrx_word' id='word_1_666' title='bbox 1893 3439 1990 3481; x_wconf 77' lang='lat' dir='ltr'>Vulg.</span> <span class='ocrx_word' id='word_1_667' title='bbox 2013 3441 2092 3481; x_wconf 78' lang='lat' dir='ltr'>Quis</span> <span class='ocrx_word' id='word_1_668' title='bbox 2109 3444 2191 3483; x_wconf 76' lang='lat' dir='ltr'>fecit</span> <span class='ocrx_word' id='word_1_669' title='bbox 2209 3453 2244 3476; x_wconf 82' lang='lat' dir='ltr'>os</span> <span class='ocrx_word' id='word_1_670' title='bbox 2263 3444 2317 3477; x_wconf 84' lang='grc' dir='ltr'><em>Ιιο·</em></span> 
     </span>
     <span class='ocr_line' id='line_1_94' title="bbox 1283 3486 2315 3529; baseline 0.006 -11"><span class='ocrx_word' id='word_1_671' title='bbox 1283 3487 1407 3519; x_wconf 74' lang='lat' dir='ltr'>minis?</span> <span class='ocrx_word' id='word_1_672' title='bbox 1438 3505 1479 3512; x_wconf 93' lang='lat'>—</span> <span class='ocrx_word' id='word_1_673' title='bbox 1507 3487 1554 3527; x_wconf 82' lang='lat' dir='ltr'>(f)</span> <span class='ocrx_word' id='word_1_674' title='bbox 1589 3487 1670 3520; x_wconf 80' lang='lat' dir='ltr'>Coel.</span> <span class='ocrx_word' id='word_1_675' title='bbox 1701 3486 1781 3518; x_wconf 77' lang='lat' dir='ltr'>edit.</span> <span class='ocrx_word' id='word_1_676' title='bbox 1815 3489 1944 3520; x_wconf 80' lang='lat' dir='ltr'>Sortes.</span> <span class='ocrx_word' id='word_1_677' title='bbox 1973 3504 2013 3512; x_wconf 91' lang='lat'>-—</span> <span class='ocrx_word' id='word_1_678' title='bbox 2044 3489 2088 3529; x_wconf 70' lang='lat'>(9)</span> <span class='ocrx_word' id='word_1_679' title='bbox 2121 3490 2201 3523; x_wconf 81' lang='lat' dir='ltr'>Coet.</span> <span class='ocrx_word' id='word_1_680' title='bbox 2234 3492 2315 3524; x_wconf 78' lang='lat' dir='ltr'>edit.</span> 
     </span>
     <span class='ocr_line' id='line_1_95' title="bbox 1284 3539 1432 3571; baseline -0.02 0"><span class='ocrx_word' id='word_1_681' title='bbox 1284 3539 1432 3571; x_wconf 76' lang='lat' dir='ltr'>sortem.</span> 
     </span>
    </p>
   </div>
   <div class='ocr_carea' id='block_1_8' title="bbox 2339 2684 2478 2842">
    <p class='ocr_par' dir='ltr' id='par_1_8' title="bbox 2339 2684 2478 2842">
     <span class='ocr_line' id='line_1_96' title="bbox 2384 2684 2478 2710; baseline 0.011 -1"><span class='ocrx_word' id='word_1_682' title='bbox 2384 2684 2478 2710; x_wconf 82' lang='lat' dir='ltr'>Deum</span> 
     </span>
     <span class='ocr_line' id='line_1_97' title="bbox 2339 2724 2478 2750; baseline 0 0"><span class='ocrx_word' id='word_1_683' title='bbox 2339 2730 2402 2750; x_wconf 66' lang='lat' dir='ltr'>esse</span> <span class='ocrx_word' id='word_1_684' title='bbox 2430 2724 2478 2750; x_wconf 63' lang='lat' dir='ltr'>tji-</span> 
     </span>
     <span class='ocr_line' id='line_1_98' title="bbox 2350 2766 2461 2800; baseline 0.018 -9"><span class='ocrx_word' id='word_1_685' title='bbox 2350 2766 2461 2800; x_wconf 85' lang='lat' dir='ltr'>pliciter</span> 
     </span>
     <span class='ocr_line' id='line_1_99' title="bbox 2340 2807 2478 2842; baseline 0.007 -10"><span class='ocrx_word' id='word_1_686' title='bbox 2340 2807 2478 2842; x_wconf 41' lang='lat' dir='ltr'>lif-*batur</span> 
     </span>
    </p>
   </div>
  </div>
 </body>
</html>
