2633 3878
186 1823 294 1848 Rerum

154 1873 204 1891 cot·
211 1866 287 1892 ride-

156 1910 226 1936 ralio
266 1910 294 1936 in

169 1960 284 1987 compa-

171 1998 281 2026 ratione

156 2041 189 2067 ad
203 2043 296 2069 Deum

300 217 351 255 sso
998 210 1442 252 ILLUMINATIONES
1473 210 1735 253 ECCLESIAE

301 304 424 344 modo
450 306 511 344 est
529 303 574 343 in
594 304 654 343 eis
678 303 813 343 virtus
832 301 1064 351 elevativa,
1093 313 1167 354 per
1193 312 1322 353 quam

300 386 376 415 nos
395 376 540 427 aptant
560 386 634 427 per
655 372 1046 415 condescensionem
1067 374 1107 412 et
1124 371 1322 412 elevatio-

301 457 398 485 nem
431 446 481 486 ad
514 445 635 486 illum
666 445 836 486 radium
869 442 1205 496 susciplendum,
1238 454 1325 482 non

302 519 503 569 tanquam
530 517 804 569 perficientes.
836 516 938 556 ltcm
959 517 1020 555 cst
1040 515 1083 554 in
1103 515 1161 554 615
1189 514 1327 554 virtus

301 600 520 640 suprema,
555 601 637 641 qua
666 601 708 628 se
745 588 796 627 ad
830 587 963 627 Deum
1001 589 1254 627 convertunt
1283 586 1327 626 in

303 660 562 712 susceptione
575 658 847 711 splendorum
869 661 1037 698 seternae
1058 657 1178 708 lucis,
1199 670 1328 710 quam

303 734 459 781 amant,
480 733 521 770 et
539 730 682 770 omnia
701 730 907 770 reducunt
927 729 978 769 ad
1000 729 1152 782 ipsam,
1173 732 1221 769 ut
1241 731 1329 769 ten-

304 801 403 842 dant
422 801 464 841 in
486 801 616 841 Deum
640 813 711 853 per
730 812 918 841 amorem
942 803 982 841 et
1009 800 1192 841 laudem.
1214 799 1330 840 Unde

306 873 348 912 in
374 872 447 915 Job
467 872 618 913 dicitur
637 876 646 897 ¹
668 888 675 913 z
707 888 725 910 «
745 871 822 913 Ubi
844 884 951 922 eras,
975 884 1073 912 cum
1097 884 1163 912 me
1183 871 1328 911 lauda—

306 947 398 983 rent
433 947 545 984 astra
579 943 804 994 matutina,
841 946 880 983 et
912 943 1146 996 jubilarent
1185 954 1332 983 omnes

307 1014 382 1054 filii
414 1014 514 1054 Dei?
543 1029 562 1052 ›)
588 1014 638 1054 Et
666 1015 746 1054 hoc
780 1017 914 1054 totum
947 1016 1168 1054 senserunt
1197 1013 1333 1066 philo-

307 1085 442 1138 sophi.
474 1085 575 1126 Item
602 1085 744 1138 angeli
771 1088 869 1126 sunt
900 1098 953 1126 ex
983 1086 1063 1126 hoc
1094 1086 1334 1138 gratiarum

305 1158 512 1198 actionem
544 1157 713 1207 facturi,
747 1157 836 1198 sive
861 1157 1010 1197 acturi.
1049 1156 1223 1206 Quando
1256 1156 1336 1197 1106

306 1228 457 1270 viderit
474 1228 637 1278 anima,
665 1228 824 1280 ingerit
848 1241 891 1269 se
921 1228 1107 1280 angelis,
1142 1230 1182 1268 et
1210 1228 1337 1268 intrat

308 1299 525 1352 speculum
546 1299 751 1351 ipsorum.

361 1370 526 1412 Tertius
553 1370 711 1422 gradus
737 1372 818 1420 est,
849 1369 961 1422 quod
988 1369 1076 1422 ipse
1103 1369 1338 1410 intellectus

307 1442 574 1483 considerans
596 1441 852 1482 conditiones
881 1441 988 1481 entis
1016 1441 1248 1481 secundum
1269 1454 1339 1482 re-

308 1513 509 1554 lationem
529 1525 666 1554 causae
685 1512 738 1553 ad
757 1515 992 1563 causatum,
1011 1513 1208 1552 transfert
1223 1525 1266 1552 se
1287 1513 1338 1552 ab

309 1585 461 1626 effectu
480 1585 531 1624 ad
553 1596 716 1634 causas,
733 1586 771 1624 et
789 1583 938 1624 transit
952 1584 1002 1624 ad
1018 1583 1201 1624 rationes
1221 1586 1339 1623 feter-

310 1669 402 1698 nas.
433 1656 580 1697 Differt
608 1669 732 1697 causa
761 1669 785 1696 a
823 1656 1027 1706 causatis,
1068 1655 1169 1708 quia
1205 1655 1344 1707 prima

313 1741 438 1770 causa
464 1731 525 1768 est
555 1740 628 1768 ens
662 1729 877 1781 primum,
915 1730 955 1767 et
988 1739 1013 1767 a
1044 1738 1087 1766 se
1122 1728 1344 1766 causatum

313 1801 585 1855 productum.
618 1800 752 1841 Causa
774 1799 914 1852 prima
946 1801 1008 1839 est
1040 1810 1115 1839 ens
1140 1797 1341 1850 simplex3

316 1875 535 1913 causatum
553 1884 626 1912 cns
645 1872 948 1925 compositum:
971 1883 1097 1911 causa
1117 1870 1255 1923 prima
1272 1880 1345 1909 6115

316 1956 497 1997 purum,
539 1946 757 1984 causatum
790 1955 863 1983 ens
894 1943 1183 1995 permixtum:
1218 1953 1346 1981 causa

316 2015 453 2068 prima
472 2028 545 2056 ens
571 2016 728 2065 fixuni;
757 2017 977 2055 causatum
1003 2026 1077 2054 6115
1103 2013 1343 2053 variatum:

317 2100 418 2128 caus
437 2087 576 2140 prima
594 2099 668 2126 ens
685 2085 949 2132 absolutum3
973 2087 1013 2125 et
1030 2087 1251 2125 causatum
1273 2095 1348 2124 ens

317 2159 563 2210 alligatum:
586 2170 714 2198 causa
733 2157 871 2210 prima
890 2168 965 2196 ens
985 2156 1236 2208 perfectum3
1255 2168 1349 2195 cau-

318 2232 458 2271 satum
477 2229 751 2270 diminutum.
771 2228 870 2269 I-Iaec
890 2230 991 2268 snut
1011 2227 1255 2267 certissima.
1281 2226 1349 2266 111-

320 2300 557 2352 telligentia
582 2301 715 2340 fertur
744 2300 787 2339 111
811 2299 922 2339 1111116
942 2298 1080 2339 11166111
1101 2298 1345 2350 tripliciter:

322 2372 632 2422 ratiocinando,
655 2371 931 2424 experiendo,
958 2369 1234 2421 intelligendo
1248 2384 1257 2419 ;
1280 2381 1348 2409 ra-

321 2442 632 2491 tiocinabiliter,
668 2441 1065 2495 experinientaliter,
1102 2440 1347 2491 intelligen-

322 2514 490 2554 tialiter.
525 2513 605 2554 Per
635 2514 749 2554 viam
773 2513 946 2553 rationis
975 2512 1062 2552 sic:
1105 2512 1149 2552 Si
1183 2514 1245 2552 est
1276 2522 1350 2551 ens

324 2586 576 2638 productum
591 2618 602 2636 ,
626 2597 730 2635 ergo
755 2587 816 2625 est
839 2597 912 2625 ens
931 2584 1139 2637 primum,
1166 2584 1268 2637 quia
1291 2585 1348 2624 ef-

326 2657 457 2697 fectus
475 2658 591 2710 ponit
611 2668 795 2696 causam.
814 2656 858 2696 Si
878 2656 991 2695 enim
1005 2657 1064 2695 est
1085 2667 1158 2695 ens
1177 2655 1228 2694 ab
1247 2654 1347 2704 alio,

329 2728 559 2768 secundum
581 2727 714 2775 aliud,
737 2730 778 2766 et
809 2729 979 2778 propter
999 2726 1133 2775 aliud,
1165 2737 1272 2776 ergo
1292 2728 1355 2766 est

330 2810 404 2838 ens
425 2810 449 2837 a
467 2809 525 2848 se,
545 2797 777 2838 secundum
796 2809 854 2846 se,
871 2798 912 2836 et
932 2799 1099 2849 propter
1116 2808 1173 2836 se.
1198 2795 1300 2834 ltem
1319 2794 1353 2834 si

328 2872 390 2909 est
410 2868 705 2921 compositum,
722 2869 883 2920 oportet
902 2878 992 2907 esse
1011 2865 1204 2919 simplex,
1223 2878 1248 2905 a
1267 2876 1352 2917 quo

327 2938 454 2979 habet
479 2950 589 2988 6556,
622 2938 724 2991 quia
751 2949 876 2978 omne
899 2937 1011 2990 quod
1035 2936 1190 2977 recedit
1213 2948 1238 2976 a
1257 2936 1356 2975 sim-

328 3010 534 3063 plicitate,
563 3009 672 3049 cadit
695 3009 741 3049 iu
771 3008 1066 3061 compositum.
1096 3008 1201 3048 Item
1235 3007 1270 3047 51
1293 3009 1356 3047 est

329 3093 403 3122 6115
417 3080 691 3133 permixtum,
708 3091 878 3120 necesse
894 3082 955 3119 est
977 3090 1066 3118 esse
1086 3090 1161 3118 ens
1174 3089 1353 3130 purum:

330 3154 523 3192 creatura
542 3153 685 3191 autem
711 3150 830 3190 nulla
848 3162 970 3202 pura.
1001 3149 1105 3189 [tem
1132 3148 1167 3187 si
1196 3150 1257 3188 est
1282 3159 1357 3187 6115

328 3223 559 3264 secundum
597 3234 641 3263 se
682 3222 894 3262 variatum
910 3251 922 3269 ,
962 3231 1128 3261 11666556
1165 3221 1228 3259 est
1268 3230 1357 3259 6556

329 3294 486 3344 fixum,
508 3293 608 3347 quia
628 3292 782 3334 mobile
807 3291 1025 3332 reducitur
1052 3291 1105 3331 ad
1123 3289 1354 3330 immobile.

377 3422 382 3439 ¹
415 3421 491 3461 Job,
528 3430 684 3461 xxxvm,
714 3425 743 3454 7.
770 3440 810 3446 —
841 3422 854 3443 ²
884 3421 997 3461 Arist„
1029 3421 1144 3461 Physn,
1177 3420 1233 3451 lib.
1267 3421 1358 3461 vni,

333 3472 414 3502 text.
436 3471 487 3508 73,
508 3472 566 3510 723
587 3471 626 3502 de
649 3471 744 3512 Cra„
764 3471 821 3503 lib.
845 3472 870 3512 l,
888 3472 970 3503 text.
994 3471 1069 3510 1183
1093 3469 1152 3500 lib.
1177 3470 1216 3508 ll,
1237 3471 1319 3500 text.
1344 3472 1355 3500 1

335 3520 367 3548 ct
389 3526 460 3558 seq.
480 3535 520 3540 —
545 3517 558 3539 ³
577 3518 639 3557 ld„
665 3519 704 3549 (le
733 3520 858 3558 Anim„
886 3518 945 3550 lib.
975 3518 1004 3557 Ι,
1034 3519 1115 3549 text.
1138 3525 1225 3549 com.
1248 3517 1299 3549 85.
1321 3533 1359 3539 --

1395 299 1506 342 Mota
1530 301 1646 342 enim
1667 313 1811 352 manu,
1837 302 1917 341 stat
1938 301 2126 352 cubitus;
2159 304 2199 343 et
2219 305 2331 344 moto
2351 315 2427 344 cu-

1395 371 1498 423 bito,
1522 375 1602 413 stat
1619 373 1840 413 humeruS.
1864 372 1915 413 Et
1934 373 1993 412 516
2014 385 2178 426 semper
2204 374 2314 426 quod
2338 386 2427 415 mo-

1396 445 1534 494 vetur,
1568 443 1809 484 movebitur
1835 455 1909 496 per
1937 443 2106 496 aliquod
2134 445 2288 486 fixum.
2321 445 2450 486 Item.

1399 514 1432 553 si
1447 514 1544 554 dare
1559 516 1623 553 est
1636 513 1876 565 alligatum,
1893 526 1996 566 ergo
2008 514 2267 556 absolutum.
2283 515 2428 557 Omnis

1399 586 1590 625 creatura
1616 584 1790 635 alligata
1811 588 1871 625 est
1898 586 2021 626 alicui
2050 586 2198 637 generi
2221 586 2428 639 praedica-

1401 658 1677 696 mentorum:
1711 655 1782 695 sed
1814 655 1925 708 quod
1965 656 2187 708 alligatum
2224 660 2305 708 est,
2343 668 2430 698 non

1402 730 1605 767 mutuum
1635 726 1705 766 dat
1730 725 1849 766 alteri
1882 738 2001 767 esse:
2037 739 2141 779 ergo
2176 740 2344 769 necesse
2371 731 2433 770 est

1403 797 1644 838 absolutum
1664 809 1771 847 esse,
1796 810 1821 837 a
1840 809 1924 849 quo
1946 798 2119 850 recipiet
2147 810 2250 840 esse.
2275 799 2380 840 Item
2397 800 2433 840 si

1403 872 1465 910 est
1484 881 1558 910 ens
1580 868 1854 916 diminutum,
1871 880 2038 909 necesse
2058 871 2120 909 est
2139 881 2228 910 esse
2249 882 2323 910 ens
2343 882 2431 923 per-

1404 941 1574 981 fectum.
1598 939 1647 980 Et
1666 939 1745 979 hac
1763 940 1830 980 via
1851 939 2036 992 procedit
2055 939 2335 994 Philosophus
2348 943 2362 964 2
2381 941 2435 983 ad

1406 1011 1713 1052 ostendendum
1733 1010 1943 1050 mnndum
1970 1012 2201 1062 aeternum,
2227 1011 2327 1065 quia
2346 1025 2436 1053 om—

1407 1095 1506 1123 nem
1537 1085 1701 1122 motum
1736 1085 1776 1123 et
1806 1081 2038 1122 motionem
2070 1084 2268 1136 praecedit
2295 1087 2437 1125 motus

1407 1153 1550 1195 localis
1582 1153 1855 1204 circulariter,
1889 1153 1990 1206 quia
2017 1155 2224 1206 perfectus
2253 1157 2329 1197 est.
2359 1155 2438 1197 Sed

1409 1225 1770 1279 respondendum,
1798 1225 1909 1278 quod
1941 1238 2093 1267 verum
2120 1229 2181 1267 est
2210 1228 2324 1281 quod
2343 1239 2438 1282 per-

1410 1297 1541 1337 fectus
1563 1298 1624 1336 est
1643 1297 1738 1336 ante
1758 1295 2033 1347 diminutum,
2050 1296 2264 1349 loquendo
2278 1298 2328 1338 de
2349 1310 2442 1351 per-

1410 1369 1517 1409 fecto
1537 1368 1780 1420 simpliciter
1793 1383 1802 1418 ;
1826 1368 1899 1409 sed
1921 1381 2008 1409 non
2029 1369 2079 1409 de
2099 1369 2281 1421 perfecto
2299 1369 2345 1409 in
2364 1381 2439 1422 ge-

1412 1452 1534 1490 nere,
1558 1440 1695 1493 qualis
1721 1442 1781 1480 est
1811 1442 1950 1480 motus
1974 1439 2131 1480 localis.
2154 1439 2204 1480 Et
2235 1441 2292 1481 sic
2311 1440 2444 1481 fertur

1413 1511 1692 1563 intelligentia
1732 1510 2044 1551 ratiocinando:
2086 1511 2218 1551 fertur
2249 1510 2444 1552 similiter

1415 1583 1686 1636 experiendo.
1717 1582 1784 1622 Sic
1809 1581 2063 1634 productum
2088 1584 2281 1634 respectu
2314 1581 2439 1634 primi

1417 1654 1667 1695 defectivum
1694 1656 1781 1702 est·‚
1814 1652 2005 1692 similiter
2029 1653 2330 1705 compositum,
2357 1664 2443 1693 res-

1416 1728 1541 1780 pectu
1565 1724 1786 1777 simplicis;
1819 1723 2012 1765 similiter
2044 1723 2326 1776 permixtum,
2355 1736 2444 1764 res-

1418 1800 1541 1850 pectu
1560 1797 1678 1850 puri3
1702 1799 1741 1837 et
1763 1795 1822 1836 sic
1854 1795 1905 1836 de
1933 1795 2027 1835 aliis
2050 1810 2058 1836 ε
2094 1808 2200 1848 ergo
2228 1796 2373 1836 dicunt
2395 1795 2446 1849 (a)

1418 1867 1709 1921 privationes:
1744 1867 1815 1907 sed
1849 1866 2107 1919 privationes
2147 1879 2233 1908 non
2264 1880 2448 1920 cognos-

1420 1941 1587 1989 cuntur,
1612 1938 1693 1977 nisi
1715 1949 1788 1990 per
1809 1937 1980 1978 habitus
2000 1949 2112 1978 suos.
2139 1937 2314 1978 Rectum
2335 1938 2449 1979 enim

1421 2014 1481 2051 est
1495 2011 1631 2063 judex
1650 2010 1715 2049 sui
1735 2011 1776 2049 et
1795 2009 1971 2062 obliqui.
1998 2008 2047 2049 Et
2064 2009 2099 2048 si
2117 2012 2131 2034 ³
2152 2010 2289 2050 omnis
2306 2010 2452 2062 cogni-

1423 2082 1478 2122 tio
1501 2082 1550 2121 fit
1575 2093 1627 2120 ex
1656 2079 1944 2133 praeexistenti
1966 2079 2230 2131 cognitione,
2252 2092 2355 2133 ergo
2374 2093 2448 2121 ne-

1423 2152 1603 2194 cessario
1621 2151 1633 2173 ¹‘
1652 2151 1934 2203 intelligentia
1956 2151 2175 2204 experitur
2193 2152 2238 2192 in
2257 2164 2315 2202 se,
2338 2153 2451 2205 quod

1422 2225 1575 2266 habeat
1602 2223 1769 2275 aliquod
1797 2222 1964 2272 lumen,
1996 2234 2070 2274 per
2097 2222 2209 2275 quod
2230 2226 2453 2274 cognoscat

1424 2295 1612 2347 primum
1633 2305 1735 2333 6556.
1766 2292 1832 2332 Sic
1858 2292 1993 2343 igitur
2018 2292 2084 2332 1115
2109 2293 2448 2346 praesuppositis,

1425 2366 1664 2407 intellectus
1683 2364 1903 2415 intelligit,
1927 2365 1968 2403 et
1994 2363 2094 2404 dicit
2115 2378 2123 2404 :
2149 2363 2343 2404 Primum
2363 2376 2453 2405 6556

1425 2439 1534 2481 1111111
1554 2450 1654 2479 vere
1675 2449 1765 2477 esse
1785 2436 1996 2487 convenit,
2021 2435 2102 2475 nisi
2123 2436 2260 2489 primo
2280 2448 2390 2477 esse:
2415 2439 2455 2477 et

1426 2511 1479 2552 ab
1500 2510 1591 2563 ipso
1616 2507 1761 2549 omnia
1779 2507 1937 2548 habent
1956 2518 2066 2558 esse,
2086 2507 2187 2560 quia
2205 2506 2313 2547 nulli
2331 2507 2453 2557 inest,

1427 2582 1507 2622 nisi
1530 2580 1667 2634 primo
1696 2590 1800 2619 esse.
1833 2578 2035 2619 Similiter
2058 2578 2238 2631 simplex
2257 2589 2370 2629 esse,
2393 2582 2456 2620 est

1427 2651 1670 2704 simpliciter
1700 2650 1931 2702 perfectum
1963 2659 2054 2688 6556
2089 2663 2097 2688 :
2133 2660 2239 2699 ergo
2276 2650 2339 2688 est
2369 2660 2455 2701 quo

1428 2722 1536 2763 nihil
1556 2720 1809 2772 intelligitur
1829 2719 1996 2759 melius.
2016 2718 2133 2759 Unde
2151 2718 2260 2758 Deus
2280 2730 2366 2758 non
2386 2730 2457 2771 po-

1427 2795 1507 2833 test
1527 2791 1703 2843 cogitari
1720 2802 1807 2830 non
1826 2801 1931 2839 esse,
1954 2791 2002 2829 ut
2022 2789 2171 2841 probat
2187 2788 2455 2830 Anselmu55.

1430 2864 1606 2913 Quando
1626 2863 1767 2903 anima
1792 2861 1902 2902 videt
1922 2861 2001 2901 hoc
2019 2860 2296 2912 familiariter,
2319 2861 2458 2914 primo

1430 2933 1732 2985 ratiocinando,
1756 2932 1938 2973 secundo
1958 2931 2231 2984 experiendo,
2251 2931 2374 2972 tertio
2394 2931 2457 2972 in-

1430 3005 1679 3056 telligendo,
1708 3006 1810 3044 tunc
1832 3003 1892 3043 ibi
1922 3004 2058 3055 potest
2087 3002 2316 3055 quiescere.
2344 3002 2460 3044 Unde

1430 3075 1719 3118 ratiocinando
1750 3075 1877 3115 infert
1909 3085 1985 3126 per
2015 3073 2254 3126 oppositum
2279 3085 2288 3114 :
2324 3072 2369 3115 Si
2398 3075 2460 3114 est

1432 3147 1657 3200 posterius,
1679 3147 1740 3185 est
1767 3144 1887 3197 prius
1906 3157 1914 3183 :
1941 3143 1975 3183 si
1997 3146 2059 3184 est
2079 3143 2376 3196 compositum,
2398 3144 2461 3184 est

1433 3218 1629 3271 simplex.
1651 3215 2060 3269 Experimentaliter,
2080 3215 2182 3267 quia
2201 3214 2460 3267 privationes

1432 3301 1521 3330 non
1541 3289 1868 3341 cognoscuntur,
1890 3286 1970 3326 nisi
1993 3287 2039 3326 in
2061 3285 2268 3339 positione
2288 3296 2456 3325 causae:

1435 3419 1474 3424 —
1493 3401 1506 3422 ¹⁶
1522 3401 1584 3441 ld„
1604 3401 1745 3440 Foster„
1763 3399 1820 3431 lib.
1839 3399 1864 3439 l,
1883 3399 1966 3430 text.
1983 3400 2012 3430 1.
2031 3414 2072 3422 —
2089 3396 2279 3439 SAnselm„
2299 3395 2458 3437 Prosloq„

1435 3449 1680 3480 c.111etxx11.

1478 3513 1521 3555 (α)
1544 3515 1620 3546 Gaet.
1641 3513 1722 3545 eclz't.
1744 3512 1913 3545 dicuntur.
