<?xml version="1.0" encoding="UTF-8"?>
<!DOCTYPE html PUBLIC "-//W3C//DTD XHTML 1.0 Transitional//EN"
    "http://www.w3.org/TR/xhtml1/DTD/xhtml1-transitional.dtd">
<html xmlns="http://www.w3.org/1999/xhtml" xml:lang="en" lang="en">
 <head>
  <title>
</title>
<meta http-equiv="Content-Type" content="text/html;charset=utf-8" />
  <meta name='ocr-system' content='tesseract 3.04.00' />
  <meta name='ocr-capabilities' content='ocr_page ocr_carea ocr_par ocr_line ocrx_word'/>
</head>
<body>
  <div class='ocr_page' id='page_1' title='image "./operaomniasixtiv09bonauoft_0177.png"; bbox 0 0 2633 3878; ppageno 0'>
   <div class='ocr_carea' id='block_1_1' title="bbox 867 210 1709 258">
    <p class='ocr_par' dir='ltr' id='par_1_1' title="bbox 867 210 1709 258">
     <span class='ocr_line' id='line_1_1' title="bbox 867 210 1709 258; baseline 0.004 -5"><span class='ocrx_word' id='word_1_1' title='bbox 867 212 919 253; x_wconf 81' lang='grc' dir='ltr'>ΙΝ</span> <span class='ocrx_word' id='word_1_2' title='bbox 949 210 1328 252; x_wconf 89' lang='lat' dir='ltr'><strong>HEXAEMERON.</strong></span> <span class='ocrx_word' id='word_1_3' title='bbox 1360 212 1535 256; x_wconf 84' lang='lat' dir='ltr'>SERMO</span> <span class='ocrx_word' id='word_1_4' title='bbox 1568 216 1709 258; x_wconf 87' lang='lat' dir='ltr'>XXIII.</span> 
     </span>
    </p>
   </div>
   <div class='ocr_carea' id='block_1_2' title="bbox 51 299 1262 2369">
    <p class='ocr_par' dir='ltr' id='par_1_2' title="bbox 51 299 1262 2369">
     <span class='ocr_line' id='line_1_2' title="bbox 228 299 1262 356; baseline -0.004 -12"><span class='ocrx_word' id='word_1_5' title='bbox 228 303 362 346; x_wconf 82' lang='lat' dir='ltr'>fectus</span> <span class='ocrx_word' id='word_1_6' title='bbox 380 303 510 356; x_wconf 78' lang='lat' dir='ltr'>zeluS,</span> <span class='ocrx_word' id='word_1_7' title='bbox 526 307 576 346; x_wconf 88' lang='lat' dir='ltr'>ut</span> <span class='ocrx_word' id='word_1_8' title='bbox 591 304 652 345; x_wconf 90' lang='lat' dir='ltr'>sic</span> <span class='ocrx_word' id='word_1_9' title='bbox 671 304 798 354; x_wconf 88' lang='lat' dir='ltr'>amet,</span> <span class='ocrx_word' id='word_1_10' title='bbox 819 301 934 355; x_wconf 87' lang='lat' dir='ltr'>quod</span> <span class='ocrx_word' id='word_1_11' title='bbox 952 312 1078 342; x_wconf 91' lang='lat' dir='ltr'>omne</span> <span class='ocrx_word' id='word_1_12' title='bbox 1097 299 1262 341; x_wconf 87' lang='lat' dir='ltr'>malum</span> 
     </span>
     <span class='ocr_line' id='line_1_3' title="bbox 227 370 1258 427; baseline -0.004 -13"><span class='ocrx_word' id='word_1_13' title='bbox 227 373 418 427; x_wconf 88' lang='lat' dir='ltr'>repellat.</span> <span class='ocrx_word' id='word_1_14' title='bbox 435 374 538 416; x_wconf 85' lang='lat' dir='ltr'>Duae</span> <span class='ocrx_word' id='word_1_15' title='bbox 558 376 703 416; x_wconf 90' lang='lat' dir='ltr'>autem</span> <span class='ocrx_word' id='word_1_16' title='bbox 721 375 820 414; x_wconf 88' lang='lat' dir='ltr'>sunt</span> <span class='ocrx_word' id='word_1_17' title='bbox 833 371 1008 413; x_wconf 85' lang='lat' dir='ltr'>comites</span> <span class='ocrx_word' id='word_1_18' title='bbox 1027 370 1258 421; x_wconf 87' lang='lat' dir='ltr'>charitatis,</span> 
     </span>
     <span class='ocr_line' id='line_1_4' title="bbox 227 443 1261 500; baseline -0.002 -15"><span class='ocrx_word' id='word_1_19' title='bbox 227 445 382 487; x_wconf 90' lang='lat' dir='ltr'>scilicet</span> <span class='ocrx_word' id='word_1_20' title='bbox 401 447 533 500; x_wconf 88' lang='lat' dir='ltr'>pietas</span> <span class='ocrx_word' id='word_1_21' title='bbox 550 445 805 500; x_wconf 73' lang='lat' dir='ltr'>praecedens,</span> <span class='ocrx_word' id='word_1_22' title='bbox 829 446 869 484; x_wconf 88' lang='lat' dir='ltr'>ct</span> <span class='ocrx_word' id='word_1_23' title='bbox 889 443 1090 497; x_wconf 90' lang='lat' dir='ltr'>patientia</span> <span class='ocrx_word' id='word_1_24' title='bbox 1117 443 1261 484; x_wconf 91' lang='lat' dir='ltr'>subse-</span> 
     </span>
     <span class='ocr_line' id='line_1_5' title="bbox 226 516 1261 572; baseline -0.004 -13"><span class='ocrx_word' id='word_1_25' title='bbox 226 530 376 571; x_wconf 82' lang='lat' dir='ltr'>quenS,</span> <span class='ocrx_word' id='word_1_26' title='bbox 389 519 491 572; x_wconf 91' lang='lat' dir='ltr'>quia</span> <span class='ocrx_word' id='word_1_27' title='bbox 506 518 634 571; x_wconf 85' lang='lat' dir='ltr'>aliqui</span> <span class='ocrx_word' id='word_1_28' title='bbox 649 519 749 558; x_wconf 91' lang='lat' dir='ltr'>sunt</span> <span class='ocrx_word' id='word_1_29' title='bbox 762 516 820 570; x_wconf 92' lang='lat' dir='ltr'>pii</span> <span class='ocrx_word' id='word_1_30' title='bbox 835 516 1051 566; x_wconf 80' lang='lat' dir='ltr'>zelatoreS,</span> <span class='ocrx_word' id='word_1_31' title='bbox 1065 517 1105 556; x_wconf 90' lang='lat' dir='ltr'>et</span> <span class='ocrx_word' id='word_1_32' title='bbox 1115 517 1261 568; x_wconf 84' lang='lat' dir='ltr'>postea</span> 
     </span>
     <span class='ocr_line' id='line_1_6' title="bbox 223 588 1260 641; baseline -0.004 -10"><span class='ocrx_word' id='word_1_33' title='bbox 223 593 529 632; x_wconf 88' lang='lat' dir='ltr'>convertuntur</span> <span class='ocrx_word' id='word_1_34' title='bbox 565 590 612 630; x_wconf 91' lang='lat' dir='ltr'>in</span> <span class='ocrx_word' id='word_1_35' title='bbox 649 590 838 631; x_wconf 90' lang='lat' dir='ltr'>furorem</span> <span class='ocrx_word' id='word_1_36' title='bbox 875 588 1150 641; x_wconf 79' lang='lat' dir='ltr'>impatientiae</span> <span class='ocrx_word' id='word_1_37' title='bbox 1172 601 1181 628; x_wconf 91' lang='lat'>:</span> <span class='ocrx_word' id='word_1_38' title='bbox 1219 589 1260 627; x_wconf 89' lang='lat' dir='ltr'>et</span> 
     </span>
     <span class='ocr_line' id='line_1_7' title="bbox 222 658 1258 715; baseline -0.004 -13"><span class='ocrx_word' id='word_1_39' title='bbox 222 664 323 702; x_wconf 89' lang='lat' dir='ltr'>tunc</span> <span class='ocrx_word' id='word_1_40' title='bbox 341 663 468 702; x_wconf 89' lang='lat' dir='ltr'>erunt</span> <span class='ocrx_word' id='word_1_41' title='bbox 487 664 574 703; x_wconf 90' lang='lat' dir='ltr'>tres</span> <span class='ocrx_word' id='word_1_42' title='bbox 592 664 726 715; x_wconf 83' lang='lat' dir='ltr'>portae</span> <span class='ocrx_word' id='word_1_43' title='bbox 742 661 791 702; x_wconf 88' lang='lat' dir='ltr'>ad</span> <span class='ocrx_word' id='word_1_44' title='bbox 811 660 1083 714; x_wconf 78' lang='lat' dir='ltr'>Aquilonem,</span> <span class='ocrx_word' id='word_1_45' title='bbox 1101 658 1258 699; x_wconf 90' lang='lat' dir='ltr'>scilicet</span> 
     </span>
     <span class='ocr_line' id='line_1_8' title="bbox 221 731 1257 786; baseline -0.002 -13"><span class='ocrx_word' id='word_1_46' title='bbox 221 732 420 786; x_wconf 86' lang='lat' dir='ltr'>benignae</span> <span class='ocrx_word' id='word_1_47' title='bbox 440 733 727 774; x_wconf 87' lang='lat' dir='ltr'>miserationis</span> <span class='ocrx_word' id='word_1_48' title='bbox 747 732 979 773; x_wconf 84' lang='lat' dir='ltr'>affectuosa</span> <span class='ocrx_word' id='word_1_49' title='bbox 999 731 1257 772; x_wconf 90' lang='lat' dir='ltr'>condescen-</span> 
     </span>
     <span class='ocr_line' id='line_1_9' title="bbox 222 803 1256 856; baseline -0.005 -9"><span class='ocrx_word' id='word_1_50' title='bbox 222 805 304 856; x_wconf 85' lang='lat' dir='ltr'>sio,</span> <span class='ocrx_word' id='word_1_51' title='bbox 328 816 488 847; x_wconf 86' lang='lat' dir='ltr'>severae</span> <span class='ocrx_word' id='word_1_52' title='bbox 508 805 818 847; x_wconf 77' lang='lat' dir='ltr'>distributionis</span> <span class='ocrx_word' id='word_1_53' title='bbox 837 803 1105 845; x_wconf 79' lang='lat' dir='ltr'>aemulatoria</span> <span class='ocrx_word' id='word_1_54' title='bbox 1126 803 1256 844; x_wconf 68' lang='lat' dir='ltr'>recti-</span> 
     </span>
     <span class='ocr_line' id='line_1_10' title="bbox 219 874 1255 924; baseline -0.003 -7"><span class='ocrx_word' id='word_1_55' title='bbox 219 876 341 924; x_wconf 83' lang='lat' dir='ltr'>tudo,</span> <span class='ocrx_word' id='word_1_56' title='bbox 364 876 527 917; x_wconf 85' lang='lat' dir='ltr'>acerbae</span> <span class='ocrx_word' id='word_1_57' title='bbox 547 877 617 918; x_wconf 93' lang='lat' dir='ltr'>vel</span> <span class='ocrx_word' id='word_1_58' title='bbox 639 877 842 918; x_wconf 85' lang='lat' dir='ltr'>humanae</span> <span class='ocrx_word' id='word_1_59' title='bbox 861 875 1148 916; x_wconf 82' lang='lat' dir='ltr'>tribulationis</span> <span class='ocrx_word' id='word_1_60' title='bbox 1167 874 1255 915; x_wconf 75' lang='lat' dir='ltr'>vic:-</span> 
     </span>
     <span class='ocr_line' id='line_1_11' title="bbox 218 947 1253 1002; baseline -0.001 -14"><span class='ocrx_word' id='word_1_61' title='bbox 218 948 378 989; x_wconf 89' lang='lat' dir='ltr'>toriosa</span> <span class='ocrx_word' id='word_1_62' title='bbox 403 949 631 1002; x_wconf 79' lang='lat' dir='ltr'>perpessio.</span> <span class='ocrx_word' id='word_1_63' title='bbox 656 948 708 989; x_wconf 89' lang='lat' dir='ltr'>Et</span> <span class='ocrx_word' id='word_1_64' title='bbox 738 948 797 989; x_wconf 91' lang='lat' dir='ltr'>sic</span> <span class='ocrx_word' id='word_1_65' title='bbox 823 950 886 989; x_wconf 91' lang='lat' dir='ltr'>est</span> <span class='ocrx_word' id='word_1_66' title='bbox 912 949 1060 988; x_wconf 85' lang='lat' dir='ltr'>contra</span> <span class='ocrx_word' id='word_1_67' title='bbox 1077 947 1253 1000; x_wconf 90' lang='lat' dir='ltr'>Aquilo-</span> 
     </span>
     <span class='ocr_line' id='line_1_12' title="bbox 217 1019 1255 1072; baseline 0 -12"><span class='ocrx_word' id='word_1_68' title='bbox 217 1031 315 1061; x_wconf 85' lang='lat' dir='ltr'>nem</span> <span class='ocrx_word' id='word_1_69' title='bbox 335 1020 484 1062; x_wconf 87' lang='lat' dir='ltr'>civitas</span> <span class='ocrx_word' id='word_1_70' title='bbox 507 1020 686 1061; x_wconf 88' lang='lat' dir='ltr'>munita.</span> <span class='ocrx_word' id='word_1_71' title='bbox 714 1019 766 1061; x_wconf 89' lang='lat' dir='ltr'>Et</span> <span class='ocrx_word' id='word_1_72' title='bbox 794 1019 887 1060; x_wconf 92' lang='lat' dir='ltr'>ideo</span> <span class='ocrx_word' id='word_1_73' title='bbox 909 1021 1147 1072; x_wconf 89' lang='lat' dir='ltr'>sequuntur</span> <span class='ocrx_word' id='word_1_74' title='bbox 1167 1022 1255 1060; x_wconf 90' lang='lat' dir='ltr'>tres</span> 
     </span>
     <span class='ocr_line' id='line_1_13' title="bbox 75 1090 1253 1146; baseline 0.001 -15"><span class='ocrx_word' id='word_1_75' title='bbox 75 1099 188 1146; x_wconf 36' lang='lat' dir='ltr'>,sirpea-</span> <span class='ocrx_word' id='word_1_76' title='bbox 216 1092 388 1144; x_wconf 85' lang='lat' dir='ltr'>signati.</span> <span class='ocrx_word' id='word_1_77' title='bbox 411 1091 604 1133; x_wconf 85' lang='lat' dir='ltr'>Primus:</span> <span class='ocrx_word' id='word_1_78' title='bbox 633 1108 652 1131; x_wconf 78' lang='grc' dir='ltr'>α</span> <span class='ocrx_word' id='word_1_79' title='bbox 669 1091 735 1133; x_wconf 83' lang='lat' dir='ltr'>Ex</span> <span class='ocrx_word' id='word_1_80' title='bbox 759 1091 876 1132; x_wconf 88' lang='lat' dir='ltr'>tribu</span> <span class='ocrx_word' id='word_1_81' title='bbox 896 1090 1066 1132; x_wconf 82' lang='lat' dir='ltr'>Simeon</span> <span class='ocrx_word' id='word_1_82' title='bbox 1092 1091 1253 1132; x_wconf 89' lang='lat' dir='ltr'>duode-</span> 
     </span>
     <span class='ocr_line' id='line_1_14' title="bbox 55 1144 1254 1217; baseline 0.001 -14"><span class='ocrx_word' id='word_1_83' title='bbox 55 1144 197 1217; x_wconf 50' lang='grc' dir='ltr'>ζῗεῖξζῗζ</span> <span class='ocrx_word' id='word_1_84' title='bbox 215 1162 298 1204; x_wconf 91' lang='lat' dir='ltr'>cim</span> <span class='ocrx_word' id='word_1_85' title='bbox 329 1163 465 1204; x_wconf 90' lang='lat' dir='ltr'>millia</span> <span class='ocrx_word' id='word_1_86' title='bbox 495 1164 669 1217; x_wconf 81' lang='lat' dir='ltr'>signati.</span> <span class='ocrx_word' id='word_1_87' title='bbox 695 1178 714 1202; x_wconf 86' lang='lat'>»</span> <span class='ocrx_word' id='word_1_88' title='bbox 755 1164 922 1206; x_wconf 78' lang='lat' dir='ltr'>Simeon</span> <span class='ocrx_word' id='word_1_89' title='bbox 950 1163 1254 1216; x_wconf 77' lang='lat' dir='ltr'>interpretatur</span> 
     </span>
     <span class='ocr_line' id='line_1_15' title="bbox 215 1234 1251 1288; baseline 0.001 -14"><span class='ocrx_word' id='word_1_90' title='bbox 215 1234 394 1276; x_wconf 86' lang='lat' dir='ltr'>audiens</span> <span class='ocrx_word' id='word_1_91' title='bbox 415 1247 664 1286; x_wconf 85' lang='lat' dir='ltr'>moerorem,</span> <span class='ocrx_word' id='word_1_92' title='bbox 699 1239 740 1276; x_wconf 91' lang='lat' dir='ltr'>et</span> <span class='ocrx_word' id='word_1_93' title='bbox 769 1235 913 1288; x_wconf 80' lang='lat' dir='ltr'>signat</span> <span class='ocrx_word' id='word_1_94' title='bbox 935 1234 1251 1276; x_wconf 80' lang='lat' dir='ltr'>miserationem</span> 
     </span>
     <span class='ocr_line' id='line_1_16' title="bbox 211 1306 1251 1360; baseline 0.001 -13"><span class='ocrx_word' id='word_1_95' title='bbox 211 1306 265 1347; x_wconf 88' lang='lat' dir='ltr'>ad</span> <span class='ocrx_word' id='word_1_96' title='bbox 301 1307 564 1360; x_wconf 85' lang='lat' dir='ltr'>proximum.</span> <span class='ocrx_word' id='word_1_97' title='bbox 600 1307 682 1348; x_wconf 89' lang='lat' dir='ltr'>Iste</span> <span class='ocrx_word' id='word_1_98' title='bbox 719 1307 890 1348; x_wconf 84' lang='lat' dir='ltr'>Simeon</span> <span class='ocrx_word' id='word_1_99' title='bbox 919 1310 982 1348; x_wconf 88' lang='lat' dir='ltr'>est</span> <span class='ocrx_word' id='word_1_100' title='bbox 1014 1308 1025 1329; x_wconf 88' lang='lat'>¹</span> <span class='ocrx_word' id='word_1_101' title='bbox 1063 1322 1081 1346; x_wconf 76' lang='grc' dir='ltr'>α</span> <span class='ocrx_word' id='word_1_102' title='bbox 1106 1309 1251 1360; x_wconf 88' lang='lat' dir='ltr'>justus</span> 
     </span>
     <span class='ocr_line' id='line_1_17' title="bbox 211 1379 1251 1434; baseline 0.002 -15"><span class='ocrx_word' id='word_1_103' title='bbox 211 1381 252 1419; x_wconf 89' lang='lat' dir='ltr'>et</span> <span class='ocrx_word' id='word_1_104' title='bbox 289 1379 540 1431; x_wconf 86' lang='lat' dir='ltr'>timoratus,</span> <span class='ocrx_word' id='word_1_105' title='bbox 573 1394 593 1418; x_wconf 67' lang='grc' dir='ltr'>ι)</span> <span class='ocrx_word' id='word_1_106' title='bbox 635 1380 843 1434; x_wconf 84' lang='lat' dir='ltr'>recipiens</span> <span class='ocrx_word' id='word_1_107' title='bbox 884 1379 1100 1421; x_wconf 85' lang='lat' dir='ltr'>Christum</span> <span class='ocrx_word' id='word_1_108' title='bbox 1139 1381 1251 1421; x_wconf 91' lang='lat' dir='ltr'>inter</span> 
     </span>
     <span class='ocr_line' id='line_1_18' title="bbox 209 1449 1247 1501; baseline 0.001 -10"><span class='ocrx_word' id='word_1_109' title='bbox 209 1449 385 1492; x_wconf 88' lang='lat' dir='ltr'>brachia</span> <span class='ocrx_word' id='word_1_110' title='bbox 404 1463 494 1493; x_wconf 89' lang='lat' dir='ltr'>sua.</span> <span class='ocrx_word' id='word_1_111' title='bbox 518 1451 607 1493; x_wconf 91' lang='lat' dir='ltr'>Nisi</span> <span class='ocrx_word' id='word_1_112' title='bbox 626 1452 740 1493; x_wconf 91' lang='lat' dir='ltr'>enim</span> <span class='ocrx_word' id='word_1_113' title='bbox 765 1452 896 1493; x_wconf 90' lang='lat' dir='ltr'>homo</span> <span class='ocrx_word' id='word_1_114' title='bbox 917 1451 970 1492; x_wconf 89' lang='lat' dir='ltr'>sit</span> <span class='ocrx_word' id='word_1_115' title='bbox 991 1451 1247 1501; x_wconf 82' lang='lat' dir='ltr'>misericors,</span> 
     </span>
     <span class='ocr_line' id='line_1_19' title="bbox 208 1522 1249 1577; baseline 0.001 -14"><span class='ocrx_word' id='word_1_116' title='bbox 208 1533 296 1563; x_wconf 90' lang='lat' dir='ltr'>non</span> <span class='ocrx_word' id='word_1_117' title='bbox 315 1525 378 1563; x_wconf 90' lang='lat' dir='ltr'>est</span> <span class='ocrx_word' id='word_1_118' title='bbox 401 1523 559 1576; x_wconf 84' lang='lat' dir='ltr'>dignus</span> <span class='ocrx_word' id='word_1_119' title='bbox 578 1522 794 1576; x_wconf 77' lang='lat' dir='ltr'>suscipere</span> <span class='ocrx_word' id='word_1_120' title='bbox 818 1523 956 1574; x_wconf 88' lang='lat' dir='ltr'>illum,</span> <span class='ocrx_word' id='word_1_121' title='bbox 980 1524 1054 1577; x_wconf 90' lang='lat' dir='ltr'>qui</span> <span class='ocrx_word' id='word_1_122' title='bbox 1074 1526 1249 1577; x_wconf 92' lang='lat' dir='ltr'>propter</span> 
     </span>
     <span class='ocr_line' id='line_1_20' title="bbox 207 1593 1244 1646; baseline 0.002 -13"><span class='ocrx_word' id='word_1_123' title='bbox 207 1593 541 1636; x_wconf 89' lang='lat' dir='ltr'>misericordiam</span> <span class='ocrx_word' id='word_1_124' title='bbox 575 1595 627 1637; x_wconf 90' lang='lat' dir='ltr'>de</span> <span class='ocrx_word' id='word_1_125' title='bbox 660 1595 764 1636; x_wconf 86' lang='lat' dir='ltr'>ccelo</span> <span class='ocrx_word' id='word_1_126' title='bbox 795 1595 1022 1636; x_wconf 86' lang='lat' dir='ltr'>descendit.</span> <span class='ocrx_word' id='word_1_127' title='bbox 1059 1594 1244 1646; x_wconf 86' lang='lat' dir='ltr'>Deinde,</span> 
     </span>
     <span class='ocr_line' id='line_1_21' title="bbox 204 1664 1244 1717; baseline 0.003 -13"><span class='ocrx_word' id='word_1_128' title='bbox 204 1664 306 1717; x_wconf 89' lang='lat' dir='ltr'>quia</span> <span class='ocrx_word' id='word_1_129' title='bbox 324 1665 615 1708; x_wconf 80' lang='lat' dir='ltr'>misericordia</span> <span class='ocrx_word' id='word_1_130' title='bbox 633 1667 723 1707; x_wconf 90' lang='lat' dir='ltr'>sine</span> <span class='ocrx_word' id='word_1_131' title='bbox 742 1666 997 1707; x_wconf 84' lang='lat' dir='ltr'>rectitudine</span> <span class='ocrx_word' id='word_1_132' title='bbox 1018 1666 1244 1708; x_wconf 66' lang='lat' dir='ltr'>aemulato-</span> 
     </span>
     <span class='ocr_line' id='line_1_22' title="bbox 202 1735 1243 1791; baseline 0.002 -16"><span class='ocrx_word' id='word_1_133' title='bbox 202 1735 268 1775; x_wconf 85' lang='lat' dir='ltr'>ria</span> <span class='ocrx_word' id='word_1_134' title='bbox 294 1735 402 1777; x_wconf 89' lang='lat' dir='ltr'>nihil</span> <span class='ocrx_word' id='word_1_135' title='bbox 420 1737 557 1788; x_wconf 86' lang='lat' dir='ltr'>valet,</span> <span class='ocrx_word' id='word_1_136' title='bbox 590 1737 808 1791; x_wconf 88' lang='lat' dir='ltr'>sequitur:</span> <span class='ocrx_word' id='word_1_137' title='bbox 838 1753 858 1777; x_wconf 76' lang='grc' dir='ltr'>α</span> <span class='ocrx_word' id='word_1_138' title='bbox 882 1737 947 1779; x_wconf 79' lang='lat' dir='ltr'>Ex</span> <span class='ocrx_word' id='word_1_139' title='bbox 974 1738 1091 1779; x_wconf 86' lang='lat' dir='ltr'>tribu</span> <span class='ocrx_word' id='word_1_140' title='bbox 1118 1737 1243 1789; x_wconf 84' lang='lat' dir='ltr'>Levi,</span> 
     </span>
     <span class='ocr_line' id='line_1_23' title="bbox 71 1807 1245 1863; baseline 0.003 -15"><span class='ocrx_word' id='word_1_141' title='bbox 71 1815 183 1861; x_wconf 48' lang='lat' dir='ltr'>Levisi-</span> <span class='ocrx_word' id='word_1_142' title='bbox 203 1807 426 1850; x_wconf 87' lang='lat' dir='ltr'>duodecim</span> <span class='ocrx_word' id='word_1_143' title='bbox 463 1810 597 1851; x_wconf 87' lang='lat' dir='ltr'>millia</span> <span class='ocrx_word' id='word_1_144' title='bbox 635 1811 806 1863; x_wconf 82' lang='lat' dir='ltr'>signati.</span> <span class='ocrx_word' id='word_1_145' title='bbox 833 1825 852 1847; x_wconf 86' lang='lat'>»</span> <span class='ocrx_word' id='word_1_146' title='bbox 900 1811 996 1853; x_wconf 70' lang='lat' dir='ltr'>Levi</span> <span class='ocrx_word' id='word_1_147' title='bbox 1038 1810 1245 1863; x_wconf 88' lang='lat' dir='ltr'>interpre-</span> 
     </span>
     <span class='ocr_line' id='line_1_24' title="bbox 51 1857 1242 1937; baseline 0 -13"><span class='ocrx_word' id='word_1_148' title='bbox 51 1857 171 1926; x_wconf 35' lang='lat'>3315&amp;</span> <span class='ocrx_word' id='word_1_149' title='bbox 202 1884 317 1923; x_wconf 84' lang='lat' dir='ltr'>tatur</span> <span class='ocrx_word' id='word_1_150' title='bbox 345 1883 528 1924; x_wconf 87' lang='lat' dir='ltr'>additus.</span> <span class='ocrx_word' id='word_1_151' title='bbox 572 1883 674 1926; x_wconf 91' lang='lat' dir='ltr'>Levi</span> <span class='ocrx_word' id='word_1_152' title='bbox 707 1884 821 1925; x_wconf 88' lang='lat' dir='ltr'>enim</span> <span class='ocrx_word' id='word_1_153' title='bbox 857 1883 1016 1937; x_wconf 87' lang='lat' dir='ltr'>accepit</span> <span class='ocrx_word' id='word_1_154' title='bbox 1049 1884 1242 1924; x_wconf 87' lang='lat' dir='ltr'>sacerdo-</span> 
     </span>
     <span class='ocr_line' id='line_1_25' title="bbox 200 1951 1241 2008; baseline 0.001 -14"><span class='ocrx_word' id='word_1_155' title='bbox 200 1953 310 1995; x_wconf 86' lang='lat' dir='ltr'>tium</span> <span class='ocrx_word' id='word_1_156' title='bbox 330 1958 502 2008; x_wconf 87' lang='lat' dir='ltr'>propter</span> <span class='ocrx_word' id='word_1_157' title='bbox 525 1955 684 2005; x_wconf 86' lang='lat' dir='ltr'>zelum;</span> <span class='ocrx_word' id='word_1_158' title='bbox 718 1955 831 1996; x_wconf 90' lang='lat' dir='ltr'>unde</span> <span class='ocrx_word' id='word_1_159' title='bbox 855 1951 1063 1996; x_wconf 84' lang='lat' dir='ltr'>interfecit</span> <span class='ocrx_word' id='word_1_160' title='bbox 1088 1955 1241 1997; x_wconf 87' lang='lat' dir='ltr'>fratres</span> 
     </span>
     <span class='ocr_line' id='line_1_26' title="bbox 201 2027 1240 2080; baseline 0.002 -14"><span class='ocrx_word' id='word_1_161' title='bbox 201 2038 300 2067; x_wconf 91' lang='lat' dir='ltr'>suos</span> <span class='ocrx_word' id='word_1_162' title='bbox 334 2027 592 2068; x_wconf 83' lang='lat' dir='ltr'>idololatras.</span> <span class='ocrx_word' id='word_1_163' title='bbox 630 2027 810 2068; x_wconf 86' lang='lat' dir='ltr'>Phinees</span> <span class='ocrx_word' id='word_1_164' title='bbox 836 2027 1031 2067; x_wconf 86' lang='lat' dir='ltr'>similiter</span> <span class='ocrx_word' id='word_1_165' title='bbox 1063 2027 1240 2080; x_wconf 88' lang='lat' dir='ltr'>adeptus</span> 
     </span>
     <span class='ocr_line' id='line_1_27' title="bbox 198 2098 1236 2152; baseline 0.001 -14"><span class='ocrx_word' id='word_1_166' title='bbox 198 2100 262 2138; x_wconf 88' lang='lat' dir='ltr'>est</span> <span class='ocrx_word' id='word_1_167' title='bbox 295 2099 576 2139; x_wconf 76' lang='lat' dir='ltr'>sacerdotium</span> <span class='ocrx_word' id='word_1_168' title='bbox 608 2103 782 2152; x_wconf 87' lang='lat' dir='ltr'>propter</span> <span class='ocrx_word' id='word_1_169' title='bbox 810 2099 962 2140; x_wconf 87' lang='lat' dir='ltr'>zelum.</span> <span class='ocrx_word' id='word_1_170' title='bbox 990 2099 1042 2140; x_wconf 91' lang='lat' dir='ltr'>Et</span> <span class='ocrx_word' id='word_1_171' title='bbox 1074 2098 1236 2140; x_wconf 86' lang='lat' dir='ltr'>Matha-</span> 
     </span>
     <span class='ocr_line' id='line_1_28' title="bbox 197 2169 1240 2225; baseline 0.001 -15"><span class='ocrx_word' id='word_1_172' title='bbox 197 2169 326 2221; x_wconf 86' lang='lat' dir='ltr'>thias,</span> <span class='ocrx_word' id='word_1_173' title='bbox 348 2173 391 2211; x_wconf 88' lang='lat' dir='ltr'>et</span> <span class='ocrx_word' id='word_1_174' title='bbox 412 2170 489 2210; x_wconf 87' lang='lat' dir='ltr'>filii</span> <span class='ocrx_word' id='word_1_175' title='bbox 508 2172 618 2224; x_wconf 78' lang='lat' dir='ltr'>eJuS,</span> <span class='ocrx_word' id='word_1_176' title='bbox 636 2175 808 2225; x_wconf 87' lang='lat' dir='ltr'>propter</span> <span class='ocrx_word' id='word_1_177' title='bbox 829 2171 967 2212; x_wconf 89' lang='lat' dir='ltr'>zelum</span> <span class='ocrx_word' id='word_1_178' title='bbox 981 2170 1121 2224; x_wconf 83' lang='lat' dir='ltr'>adepti</span> <span class='ocrx_word' id='word_1_179' title='bbox 1141 2173 1240 2212; x_wconf 91' lang='lat' dir='ltr'>sunt</span> 
     </span>
     <span class='ocr_line' id='line_1_29' title="bbox 197 2241 1238 2297; baseline 0.002 -16"><span class='ocrx_word' id='word_1_180' title='bbox 197 2241 494 2294; x_wconf 87' lang='lat' dir='ltr'>sacerdotium,</span> <span class='ocrx_word' id='word_1_181' title='bbox 517 2246 558 2284; x_wconf 88' lang='lat' dir='ltr'>et</span> <span class='ocrx_word' id='word_1_182' title='bbox 576 2243 885 2297; x_wconf 77' lang='lat' dir='ltr'>principatum,</span> <span class='ocrx_word' id='word_1_183' title='bbox 911 2246 951 2284; x_wconf 85' lang='lat' dir='ltr'>et</span> <span class='ocrx_word' id='word_1_184' title='bbox 971 2243 1238 2284; x_wconf 88' lang='lat' dir='ltr'>duraverunt</span> 
     </span>
     <span class='ocr_line' id='line_1_30' title="bbox 63 2315 1233 2369; baseline 0.001 -15"><span class='ocrx_word' id='word_1_185' title='bbox 63 2317 177 2345; x_wconf 46' lang='lat' dir='ltr'>Pras-tati</span> <span class='ocrx_word' id='word_1_186' title='bbox 196 2325 332 2367; x_wconf 87' lang='lat' dir='ltr'>usque</span> <span class='ocrx_word' id='word_1_187' title='bbox 365 2316 414 2356; x_wconf 86' lang='lat' dir='ltr'>ad</span> <span class='ocrx_word' id='word_1_188' title='bbox 447 2315 671 2357; x_wconf 85' lang='lat' dir='ltr'>Herodem.</span> <span class='ocrx_word' id='word_1_189' title='bbox 704 2316 804 2356; x_wconf 83' lang='lat' dir='ltr'>Levi</span> <span class='ocrx_word' id='word_1_190' title='bbox 839 2316 984 2369; x_wconf 83' lang='lat' dir='ltr'>signat</span> <span class='ocrx_word' id='word_1_191' title='bbox 1014 2315 1233 2368; x_wconf 71' lang='lat' dir='ltr'>praelatos,</span> 
     </span>
    </p>
   </div>
   <div class='ocr_carea' id='block_1_3' title="bbox 45 2359 163 2393">
    <p class='ocr_par' dir='ltr' id='par_1_3' title="bbox 45 2359 163 2393">
     <span class='ocr_line' id='line_1_31' title="bbox 45 2359 163 2393; baseline 0.008 -8"><span class='ocrx_word' id='word_1_192' title='bbox 45 2359 163 2393; x_wconf 71' lang='lat' dir='ltr'>qualem</span> 
     </span>
    </p>
   </div>
   <div class='ocr_carea' id='block_1_4' title="bbox 33 2385 1236 3448">
    <p class='ocr_par' dir='ltr' id='par_1_4' title="bbox 33 2385 1236 3448">
     <span class='ocr_line' id='line_1_32' title="bbox 42 2385 1236 2440; baseline 0.001 -14"><span class='ocrx_word' id='word_1_193' title='bbox 42 2401 168 2430; x_wconf 67' lang='lat' dir='ltr'>debeant</span> <span class='ocrx_word' id='word_1_194' title='bbox 196 2385 271 2438; x_wconf 88' lang='lat' dir='ltr'>qui</span> <span class='ocrx_word' id='word_1_195' title='bbox 308 2385 463 2428; x_wconf 90' lang='lat' dir='ltr'>debent</span> <span class='ocrx_word' id='word_1_196' title='bbox 498 2388 656 2428; x_wconf 88' lang='lat' dir='ltr'>habere</span> <span class='ocrx_word' id='word_1_197' title='bbox 688 2388 888 2440; x_wconf 85' lang='lat' dir='ltr'>spiritum</span> <span class='ocrx_word' id='word_1_198' title='bbox 925 2387 1162 2428; x_wconf 86' lang='lat' dir='ltr'>severitatis</span> <span class='ocrx_word' id='word_1_199' title='bbox 1194 2389 1236 2427; x_wconf 88' lang='lat' dir='ltr'>et</span> 
     </span>
     <span class='ocr_line' id='line_1_33' title="bbox 33 2442 1232 2519; baseline 0.002 -24"><span class='ocrx_word' id='word_1_200' title='bbox 33 2442 168 2519; x_wconf 52' lang='grc' dir='ltr'>Βζῇξξζζ</span> <span class='ocrx_word' id='word_1_201' title='bbox 194 2456 379 2508; x_wconf 83' lang='lat' dir='ltr'>pietatis,</span> <span class='ocrx_word' id='word_1_202' title='bbox 404 2461 451 2498; x_wconf 92' lang='lat' dir='ltr'>ut</span> <span class='ocrx_word' id='word_1_203' title='bbox 476 2458 664 2512; x_wconf 76' lang='lat' dir='ltr'>Moyses,</span> <span class='ocrx_word' id='word_1_204' title='bbox 695 2459 768 2512; x_wconf 88' lang='lat' dir='ltr'>qui</span> <span class='ocrx_word' id='word_1_205' title='bbox 794 2471 891 2499; x_wconf 88' lang='lat' dir='ltr'>cum</span> <span class='ocrx_word' id='word_1_206' title='bbox 918 2461 1027 2498; x_wconf 89' lang='lat' dir='ltr'>esset</span> <span class='ocrx_word' id='word_1_207' title='bbox 1055 2457 1232 2498; x_wconf 89' lang='lat' dir='ltr'>mitissi-</span> 
     </span>
     <span class='ocr_line' id='line_1_34' title="bbox 192 2532 1230 2585; baseline 0.001 -15"><span class='ocrx_word' id='word_1_208' title='bbox 192 2542 306 2580; x_wconf 92' lang='lat' dir='ltr'>mus,</span> <span class='ocrx_word' id='word_1_209' title='bbox 329 2533 541 2585; x_wconf 82' lang='lat' dir='ltr'>confregit</span> <span class='ocrx_word' id='word_1_210' title='bbox 566 2535 745 2575; x_wconf 85' lang='lat' dir='ltr'>tabulas.</span> <span class='ocrx_word' id='word_1_211' title='bbox 770 2535 801 2575; x_wconf 89' lang='grc' dir='ltr'>Ε</span> <span class='ocrx_word' id='word_1_212' title='bbox 824 2537 971 2575; x_wconf 88' lang='lat' dir='ltr'>contra</span> <span class='ocrx_word' id='word_1_213' title='bbox 990 2533 1083 2573; x_wconf 90' lang='lat' dir='ltr'>Heli</span> <span class='ocrx_word' id='word_1_214' title='bbox 1103 2545 1113 2572; x_wconf 90' lang='lat'>:</span> <span class='ocrx_word' id='word_1_215' title='bbox 1139 2532 1230 2584; x_wconf 85' lang='lat' dir='ltr'>qui,</span> 
     </span>
     <span class='ocr_line' id='line_1_35' title="bbox 190 2602 1230 2659; baseline 0.001 -17"><span class='ocrx_word' id='word_1_216' title='bbox 190 2602 291 2655; x_wconf 88' lang='lat' dir='ltr'>quia</span> <span class='ocrx_word' id='word_1_217' title='bbox 316 2603 394 2644; x_wconf 85' lang='lat' dir='ltr'>fuit</span> <span class='ocrx_word' id='word_1_218' title='bbox 413 2605 633 2655; x_wconf 89' lang='lat' dir='ltr'>remissus,</span> <span class='ocrx_word' id='word_1_219' title='bbox 662 2606 752 2659; x_wconf 87' lang='lat' dir='ltr'>ipse</span> <span class='ocrx_word' id='word_1_220' title='bbox 772 2609 970 2646; x_wconf 80' lang='lat' dir='ltr'>mortuus</span> <span class='ocrx_word' id='word_1_221' title='bbox 987 2607 1071 2655; x_wconf 81' lang='lat' dir='ltr'>est,</span> <span class='ocrx_word' id='word_1_222' title='bbox 1095 2606 1135 2644; x_wconf 88' lang='lat' dir='ltr'>et</span> <span class='ocrx_word' id='word_1_223' title='bbox 1154 2603 1230 2643; x_wconf 84' lang='lat' dir='ltr'>filii</span> 
     </span>
     <span class='ocr_line' id='line_1_36' title="bbox 188 2675 1229 2730; baseline 0.001 -16"><span class='ocrx_word' id='word_1_224' title='bbox 188 2675 296 2727; x_wconf 85' lang='lat' dir='ltr'>ejus.</span> <span class='ocrx_word' id='word_1_225' title='bbox 320 2675 438 2717; x_wconf 90' lang='lat' dir='ltr'>Unde</span> <span class='ocrx_word' id='word_1_226' title='bbox 467 2677 564 2730; x_wconf 88' lang='lat' dir='ltr'>plus</span> <span class='ocrx_word' id='word_1_227' title='bbox 597 2681 720 2719; x_wconf 88' lang='lat' dir='ltr'>nocet</span> <span class='ocrx_word' id='word_1_228' title='bbox 752 2678 955 2730; x_wconf 87' lang='lat' dir='ltr'>praelatus</span> <span class='ocrx_word' id='word_1_229' title='bbox 986 2676 1229 2717; x_wconf 89' lang='lat' dir='ltr'>misericors</span> 
     </span>
     <span class='ocr_line' id='line_1_37' title="bbox 186 2747 1227 2802; baseline 0.001 -16"><span class='ocrx_word' id='word_1_230' title='bbox 186 2748 228 2787; x_wconf 90' lang='lat' dir='ltr'>et</span> <span class='ocrx_word' id='word_1_231' title='bbox 246 2747 449 2800; x_wconf 88' lang='lat' dir='ltr'>abjiciens</span> <span class='ocrx_word' id='word_1_232' title='bbox 468 2748 658 2801; x_wconf 83' lang='lat' dir='ltr'>rigorem</span> <span class='ocrx_word' id='word_1_233' title='bbox 685 2749 940 2802; x_wconf 84' lang='lat' dir='ltr'>disciplinae,</span> <span class='ocrx_word' id='word_1_234' title='bbox 965 2760 1096 2802; x_wconf 88' lang='lat' dir='ltr'>quam</span> <span class='ocrx_word' id='word_1_235' title='bbox 1116 2759 1227 2801; x_wconf 72' lang='lat' dir='ltr'>praa-</span> 
     </span>
     <span class='ocr_line' id='line_1_38' title="bbox 185 2816 1225 2871; baseline 0.001 -13"><span class='ocrx_word' id='word_1_236' title='bbox 185 2816 299 2858; x_wconf 87' lang='lat' dir='ltr'>latus</span> <span class='ocrx_word' id='word_1_237' title='bbox 317 2818 487 2871; x_wconf 85' lang='lat' dir='ltr'>rigidus</span> <span class='ocrx_word' id='word_1_238' title='bbox 504 2820 594 2861; x_wconf 90' lang='lat' dir='ltr'>sine</span> <span class='ocrx_word' id='word_1_239' title='bbox 618 2821 921 2862; x_wconf 84' lang='lat' dir='ltr'>misericordia.</span> <span class='ocrx_word' id='word_1_240' title='bbox 945 2820 996 2861; x_wconf 89' lang='lat' dir='ltr'>Et</span> <span class='ocrx_word' id='word_1_241' title='bbox 1016 2820 1073 2860; x_wconf 84' lang='lat' dir='ltr'>ita</span> <span class='ocrx_word' id='word_1_242' title='bbox 1099 2819 1225 2860; x_wconf 91' lang='lat' dir='ltr'>intel-</span> 
     </span>
     <span class='ocr_line' id='line_1_39' title="bbox 184 2888 1226 2942; baseline 0 -12"><span class='ocrx_word' id='word_1_243' title='bbox 184 2888 335 2942; x_wconf 81' lang='lat' dir='ltr'>ligitur</span> <span class='ocrx_word' id='word_1_244' title='bbox 354 2891 457 2931; x_wconf 88' lang='lat' dir='ltr'>illud</span> <span class='ocrx_word' id='word_1_245' title='bbox 474 2891 770 2935; x_wconf 76' lang='lat' dir='ltr'>Ecclesiasticz·</span> <span class='ocrx_word' id='word_1_246' title='bbox 788 2896 827 2933; x_wconf 77' lang='lat'>2:</span> <span class='ocrx_word' id='word_1_247' title='bbox 849 2907 869 2930; x_wconf 73' lang='grc' dir='ltr'>(ι</span> <span class='ocrx_word' id='word_1_248' title='bbox 893 2891 1040 2933; x_wconf 85' lang='lat' dir='ltr'>Melior</span> <span class='ocrx_word' id='word_1_249' title='bbox 1059 2894 1121 2932; x_wconf 87' lang='lat' dir='ltr'>est</span> <span class='ocrx_word' id='word_1_250' title='bbox 1141 2891 1226 2931; x_wconf 90' lang='lat' dir='ltr'>ini-</span> 
     </span>
     <span class='ocr_line' id='line_1_40' title="bbox 184 2961 1218 3016; baseline 0 -15"><span class='ocrx_word' id='word_1_251' title='bbox 184 2961 325 3014; x_wconf 87' lang='lat' dir='ltr'>quitas</span> <span class='ocrx_word' id='word_1_252' title='bbox 361 2961 466 3013; x_wconf 88' lang='lat' dir='ltr'>viri,</span> <span class='ocrx_word' id='word_1_253' title='bbox 514 2975 646 3016; x_wconf 89' lang='lat' dir='ltr'>quam</span> <span class='ocrx_word' id='word_1_254' title='bbox 690 2963 844 3003; x_wconf 88' lang='lat' dir='ltr'>mulier</span> <span class='ocrx_word' id='word_1_255' title='bbox 880 2963 1164 3005; x_wconf 81' lang='lat' dir='ltr'>benefaciens,</span> <span class='ocrx_word' id='word_1_256' title='bbox 1199 2978 1218 3001; x_wconf 81' lang='lat'>›&gt;</span> 
     </span>
     <span class='ocr_line' id='line_1_41' title="bbox 183 3031 1220 3086; baseline 0.003 -13"><span class='ocrx_word' id='word_1_257' title='bbox 183 3031 344 3083; x_wconf 88' lang='lat' dir='ltr'>Tertio,</span> <span class='ocrx_word' id='word_1_258' title='bbox 366 3034 480 3086; x_wconf 90' lang='lat' dir='ltr'>quod</span> <span class='ocrx_word' id='word_1_259' title='bbox 498 3035 552 3075; x_wconf 86' lang='lat' dir='ltr'>sit</span> <span class='ocrx_word' id='word_1_260' title='bbox 571 3035 801 3076; x_wconf 85' lang='lat' dir='ltr'>mundanae</span> <span class='ocrx_word' id='word_1_261' title='bbox 822 3034 1110 3076; x_wconf 88' lang='lat' dir='ltr'>tribulationis</span> <span class='ocrx_word' id='word_1_262' title='bbox 1130 3035 1220 3076; x_wconf 89' lang='lat' dir='ltr'>vic-</span> 
     </span>
     <span class='ocr_line' id='line_1_42' title="bbox 182 3103 1223 3160; baseline 0.003 -15"><span class='ocrx_word' id='word_1_263' title='bbox 182 3103 341 3145; x_wconf 86' lang='lat' dir='ltr'>toriosa</span> <span class='ocrx_word' id='word_1_264' title='bbox 368 3106 582 3158; x_wconf 86' lang='lat' dir='ltr'>perpessio</span> <span class='ocrx_word' id='word_1_265' title='bbox 607 3122 615 3148; x_wconf 92' lang='lat'><strong>:</strong></span> <span class='ocrx_word' id='word_1_266' title='bbox 644 3107 718 3160; x_wconf 91' lang='lat' dir='ltr'>qui</span> <span class='ocrx_word' id='word_1_267' title='bbox 745 3106 857 3148; x_wconf 89' lang='lat' dir='ltr'>enim</span> <span class='ocrx_word' id='word_1_268' title='bbox 879 3107 1071 3160; x_wconf 85' lang='lat' dir='ltr'>corripit,</span> <span class='ocrx_word' id='word_1_269' title='bbox 1101 3107 1223 3148; x_wconf 89' lang='lat' dir='ltr'>debet</span> 
     </span>
     <span class='ocr_line' id='line_1_43' title="bbox 182 3177 1221 3230; baseline 0.003 -14"><span class='ocrx_word' id='word_1_270' title='bbox 182 3187 226 3216; x_wconf 91' lang='lat' dir='ltr'>se</span> <span class='ocrx_word' id='word_1_271' title='bbox 254 3187 494 3229; x_wconf 71' lang='lat' dir='ltr'>praeparare</span> <span class='ocrx_word' id='word_1_272' title='bbox 524 3177 576 3217; x_wconf 88' lang='lat' dir='ltr'>ad</span> <span class='ocrx_word' id='word_1_273' title='bbox 606 3177 866 3230; x_wconf 83' lang='lat' dir='ltr'>patientiam.</span> <span class='ocrx_word' id='word_1_274' title='bbox 890 3177 1008 3219; x_wconf 88' lang='lat' dir='ltr'>Unde</span> <span class='ocrx_word' id='word_1_275' title='bbox 1029 3178 1221 3220; x_wconf 88' lang='lat' dir='ltr'>Christus</span> 
     </span>
     <span class='ocr_line' id='line_1_44' title="bbox 180 3247 1218 3304; baseline 0.004 -16"><span class='ocrx_word' id='word_1_276' title='bbox 180 3247 393 3289; x_wconf 88' lang='lat' dir='ltr'>subvertit</span> <span class='ocrx_word' id='word_1_277' title='bbox 417 3260 586 3289; x_wconf 89' lang='lat' dir='ltr'>mensas</span> <span class='ocrx_word' id='word_1_278' title='bbox 615 3249 659 3289; x_wconf 90' lang='lat' dir='ltr'>in</span> <span class='ocrx_word' id='word_1_279' title='bbox 690 3249 801 3300; x_wconf 90' lang='lat' dir='ltr'>zelo,</span> <span class='ocrx_word' id='word_1_280' title='bbox 828 3253 870 3291; x_wconf 90' lang='lat' dir='ltr'>et</span> <span class='ocrx_word' id='word_1_281' title='bbox 901 3251 1015 3302; x_wconf 86' lang='lat' dir='ltr'>post,</span> <span class='ocrx_word' id='word_1_282' title='bbox 1047 3250 1218 3304; x_wconf 87' lang='lat' dir='ltr'>quando</span> 
     </span>
     <span class='ocr_line' id='line_1_45' title="bbox 180 3320 1217 3373; baseline 0.003 -13"><span class='ocrx_word' id='word_1_283' title='bbox 180 3320 431 3373; x_wconf 84' lang='lat' dir='ltr'>quaerebant</span> <span class='ocrx_word' id='word_1_284' title='bbox 455 3332 571 3372; x_wconf 90' lang='lat' dir='ltr'>eum,</span> <span class='ocrx_word' id='word_1_285' title='bbox 599 3321 797 3362; x_wconf 86' lang='lat' dir='ltr'>exhibuit</span> <span class='ocrx_word' id='word_1_286' title='bbox 822 3334 880 3363; x_wconf 92' lang='lat' dir='ltr'>se.</span> <span class='ocrx_word' id='word_1_287' title='bbox 908 3321 1022 3363; x_wconf 86' lang='lat' dir='ltr'>Unde</span> <span class='ocrx_word' id='word_1_288' title='bbox 1047 3322 1090 3362; x_wconf 92' lang='lat' dir='ltr'>in</span> <span class='ocrx_word' id='word_1_289' title='bbox 1114 3322 1217 3364; x_wconf 82' lang='lat' dir='ltr'>Pro-</span> 
     </span>
     <span class='ocr_line' id='line_1_46' title="bbox 180 3390 1216 3448; baseline 0.005 -16"><span class='ocrx_word' id='word_1_290' title='bbox 180 3390 337 3434; x_wconf 80' lang='lat' dir='ltr'>verbiis</span> <span class='ocrx_word' id='word_1_291' title='bbox 365 3392 520 3434; x_wconf 72' lang='lat' dir='ltr'>dicitur</span> <span class='ocrx_word' id='word_1_292' title='bbox 539 3393 581 3434; x_wconf 77' lang='lat'>³:</span> <span class='ocrx_word' id='word_1_293' title='bbox 612 3408 632 3433; x_wconf 81' lang='grc' dir='ltr'>α</span> <span class='ocrx_word' id='word_1_294' title='bbox 663 3393 742 3445; x_wconf 86' lang='lat' dir='ltr'>Qui</span> <span class='ocrx_word' id='word_1_295' title='bbox 771 3394 936 3448; x_wconf 74' lang='lat' dir='ltr'>patIens</span> <span class='ocrx_word' id='word_1_296' title='bbox 965 3397 1052 3446; x_wconf 90' lang='lat' dir='ltr'>est,</span> <span class='ocrx_word' id='word_1_297' title='bbox 1080 3395 1216 3437; x_wconf 79' lang='lat' dir='ltr'>multa</span> 
     </span>
    </p>
   </div>
   <div class='ocr_carea' id='block_1_5' title="bbox 181 3500 1212 3594">
    <p class='ocr_par' dir='ltr' id='par_1_5' title="bbox 181 3500 1212 3594">
     <span class='ocr_line' id='line_1_47' title="bbox 226 3500 1212 3548; baseline 0.002 -16"><span class='ocrx_word' id='word_1_298' title='bbox 226 3500 236 3521; x_wconf 81' lang='lat'><em>¹</em></span> <span class='ocrx_word' id='word_1_299' title='bbox 256 3501 345 3541; x_wconf 66' lang='lat' dir='ltr'>Luc„</span> <span class='ocrx_word' id='word_1_300' title='bbox 367 3510 406 3544; x_wconf 84' lang='lat'>11,</span> <span class='ocrx_word' id='word_1_301' title='bbox 427 3505 479 3536; x_wconf 82' lang='lat'>25.</span> <span class='ocrx_word' id='word_1_302' title='bbox 501 3520 544 3528; x_wconf 90' lang='lat'>—</span> <span class='ocrx_word' id='word_1_303' title='bbox 563 3505 576 3548; x_wconf 70' lang='lat' dir='ltr'><em>J</em></span> <span class='ocrx_word' id='word_1_304' title='bbox 597 3504 718 3545; x_wconf 63' lang='lat' dir='ltr'>Eccli„</span> <span class='ocrx_word' id='word_1_305' title='bbox 738 3512 824 3546; x_wconf 75' lang='lat' dir='ltr'>xm,</span> <span class='ocrx_word' id='word_1_306' title='bbox 847 3506 896 3537; x_wconf 80' lang='lat'>14.</span> <span class='ocrx_word' id='word_1_307' title='bbox 916 3521 956 3527; x_wconf 94' lang='lat'><em>-</em></span> <span class='ocrx_word' id='word_1_308' title='bbox 976 3504 988 3523; x_wconf 81' lang='lat'><strong>³</strong></span> <span class='ocrx_word' id='word_1_309' title='bbox 1007 3503 1118 3544; x_wconf 87' lang='lat' dir='ltr'>Prov.,</span> <span class='ocrx_word' id='word_1_310' title='bbox 1142 3511 1212 3545; x_wconf 88' lang='lat' dir='ltr'>x1v,</span> 
     </span>
     <span class='ocr_line' id='line_1_48' title="bbox 181 3546 1212 3594; baseline -0.001 -10"><span class='ocrx_word' id='word_1_311' title='bbox 181 3546 233 3578; x_wconf 83' lang='lat'>29·</span> <span class='ocrx_word' id='word_1_312' title='bbox 253 3563 293 3571; x_wconf 85' lang='lat'><em>-</em></span> <span class='ocrx_word' id='word_1_313' title='bbox 316 3549 327 3568; x_wconf 82' lang='lat'>⁴</span> <span class='ocrx_word' id='word_1_314' title='bbox 349 3549 457 3593; x_wconf 63' lang='lat' dir='ltr'>loun„</span> <span class='ocrx_word' id='word_1_315' title='bbox 481 3559 554 3593; x_wconf 80' lang='lat' dir='ltr'>xlx,</span> <span class='ocrx_word' id='word_1_316' title='bbox 580 3554 630 3585; x_wconf 82' lang='lat'>15.</span> <span class='ocrx_word' id='word_1_317' title='bbox 651 3569 692 3577; x_wconf 89' lang='lat'>—</span> <span class='ocrx_word' id='word_1_318' title='bbox 711 3553 725 3577; x_wconf 70' lang='grc' dir='ltr'>ὓ</span> <span class='ocrx_word' id='word_1_319' title='bbox 744 3551 880 3594; x_wconf 67' lang='lat' dir='ltr'>Mami„</span> <span class='ocrx_word' id='word_1_320' title='bbox 900 3559 934 3594; x_wconf 88' lang='lat' dir='ltr'>V,</span> <span class='ocrx_word' id='word_1_321' title='bbox 955 3552 1006 3585; x_wconf 78' lang='lat'>12.</span> <span class='ocrx_word' id='word_1_322' title='bbox 1026 3567 1067 3577; x_wconf 93' lang='lat'>—-</span> <span class='ocrx_word' id='word_1_323' title='bbox 1089 3551 1102 3572; x_wconf 80' lang='lat'><strong>⁶</strong></span> <span class='ocrx_word' id='word_1_324' title='bbox 1120 3551 1212 3584; x_wconf 63' lang='lat' dir='ltr'>Psat.</span> 
     </span>
    </p>
   </div>
   <div class='ocr_carea' id='block_1_6' title="bbox 1292 226 2533 3445">
    <p class='ocr_par' dir='ltr' id='par_1_6' title="bbox 1335 226 2373 431">
     <span class='ocr_line' id='line_1_49' title="bbox 2301 226 2367 263; baseline 0.03 -2"><span class='ocrx_word' id='word_1_325' title='bbox 2301 226 2367 263; x_wconf 79' lang='lat'>¹51</span> 
     </span>
     <span class='ocr_line' id='line_1_50' title="bbox 1338 302 2373 360; baseline 0.011 -18"><span class='ocrx_word' id='word_1_326' title='bbox 1338 302 1607 353; x_wconf 83' lang='lat' dir='ltr'>gubernatur</span> <span class='ocrx_word' id='word_1_327' title='bbox 1625 307 1678 359; x_wconf 84' lang='lat' dir='ltr'>(a)</span> <span class='ocrx_word' id='word_1_328' title='bbox 1702 310 1919 360; x_wconf 87' lang='lat' dir='ltr'>sapientia.</span> <span class='ocrx_word' id='word_1_329' title='bbox 1944 309 2091 351; x_wconf 86' lang='lat' dir='ltr'>»Unde</span> <span class='ocrx_word' id='word_1_330' title='bbox 2109 323 2196 351; x_wconf 90' lang='lat' dir='ltr'>non</span> <span class='ocrx_word' id='word_1_331' title='bbox 2214 315 2278 352; x_wconf 86' lang='lat' dir='ltr'>est</span> <span class='ocrx_word' id='word_1_332' title='bbox 2297 312 2373 353; x_wconf 90' lang='lat' dir='ltr'>du-</span> 
     </span>
     <span class='ocr_line' id='line_1_51' title="bbox 1335 372 2369 431; baseline 0.011 -18"><span class='ocrx_word' id='word_1_333' title='bbox 1335 372 1481 426; x_wconf 88' lang='lat' dir='ltr'>bium,</span> <span class='ocrx_word' id='word_1_334' title='bbox 1505 376 1617 428; x_wconf 86' lang='lat' dir='ltr'>quod</span> <span class='ocrx_word' id='word_1_335' title='bbox 1636 376 1722 427; x_wconf 89' lang='lat' dir='ltr'>illi,</span> <span class='ocrx_word' id='word_1_336' title='bbox 1745 391 1931 431; x_wconf 90' lang='lat' dir='ltr'>quorum</span> <span class='ocrx_word' id='word_1_337' title='bbox 1952 393 2121 422; x_wconf 90' lang='lat' dir='ltr'>mensas</span> <span class='ocrx_word' id='word_1_338' title='bbox 2146 382 2369 423; x_wconf 87' lang='lat' dir='ltr'>subverte-</span> 
     </span>
    </p>

    <p class='ocr_par' dir='ltr' id='par_1_7' title="bbox 1334 447 2364 506">
     <span class='ocr_line' id='line_1_52' title="bbox 1334 447 2364 506; baseline 0.007 -21"><span class='ocrx_word' id='word_1_339' title='bbox 1334 448 1413 495; x_wconf 85' lang='lat' dir='ltr'>rat,</span> <span class='ocrx_word' id='word_1_340' title='bbox 1431 449 1573 499; x_wconf 84' lang='lat' dir='ltr'>postea</span> <span class='ocrx_word' id='word_1_341' title='bbox 1594 447 1933 491; x_wconf 42' lang='lat' dir='ltr'>clamaverunt&amp;</span> <span class='ocrx_word' id='word_1_342' title='bbox 1953 467 1971 490; x_wconf 72' lang='grc' dir='ltr'>(ι</span> <span class='ocrx_word' id='word_1_343' title='bbox 1983 451 2194 506; x_wconf 82' lang='lat' dir='ltr'>Crucifige</span> <span class='ocrx_word' id='word_1_344' title='bbox 2211 467 2327 496; x_wconf 89' lang='lat' dir='ltr'>eum.</span> <span class='ocrx_word' id='word_1_345' title='bbox 2345 469 2364 492; x_wconf 76' lang='lat' dir='ltr'>n</span> 
     </span>
    </p>

    <p class='ocr_par' dir='ltr' id='par_1_8' title="bbox 1331 516 2533 860">
     <span class='ocr_line' id='line_1_53' title="bbox 1335 516 2533 584; baseline 0.01 -27"><span class='ocrx_word' id='word_1_346' title='bbox 1335 516 1431 558; x_wconf 88' lang='lat' dir='ltr'>Ideo</span> <span class='ocrx_word' id='word_1_347' title='bbox 1449 519 1668 571; x_wconf 89' lang='lat' dir='ltr'>sequitur:</span> <span class='ocrx_word' id='word_1_348' title='bbox 1701 536 1720 559; x_wconf 87' lang='lat'><strong><em>«</em></strong></span> <span class='ocrx_word' id='word_1_349' title='bbox 1743 521 1807 562; x_wconf 83' lang='lat' dir='ltr'>Ex</span> <span class='ocrx_word' id='word_1_350' title='bbox 1834 522 1946 562; x_wconf 90' lang='lat' dir='ltr'>trihu</span> <span class='ocrx_word' id='word_1_351' title='bbox 1977 523 2164 565; x_wconf 81' lang='lat' dir='ltr'>Issachar</span> <span class='ocrx_word' id='word_1_352' title='bbox 2187 526 2234 579; x_wconf 89' lang='lat' dir='ltr'>(b)</span> <span class='ocrx_word' id='word_1_353' title='bbox 2260 527 2365 568; x_wconf 89' lang='lat' dir='ltr'>duo-</span> <span class='ocrx_word' id='word_1_354' title='bbox 2397 537 2533 584; x_wconf 33' lang='lat' dir='ltr'>Issaei-m</span> 
     </span>
     <span class='ocr_line' id='line_1_54' title="bbox 1333 579 2527 654; baseline 0.011 -26"><span class='ocrx_word' id='word_1_355' title='bbox 1333 587 1469 629; x_wconf 87' lang='lat' dir='ltr'>decim</span> <span class='ocrx_word' id='word_1_356' title='bbox 1503 590 1636 631; x_wconf 87' lang='lat' dir='ltr'>millia</span> <span class='ocrx_word' id='word_1_357' title='bbox 1674 592 1888 644; x_wconf 83' lang='lat' dir='ltr'>signati.»</span> <span class='ocrx_word' id='word_1_358' title='bbox 1930 593 2127 636; x_wconf 77' lang='lat' dir='ltr'>Issachar</span> <span class='ocrx_word' id='word_1_359' title='bbox 2162 597 2366 651; x_wconf 86' lang='lat' dir='ltr'>interpre-</span> <span class='ocrx_word' id='word_1_360' title='bbox 2386 579 2527 654; x_wconf 56' lang='grc' dir='ltr'>ῗζῗὲηῗζῖ</span> 
     </span>
     <span class='ocr_line' id='line_1_55' title="bbox 1332 661 2444 711; baseline 0.011 -11"><span class='ocrx_word' id='word_1_361' title='bbox 1332 662 1448 701; x_wconf 90' lang='lat' dir='ltr'>tatur</span> <span class='ocrx_word' id='word_1_362' title='bbox 1475 663 1620 703; x_wconf 90' lang='lat' dir='ltr'>asinus</span> <span class='ocrx_word' id='word_1_363' title='bbox 1637 663 1770 705; x_wconf 90' lang='lat' dir='ltr'>fortis.</span> <span class='ocrx_word' id='word_1_364' title='bbox 1795 665 1861 706; x_wconf 86' lang='lat' dir='ltr'>Ad</span> <span class='ocrx_word' id='word_1_365' title='bbox 1889 665 2074 707; x_wconf 85' lang='lat' dir='ltr'>litteram</span> <span class='ocrx_word' id='word_1_366' title='bbox 2105 668 2247 709; x_wconf 84' lang='lat' dir='ltr'>asinus</span> <span class='ocrx_word' id='word_1_367' title='bbox 2267 683 2364 711; x_wconf 91' lang='lat' dir='ltr'>cru·</span> <span class='ocrx_word' id='word_1_368' title='bbox 2386 661 2444 689; x_wconf 66' lang='lat'>²¹²¹·</span> 
     </span>
     <span class='ocr_line' id='line_1_56' title="bbox 1335 734 2368 789; baseline 0.009 -16"><span class='ocrx_word' id='word_1_369' title='bbox 1335 745 1428 773; x_wconf 80' lang='lat' dir='ltr'>cem</span> <span class='ocrx_word' id='word_1_370' title='bbox 1448 734 1578 775; x_wconf 89' lang='lat' dir='ltr'>habet</span> <span class='ocrx_word' id='word_1_371' title='bbox 1594 735 1640 776; x_wconf 91' lang='lat' dir='ltr'>in</span> <span class='ocrx_word' id='word_1_372' title='bbox 1663 737 1846 789; x_wconf 88' lang='lat' dir='ltr'>scapulis</span> <span class='ocrx_word' id='word_1_373' title='bbox 1867 749 1877 778; x_wconf 92' lang='lat'>:</span> <span class='ocrx_word' id='word_1_374' title='bbox 1899 737 2029 779; x_wconf 91' lang='lat' dir='ltr'>homo</span> <span class='ocrx_word' id='word_1_375' title='bbox 2059 751 2230 780; x_wconf 89' lang='lat' dir='ltr'>crucem</span> <span class='ocrx_word' id='word_1_376' title='bbox 2258 741 2368 783; x_wconf 88' lang='lat' dir='ltr'>ferre</span> 
     </span>
     <span class='ocr_line' id='line_1_57' title="bbox 1331 803 2368 860; baseline 0.009 -16"><span class='ocrx_word' id='word_1_377' title='bbox 1331 803 1455 845; x_wconf 88' lang='lat' dir='ltr'>debet</span> <span class='ocrx_word' id='word_1_378' title='bbox 1483 817 1651 859; x_wconf 88' lang='lat' dir='ltr'>semper</span> <span class='ocrx_word' id='word_1_379' title='bbox 1682 819 1773 848; x_wconf 91' lang='lat' dir='ltr'>esse</span> <span class='ocrx_word' id='word_1_380' title='bbox 1801 810 1990 860; x_wconf 88' lang='lat' dir='ltr'>paratus.</span> <span class='ocrx_word' id='word_1_381' title='bbox 2021 808 2114 850; x_wconf 92' lang='lat' dir='ltr'>Non</span> <span class='ocrx_word' id='word_1_382' title='bbox 2134 813 2197 851; x_wconf 90' lang='lat' dir='ltr'>est</span> <span class='ocrx_word' id='word_1_383' title='bbox 2224 815 2368 853; x_wconf 87' lang='lat' dir='ltr'>autem</span> 
     </span>
    </p>

    <p class='ocr_par' dir='ltr' id='par_1_9' title="bbox 1328 877 2367 1140">
     <span class='ocr_line' id='line_1_58' title="bbox 1330 877 2365 933; baseline 0.011 -18"><span class='ocrx_word' id='word_1_384' title='bbox 1330 877 1421 928; x_wconf 85' lang='lat' dir='ltr'>ejus</span> <span class='ocrx_word' id='word_1_385' title='bbox 1459 877 1748 931; x_wconf 81' lang='lat' dir='ltr'>interpretatio</span> <span class='ocrx_word' id='word_1_386' title='bbox 1794 881 1947 923; x_wconf 74' lang='lat' dir='ltr'>asinus</span> <span class='ocrx_word' id='word_1_387' title='bbox 1987 883 2114 933; x_wconf 75' lang='lat' dir='ltr'>fortis</span> <span class='ocrx_word' id='word_1_388' title='bbox 2160 884 2212 924; x_wconf 85' lang='lat' dir='ltr'>ad</span> <span class='ocrx_word' id='word_1_389' title='bbox 2254 884 2365 926; x_wconf 91' lang='lat' dir='ltr'>litte-</span> 
     </span>
     <span class='ocr_line' id='line_1_59' title="bbox 1329 950 2367 1009; baseline 0.01 -22"><span class='ocrx_word' id='word_1_390' title='bbox 1329 960 1445 998; x_wconf 87' lang='lat' dir='ltr'>ram,</span> <span class='ocrx_word' id='word_1_391' title='bbox 1477 950 1550 991; x_wconf 91' lang='lat' dir='ltr'>sed</span> <span class='ocrx_word' id='word_1_392' title='bbox 1587 962 1770 1005; x_wconf 81' lang='lat' dir='ltr'>merces,·</span> <span class='ocrx_word' id='word_1_393' title='bbox 1821 955 1862 993; x_wconf 90' lang='lat' dir='ltr'>et</span> <span class='ocrx_word' id='word_1_394' title='bbox 1897 953 2040 1005; x_wconf 80' lang='lat' dir='ltr'>signat</span> <span class='ocrx_word' id='word_1_395' title='bbox 2083 954 2252 1004; x_wconf 90' lang='lat' dir='ltr'>virum,</span> <span class='ocrx_word' id='word_1_396' title='bbox 2293 958 2367 1009; x_wconf 90' lang='lat' dir='ltr'>qui</span> 
     </span>
     <span class='ocr_line' id='line_1_60' title="bbox 1329 1023 2367 1081; baseline 0.009 -21"><span class='ocrx_word' id='word_1_397' title='bbox 1329 1032 1473 1061; x_wconf 84' lang='lat' dir='ltr'>amore</span> <span class='ocrx_word' id='word_1_398' title='bbox 1511 1023 1717 1064; x_wconf 88' lang='lat' dir='ltr'>mercedis</span> <span class='ocrx_word' id='word_1_399' title='bbox 1754 1026 1817 1064; x_wconf 87' lang='lat' dir='ltr'>est</span> <span class='ocrx_word' id='word_1_400' title='bbox 1855 1028 2059 1066; x_wconf 88' lang='lat' dir='ltr'>armatus.</span> <span class='ocrx_word' id='word_1_401' title='bbox 2100 1025 2218 1068; x_wconf 91' lang='lat' dir='ltr'>Unde</span> <span class='ocrx_word' id='word_1_402' title='bbox 2254 1029 2367 1081; x_wconf 89' lang='lat' dir='ltr'>apud</span> 
     </span>
     <span class='ocr_line' id='line_1_61' title="bbox 1328 1091 2363 1140; baseline 0.008 -8"><span class='ocrx_word' id='word_1_403' title='bbox 1328 1091 1577 1134; x_wconf 85' lang='lat' dir='ltr'>Matthaeum</span> <span class='ocrx_word' id='word_1_404' title='bbox 1607 1098 1620 1119; x_wconf 78' lang='lat'><strong>⁵</strong></span> <span class='ocrx_word' id='word_1_405' title='bbox 1648 1109 1657 1135; x_wconf 72' lang='grc' dir='ltr'>ε</span> <span class='ocrx_word' id='word_1_406' title='bbox 1696 1110 1715 1133; x_wconf 75' lang='grc' dir='ltr'>(ι</span> <span class='ocrx_word' id='word_1_407' title='bbox 1754 1096 1859 1137; x_wconf 91' lang='lat' dir='ltr'>Cum</span> <span class='ocrx_word' id='word_1_408' title='bbox 1898 1109 1974 1138; x_wconf 91' lang='lat' dir='ltr'>vos</span> <span class='ocrx_word' id='word_1_409' title='bbox 2021 1098 2185 1139; x_wconf 89' lang='lat' dir='ltr'>oderint</span> <span class='ocrx_word' id='word_1_410' title='bbox 2223 1099 2363 1140; x_wconf 87' lang='lat' dir='ltr'>homi·</span> 
     </span>
    </p>

    <p class='ocr_par' dir='ltr' id='par_1_10' title="bbox 1327 1167 2366 1223">
     <span class='ocr_line' id='line_1_62' title="bbox 1327 1167 2366 1223; baseline 0.009 -19"><span class='ocrx_word' id='word_1_411' title='bbox 1327 1176 1417 1215; x_wconf 87' lang='lat' dir='ltr'>nes,</span> <span class='ocrx_word' id='word_1_412' title='bbox 1439 1178 1458 1202; x_wconf 90' lang='lat'>»</span> <span class='ocrx_word' id='word_1_413' title='bbox 1477 1167 1572 1217; x_wconf 90' lang='lat' dir='ltr'>etc.,</span> <span class='ocrx_word' id='word_1_414' title='bbox 1589 1180 1609 1204; x_wconf 75' lang='grc' dir='ltr'>α</span> <span class='ocrx_word' id='word_1_415' title='bbox 1631 1167 1827 1219; x_wconf 82' lang='lat' dir='ltr'>gaudete,</span> <span class='ocrx_word' id='word_1_416' title='bbox 1851 1171 1893 1209; x_wconf 92' lang='lat' dir='ltr'>et</span> <span class='ocrx_word' id='word_1_417' title='bbox 1911 1169 2111 1221; x_wconf 78' lang='lat' dir='ltr'>exultate,</span> <span class='ocrx_word' id='word_1_418' title='bbox 2134 1171 2235 1223; x_wconf 88' lang='lat' dir='ltr'>quia</span> <span class='ocrx_word' id='word_1_419' title='bbox 2259 1184 2366 1213; x_wconf 86' lang='lat' dir='ltr'>mer-</span> 
     </span>
    </p>

    <p class='ocr_par' dir='ltr' id='par_1_11' title="bbox 1323 1239 2364 1439">
     <span class='ocr_line' id='line_1_63' title="bbox 1326 1239 2364 1291; baseline 0.009 -15"><span class='ocrx_word' id='word_1_420' title='bbox 1326 1247 1394 1276; x_wconf 90' lang='lat' dir='ltr'>ces</span> <span class='ocrx_word' id='word_1_421' title='bbox 1414 1239 1554 1278; x_wconf 85' lang='lat' dir='ltr'>vestra</span> <span class='ocrx_word' id='word_1_422' title='bbox 1581 1239 1749 1291; x_wconf 87' lang='lat' dir='ltr'>copiosa</span> <span class='ocrx_word' id='word_1_423' title='bbox 1775 1242 1838 1280; x_wconf 88' lang='lat' dir='ltr'>est</span> <span class='ocrx_word' id='word_1_424' title='bbox 1864 1241 1908 1280; x_wconf 90' lang='lat' dir='ltr'>in</span> <span class='ocrx_word' id='word_1_425' title='bbox 1928 1241 2057 1282; x_wconf 84' lang='lat' dir='ltr'>coelis.</span> <span class='ocrx_word' id='word_1_426' title='bbox 2085 1256 2105 1279; x_wconf 72' lang='lat' dir='ltr'>n</span> <span class='ocrx_word' id='word_1_427' title='bbox 2133 1241 2184 1283; x_wconf 87' lang='lat' dir='ltr'>Et</span> <span class='ocrx_word' id='word_1_428' title='bbox 2215 1243 2364 1285; x_wconf 87' lang='lat' dir='ltr'>beatus</span> 
     </span>
     <span class='ocr_line' id='line_1_64' title="bbox 1325 1310 2364 1368; baseline 0.01 -20"><span class='ocrx_word' id='word_1_429' title='bbox 1325 1310 1444 1359; x_wconf 86' lang='lat' dir='ltr'>pater</span> <span class='ocrx_word' id='word_1_430' title='bbox 1463 1312 1607 1351; x_wconf 90' lang='lat' dir='ltr'>noster</span> <span class='ocrx_word' id='word_1_431' title='bbox 1628 1310 1875 1353; x_wconf 87' lang='lat' dir='ltr'>Franciscus</span> <span class='ocrx_word' id='word_1_432' title='bbox 1893 1313 2077 1365; x_wconf 84' lang='lat' dir='ltr'>dicebat,</span> <span class='ocrx_word' id='word_1_433' title='bbox 2100 1316 2213 1368; x_wconf 89' lang='lat' dir='ltr'>quod</span> <span class='ocrx_word' id='word_1_434' title='bbox 2232 1317 2364 1358; x_wconf 88' lang='lat' dir='ltr'>semel</span> 
     </span>
     <span class='ocr_line' id='line_1_65' title="bbox 1323 1379 2364 1439; baseline 0.009 -19"><span class='ocrx_word' id='word_1_435' title='bbox 1323 1379 1575 1433; x_wconf 85' lang='lat' dir='ltr'>loquebatur</span> <span class='ocrx_word' id='word_1_436' title='bbox 1595 1395 1693 1423; x_wconf 92' lang='lat' dir='ltr'>cum</span> <span class='ocrx_word' id='word_1_437' title='bbox 1722 1383 1850 1425; x_wconf 87' lang='lat' dir='ltr'>fratre</span> <span class='ocrx_word' id='word_1_438' title='bbox 1868 1384 2071 1439; x_wconf 84' lang='lat' dir='ltr'>AEgydio,</span> <span class='ocrx_word' id='word_1_439' title='bbox 2100 1387 2174 1439; x_wconf 89' lang='lat' dir='ltr'>qui</span> <span class='ocrx_word' id='word_1_440' title='bbox 2199 1387 2364 1429; x_wconf 90' lang='lat' dir='ltr'>dicebat</span> 
     </span>
    </p>

    <p class='ocr_par' dir='ltr' id='par_1_12' title="bbox 1321 1452 2523 1727">
     <span class='ocr_line' id='line_1_66' title="bbox 1324 1452 2499 1510; baseline 0.007 -18"><span class='ocrx_word' id='word_1_441' title='bbox 1324 1452 1423 1502; x_wconf 88' lang='lat' dir='ltr'>sibi,</span> <span class='ocrx_word' id='word_1_442' title='bbox 1447 1454 1560 1506; x_wconf 90' lang='lat' dir='ltr'>quod</span> <span class='ocrx_word' id='word_1_443' title='bbox 1578 1467 1665 1495; x_wconf 88' lang='lat' dir='ltr'>non</span> <span class='ocrx_word' id='word_1_444' title='bbox 1692 1468 1843 1497; x_wconf 89' lang='lat' dir='ltr'>sumus</span> <span class='ocrx_word' id='word_1_445' title='bbox 1863 1458 2086 1510; x_wconf 88' lang='lat' dir='ltr'>sapientes.</span> <span class='ocrx_word' id='word_1_446' title='bbox 2113 1457 2363 1501; x_wconf 85' lang='lat' dir='ltr'>Franciscus</span> <span class='ocrx_word' id='word_1_447' title='bbox 2400 1474 2499 1500; x_wconf 81' lang='lat' dir='ltr'>Sancti</span> 
     </span>
     <span class='ocr_line' id='line_1_67' title="bbox 1323 1515 2523 1584; baseline 0.008 -21"><span class='ocrx_word' id='word_1_448' title='bbox 1323 1525 1488 1577; x_wconf 88' lang='lat' dir='ltr'>sapiens</span> <span class='ocrx_word' id='word_1_449' title='bbox 1516 1526 1596 1567; x_wconf 84' lang='lat' dir='ltr'>fuit</span> <span class='ocrx_word' id='word_1_450' title='bbox 1627 1531 1837 1569; x_wconf 87' lang='lat' dir='ltr'>mercator</span> <span class='ocrx_word' id='word_1_451' title='bbox 1853 1543 1862 1579; x_wconf 92' lang='lat'>;</span> <span class='ocrx_word' id='word_1_452' title='bbox 1898 1529 1970 1570; x_wconf 92' lang='lat' dir='ltr'>sed</span> <span class='ocrx_word' id='word_1_453' title='bbox 2000 1542 2079 1570; x_wconf 89' lang='lat' dir='ltr'>nos</span> <span class='ocrx_word' id='word_1_454' title='bbox 2105 1530 2361 1584; x_wconf 86' lang='lat' dir='ltr'>dissipamus</span> <span class='ocrx_word' id='word_1_455' title='bbox 2381 1515 2523 1584; x_wconf 53' lang='lat' dir='ltr'>cifferians&#39;„</span> 
     </span>
     <span class='ocr_line' id='line_1_68' title="bbox 1323 1595 2501 1652; baseline 0.008 -17"><span class='ocrx_word' id='word_1_456' title='bbox 1323 1595 1602 1637; x_wconf 87' lang='lat' dir='ltr'>substantiam</span> <span class='ocrx_word' id='word_1_457' title='bbox 1629 1613 1638 1638; x_wconf 73' lang='grc' dir='ltr'>ε</span> <span class='ocrx_word' id='word_1_458' title='bbox 1668 1599 1772 1652; x_wconf 88' lang='lat' dir='ltr'>quia</span> <span class='ocrx_word' id='word_1_459' title='bbox 1803 1599 2057 1640; x_wconf 87' lang='lat' dir='ltr'>deberemus</span> <span class='ocrx_word' id='word_1_460' title='bbox 2091 1601 2191 1642; x_wconf 91' lang='lat' dir='ltr'>dare</span> <span class='ocrx_word' id='word_1_461' title='bbox 2219 1614 2358 1644; x_wconf 90' lang='lat' dir='ltr'>unum</span> <span class='ocrx_word' id='word_1_462' title='bbox 2380 1597 2501 1632; x_wconf 83' lang='lat' dir='ltr'>pientia.</span> 
     </span>
     <span class='ocr_line' id='line_1_69' title="bbox 1321 1666 2355 1727; baseline 0.008 -21"><span class='ocrx_word' id='word_1_463' title='bbox 1321 1666 1567 1718; x_wconf 87' lang='lat' dir='ltr'>denarium,</span> <span class='ocrx_word' id='word_1_464' title='bbox 1600 1672 1648 1709; x_wconf 89' lang='lat' dir='ltr'>ut</span> <span class='ocrx_word' id='word_1_465' title='bbox 1680 1670 1811 1711; x_wconf 86' lang='lat' dir='ltr'>homo</span> <span class='ocrx_word' id='word_1_466' title='bbox 1850 1671 1968 1711; x_wconf 86' lang='lat' dir='ltr'>daret</span> <span class='ocrx_word' id='word_1_467' title='bbox 1999 1683 2133 1712; x_wconf 88' lang='lat' dir='ltr'>unam</span> <span class='ocrx_word' id='word_1_468' title='bbox 2166 1672 2355 1727; x_wconf 87' lang='lat' dir='ltr'>alapam;</span> 
     </span>
    </p>

    <p class='ocr_par' dir='ltr' id='par_1_13' title="bbox 1317 1739 2359 2011">
     <span class='ocr_line' id='line_1_70' title="bbox 1321 1739 2359 1798; baseline 0.007 -19"><span class='ocrx_word' id='word_1_469' title='bbox 1321 1739 1392 1779; x_wconf 88' lang='lat' dir='ltr'>sed</span> <span class='ocrx_word' id='word_1_470' title='bbox 1415 1752 1492 1781; x_wconf 90' lang='lat' dir='ltr'>nos</span> <span class='ocrx_word' id='word_1_471' title='bbox 1511 1753 1599 1782; x_wconf 91' lang='lat' dir='ltr'>non</span> <span class='ocrx_word' id='word_1_472' title='bbox 1614 1741 1825 1782; x_wconf 88' lang='lat' dir='ltr'>habemus</span> <span class='ocrx_word' id='word_1_473' title='bbox 1845 1742 2096 1795; x_wconf 87' lang='lat' dir='ltr'>sapientiam</span> <span class='ocrx_word' id='word_1_474' title='bbox 2114 1744 2236 1795; x_wconf 88' lang='lat' dir='ltr'>asini,</span> <span class='ocrx_word' id='word_1_475' title='bbox 2258 1746 2359 1798; x_wconf 89' lang='lat' dir='ltr'>quia</span> 
     </span>
     <span class='ocr_line' id='line_1_71' title="bbox 1319 1812 2357 1870; baseline 0.007 -19"><span class='ocrx_word' id='word_1_476' title='bbox 1319 1813 1459 1864; x_wconf 85' lang='lat' dir='ltr'>portat</span> <span class='ocrx_word' id='word_1_477' title='bbox 1487 1812 1699 1853; x_wconf 86' lang='lat' dir='ltr'>sarcinam</span> <span class='ocrx_word' id='word_1_478' title='bbox 1725 1825 1862 1863; x_wconf 88' lang='lat' dir='ltr'>suam,</span> <span class='ocrx_word' id='word_1_479' title='bbox 1886 1816 1927 1854; x_wconf 89' lang='lat' dir='ltr'>et</span> <span class='ocrx_word' id='word_1_480' title='bbox 1955 1817 2116 1867; x_wconf 90' lang='lat' dir='ltr'>quanto</span> <span class='ocrx_word' id='word_1_481' title='bbox 2141 1816 2236 1868; x_wconf 88' lang='lat' dir='ltr'>plus</span> <span class='ocrx_word' id='word_1_482' title='bbox 2256 1830 2357 1870; x_wconf 86' lang='lat' dir='ltr'>per-</span> 
     </span>
     <span class='ocr_line' id='line_1_72' title="bbox 1319 1884 2352 1941; baseline 0.007 -17"><span class='ocrx_word' id='word_1_483' title='bbox 1319 1884 1496 1933; x_wconf 88' lang='lat' dir='ltr'>cutitur,</span> <span class='ocrx_word' id='word_1_484' title='bbox 1537 1889 1577 1926; x_wconf 90' lang='lat' dir='ltr'>et</span> <span class='ocrx_word' id='word_1_485' title='bbox 1616 1885 1742 1938; x_wconf 87' lang='lat' dir='ltr'>plura</span> <span class='ocrx_word' id='word_1_486' title='bbox 1781 1885 1860 1926; x_wconf 89' lang='lat' dir='ltr'>sibi</span> <span class='ocrx_word' id='word_1_487' title='bbox 1894 1886 2104 1940; x_wconf 87' lang='lat' dir='ltr'>vituperia</span> <span class='ocrx_word' id='word_1_488' title='bbox 2137 1889 2352 1941; x_wconf 90' lang='lat' dir='ltr'>dicuntur,</span> 
     </span>
     <span class='ocr_line' id='line_1_73' title="bbox 1317 1957 2356 2011; baseline 0.006 -15"><span class='ocrx_word' id='word_1_489' title='bbox 1317 1958 1434 1997; x_wconf 86' lang='lat' dir='ltr'>tanto</span> <span class='ocrx_word' id='word_1_490' title='bbox 1455 1957 1607 1998; x_wconf 88' lang='lat' dir='ltr'>melius</span> <span class='ocrx_word' id='word_1_491' title='bbox 1627 1960 1779 2011; x_wconf 88' lang='lat' dir='ltr'>portat.</span> <span class='ocrx_word' id='word_1_492' title='bbox 1803 1958 1871 1999; x_wconf 91' lang='lat' dir='ltr'>Sic</span> <span class='ocrx_word' id='word_1_493' title='bbox 1889 1959 2018 2000; x_wconf 88' lang='lat' dir='ltr'>homo</span> <span class='ocrx_word' id='word_1_494' title='bbox 2039 1960 2238 2001; x_wconf 87' lang='lat' dir='ltr'>obediens</span> <span class='ocrx_word' id='word_1_495' title='bbox 2258 1962 2356 2002; x_wconf 90' lang='lat' dir='ltr'>nul-</span> 
     </span>
    </p>

    <p class='ocr_par' dir='ltr' id='par_1_14' title="bbox 1316 2028 2355 2081">
     <span class='ocr_line' id='line_1_74' title="bbox 1316 2028 2355 2081; baseline 0.007 -13"><span class='ocrx_word' id='word_1_496' title='bbox 1316 2028 1407 2069; x_wconf 86' lang='lat' dir='ltr'>lum</span> <span class='ocrx_word' id='word_1_497' title='bbox 1428 2029 1590 2070; x_wconf 86' lang='lat' dir='ltr'>bonum</span> <span class='ocrx_word' id='word_1_498' title='bbox 1610 2030 1734 2071; x_wconf 87' lang='lat' dir='ltr'>debet</span> <span class='ocrx_word' id='word_1_499' title='bbox 1749 2031 1982 2081; x_wconf 83' lang='lat' dir='ltr'>dimittere3</span> <span class='ocrx_word' id='word_1_500' title='bbox 2010 2032 2097 2072; x_wconf 86' lang='lat' dir='ltr'>imo</span> <span class='ocrx_word' id='word_1_501' title='bbox 2119 2033 2272 2074; x_wconf 83' lang='lat' dir='ltr'>melius</span> <span class='ocrx_word' id='word_1_502' title='bbox 2292 2035 2355 2075; x_wconf 84' lang='lat' dir='ltr'>fa-</span> 
     </span>
    </p>

    <p class='ocr_par' dir='ltr' id='par_1_15' title="bbox 1315 2103 2348 2155">
     <span class='ocr_line' id='line_1_75' title="bbox 1315 2103 2348 2155; baseline 0.007 -15"><span class='ocrx_word' id='word_1_503' title='bbox 1315 2112 1409 2140; x_wconf 88' lang='lat' dir='ltr'>cere</span> <span class='ocrx_word' id='word_1_504' title='bbox 1445 2104 1618 2154; x_wconf 85' lang='lat' dir='ltr'>propter</span> <span class='ocrx_word' id='word_1_505' title='bbox 1648 2113 1964 2155; x_wconf 84' lang='lat' dir='ltr'>quamcumque</span> <span class='ocrx_word' id='word_1_506' title='bbox 1996 2103 2315 2146; x_wconf 85' lang='lat' dir='ltr'>tribulationem</span> <span class='ocrx_word' id='word_1_507' title='bbox 2339 2121 2348 2147; x_wconf 91' lang='lat'>:</span> 
     </span>
    </p>

    <p class='ocr_par' dir='ltr' id='par_1_16' title="bbox 1313 2172 2352 2371">
     <span class='ocr_line' id='line_1_76' title="bbox 1313 2172 2350 2227; baseline 0.005 -15"><span class='ocrx_word' id='word_1_508' title='bbox 1313 2185 1390 2213; x_wconf 89' lang='lat' dir='ltr'>nec</span> <span class='ocrx_word' id='word_1_509' title='bbox 1411 2172 1532 2213; x_wconf 86' lang='lat' dir='ltr'>aliter</span> <span class='ocrx_word' id='word_1_510' title='bbox 1551 2176 1612 2213; x_wconf 79' lang='lat' dir='ltr'>est</span> <span class='ocrx_word' id='word_1_511' title='bbox 1634 2173 2002 2227; x_wconf 84' lang='lat' dir='ltr'>contemplativus.</span> <span class='ocrx_word' id='word_1_512' title='bbox 2026 2174 2088 2215; x_wconf 69' lang='lat' dir='ltr'>Ex</span> <span class='ocrx_word' id='word_1_513' title='bbox 2106 2179 2224 2227; x_wconf 86' lang='lat' dir='ltr'>parte</span> <span class='ocrx_word' id='word_1_514' title='bbox 2237 2176 2350 2217; x_wconf 86' lang='lat' dir='ltr'>Occi-</span> 
     </span>
     <span class='ocr_line' id='line_1_77' title="bbox 1313 2243 2352 2298; baseline 0.006 -14"><span class='ocrx_word' id='word_1_515' title='bbox 1313 2243 1449 2284; x_wconf 85' lang='lat' dir='ltr'>dentis</span> <span class='ocrx_word' id='word_1_516' title='bbox 1483 2247 1546 2285; x_wconf 89' lang='lat' dir='ltr'>est</span> <span class='ocrx_word' id='word_1_517' title='bbox 1584 2246 1793 2298; x_wconf 82' lang='lat' dir='ltr'>perfectus</span> <span class='ocrx_word' id='word_1_518' title='bbox 1828 2246 1968 2286; x_wconf 89' lang='lat' dir='ltr'>omnis</span> <span class='ocrx_word' id='word_1_519' title='bbox 2001 2259 2176 2298; x_wconf 87' lang='lat' dir='ltr'>sensns;</span> <span class='ocrx_word' id='word_1_520' title='bbox 2212 2251 2251 2289; x_wconf 87' lang='lat' dir='ltr'>et</span> <span class='ocrx_word' id='word_1_521' title='bbox 2283 2250 2352 2291; x_wconf 87' lang='lat' dir='ltr'>hic</span> 
     </span>
     <span class='ocr_line' id='line_1_78' title="bbox 1313 2317 2350 2371; baseline 0.006 -15"><span class='ocrx_word' id='word_1_522' title='bbox 1313 2328 1464 2357; x_wconf 87' lang='lat' dir='ltr'>sensus</span> <span class='ocrx_word' id='word_1_523' title='bbox 1489 2317 1586 2358; x_wconf 85' lang='lat' dir='ltr'>facit</span> <span class='ocrx_word' id='word_1_524' title='bbox 1610 2330 1688 2358; x_wconf 90' lang='lat' dir='ltr'>nos</span> <span class='ocrx_word' id='word_1_525' title='bbox 1708 2318 1999 2371; x_wconf 87' lang='lat' dir='ltr'>contemplari,</span> <span class='ocrx_word' id='word_1_526' title='bbox 2024 2322 2064 2359; x_wconf 85' lang='lat' dir='ltr'>et</span> <span class='ocrx_word' id='word_1_527' title='bbox 2082 2319 2257 2361; x_wconf 88' lang='lat' dir='ltr'>comites</span> <span class='ocrx_word' id='word_1_528' title='bbox 2277 2321 2350 2362; x_wconf 85' lang='lat' dir='ltr'>ha-</span> 
     </span>
    </p>

    <p class='ocr_par' dir='ltr' id='par_1_17' title="bbox 1310 2387 2346 2516">
     <span class='ocr_line' id='line_1_79' title="bbox 1310 2387 2344 2443; baseline 0.005 -15"><span class='ocrx_word' id='word_1_529' title='bbox 1310 2387 1381 2428; x_wconf 90' lang='lat' dir='ltr'>bet</span> <span class='ocrx_word' id='word_1_530' title='bbox 1409 2391 1568 2429; x_wconf 88' lang='lat' dir='ltr'>statum</span> <span class='ocrx_word' id='word_1_531' title='bbox 1598 2390 1815 2442; x_wconf 87' lang='lat' dir='ltr'>quietum,</span> <span class='ocrx_word' id='word_1_532' title='bbox 1847 2402 2067 2431; x_wconf 81' lang='lat' dir='ltr'>excessum</span> <span class='ocrx_word' id='word_1_533' title='bbox 2092 2392 2344 2443; x_wconf 83' lang='lat' dir='ltr'>jucundum,</span> 
     </span>
     <span class='ocr_line' id='line_1_80' title="bbox 1310 2460 2346 2516; baseline 0.006 -17"><span class='ocrx_word' id='word_1_534' title='bbox 1310 2460 1545 2500; x_wconf 90' lang='lat' dir='ltr'>contuitum</span> <span class='ocrx_word' id='word_1_535' title='bbox 1583 2460 1761 2501; x_wconf 89' lang='lat' dir='ltr'>clarum.</span> <span class='ocrx_word' id='word_1_536' title='bbox 1794 2461 1842 2502; x_wconf 89' lang='lat' dir='ltr'>In</span> <span class='ocrx_word' id='word_1_537' title='bbox 1882 2462 2022 2515; x_wconf 85' lang='lat' dir='ltr'>quiete</span> <span class='ocrx_word' id='word_1_538' title='bbox 2061 2462 2176 2503; x_wconf 89' lang='lat' dir='ltr'>enim</span> <span class='ocrx_word' id='word_1_539' title='bbox 2210 2466 2346 2516; x_wconf 87' lang='lat' dir='ltr'>potest</span> 
     </span>
    </p>

    <p class='ocr_par' dir='ltr' id='par_1_18' title="bbox 1309 2532 2343 2657">
     <span class='ocr_line' id='line_1_81' title="bbox 1309 2532 2343 2585; baseline 0.006 -16"><span class='ocrx_word' id='word_1_540' title='bbox 1309 2541 1399 2569; x_wconf 89' lang='lat' dir='ltr'>esse</span> <span class='ocrx_word' id='word_1_541' title='bbox 1431 2533 1566 2571; x_wconf 88' lang='lat' dir='ltr'>status</span> <span class='ocrx_word' id='word_1_542' title='bbox 1600 2532 1813 2583; x_wconf 79' lang='lat' dir='ltr'>cogitandi</span> <span class='ocrx_word' id='word_1_543' title='bbox 1849 2535 1890 2573; x_wconf 90' lang='lat' dir='ltr'>et</span> <span class='ocrx_word' id='word_1_544' title='bbox 1924 2533 2264 2585; x_wconf 76' lang='lat' dir='ltr'>contemplandi3</span> <span class='ocrx_word' id='word_1_545' title='bbox 2299 2536 2343 2576; x_wconf 88' lang='lat' dir='ltr'>in</span> 
     </span>
     <span class='ocr_line' id='line_1_82' title="bbox 1309 2598 2338 2657; baseline 0.005 -17"><span class='ocrx_word' id='word_1_546' title='bbox 1309 2598 1545 2651; x_wconf 87' lang='lat' dir='ltr'>Occidente,</span> <span class='ocrx_word' id='word_1_547' title='bbox 1568 2602 1725 2643; x_wconf 88' lang='lat' dir='ltr'>scilicet</span> <span class='ocrx_word' id='word_1_548' title='bbox 1748 2603 1822 2643; x_wconf 86' lang='lat' dir='ltr'>ubi</span> <span class='ocrx_word' id='word_1_549' title='bbox 1842 2606 1905 2644; x_wconf 89' lang='lat' dir='ltr'>est</span> <span class='ocrx_word' id='word_1_550' title='bbox 1926 2604 2061 2656; x_wconf 79' lang='lat' dir='ltr'>quies,</span> <span class='ocrx_word' id='word_1_551' title='bbox 2084 2604 2338 2657; x_wconf 88' lang='lat' dir='ltr'>consiliatio,</span> 
     </span>
    </p>

    <p class='ocr_par' dir='ltr' id='par_1_19' title="bbox 1303 2672 2341 2873">
     <span class='ocr_line' id='line_1_83' title="bbox 1306 2672 2341 2727; baseline 0.005 -15"><span class='ocrx_word' id='word_1_552' title='bbox 1306 2675 1347 2712; x_wconf 92' lang='lat' dir='ltr'>et</span> <span class='ocrx_word' id='word_1_553' title='bbox 1372 2672 1593 2725; x_wconf 81' lang='lat' dir='ltr'>caligatio,</span> <span class='ocrx_word' id='word_1_554' title='bbox 1618 2674 1708 2715; x_wconf 91' lang='lat' dir='ltr'>sive</span> <span class='ocrx_word' id='word_1_555' title='bbox 1732 2674 1932 2715; x_wconf 87' lang='lat' dir='ltr'>introitus</span> <span class='ocrx_word' id='word_1_556' title='bbox 1954 2675 1996 2715; x_wconf 90' lang='lat' dir='ltr'>in</span> <span class='ocrx_word' id='word_1_557' title='bbox 2014 2675 2264 2727; x_wconf 81' lang='lat' dir='ltr'>caliginem:</span> <span class='ocrx_word' id='word_1_558' title='bbox 2288 2678 2341 2719; x_wconf 84' lang='lat' dir='ltr'>ad</span> 
     </span>
     <span class='ocr_line' id='line_1_84' title="bbox 1304 2743 2339 2799; baseline 0.006 -16"><span class='ocrx_word' id='word_1_559' title='bbox 1304 2743 1433 2784; x_wconf 90' lang='lat' dir='ltr'>istum</span> <span class='ocrx_word' id='word_1_560' title='bbox 1456 2756 1630 2785; x_wconf 88' lang='lat' dir='ltr'>sensum</span> <span class='ocrx_word' id='word_1_561' title='bbox 1648 2746 1882 2799; x_wconf 88' lang='lat' dir='ltr'>requiritur</span> <span class='ocrx_word' id='word_1_562' title='bbox 1899 2746 2094 2787; x_wconf 89' lang='lat' dir='ltr'>sublimis</span> <span class='ocrx_word' id='word_1_563' title='bbox 2108 2747 2339 2789; x_wconf 85' lang='lat' dir='ltr'>mansionis</span> 
     </span>
     <span class='ocr_line' id='line_1_85' title="bbox 1303 2815 2338 2873; baseline 0.005 -18"><span class='ocrx_word' id='word_1_564' title='bbox 1303 2818 1436 2856; x_wconf 88' lang='lat' dir='ltr'>status</span> <span class='ocrx_word' id='word_1_565' title='bbox 1456 2815 1657 2869; x_wconf 84' lang='lat' dir='ltr'>pacificus</span> <span class='ocrx_word' id='word_1_566' title='bbox 1674 2848 1685 2866; x_wconf 88' lang='lat'>‚</span> <span class='ocrx_word' id='word_1_567' title='bbox 1709 2818 1876 2869; x_wconf 82' lang='lat' dir='ltr'>sagacis</span> <span class='ocrx_word' id='word_1_568' title='bbox 1897 2817 2159 2859; x_wconf 86' lang='lat' dir='ltr'>discretionis</span> <span class='ocrx_word' id='word_1_569' title='bbox 2181 2820 2338 2873; x_wconf 88' lang='lat' dir='ltr'>perspi-</span> 
     </span>
    </p>

    <p class='ocr_par' dir='ltr' id='par_1_20' title="bbox 1301 2889 2335 3016">
     <span class='ocr_line' id='line_1_86' title="bbox 1302 2889 2333 2941; baseline 0.005 -14"><span class='ocrx_word' id='word_1_570' title='bbox 1302 2899 1408 2928; x_wconf 89' lang='lat' dir='ltr'>cuus</span> <span class='ocrx_word' id='word_1_571' title='bbox 1428 2890 1676 2941; x_wconf 83' lang='lat' dir='ltr'>conspectus</span> <span class='ocrx_word' id='word_1_572' title='bbox 1698 2889 1766 2930; x_wconf 91' lang='lat' dir='ltr'>vel</span> <span class='ocrx_word' id='word_1_573' title='bbox 1792 2890 2028 2941; x_wconf 88' lang='lat' dir='ltr'>contuitus,</span> <span class='ocrx_word' id='word_1_574' title='bbox 2061 2890 2206 2931; x_wconf 82' lang='lat' dir='ltr'>suavis</span> <span class='ocrx_word' id='word_1_575' title='bbox 2233 2903 2333 2932; x_wconf 91' lang='lat' dir='ltr'>con-</span> 
     </span>
     <span class='ocr_line' id='line_1_87' title="bbox 1301 2959 2335 3016; baseline 0.005 -17"><span class='ocrx_word' id='word_1_576' title='bbox 1301 2959 1518 3001; x_wconf 88' lang='lat' dir='ltr'>solationis</span> <span class='ocrx_word' id='word_1_577' title='bbox 1556 2961 1780 3002; x_wconf 86' lang='lat' dir='ltr'>ecstaticus</span> <span class='ocrx_word' id='word_1_578' title='bbox 1815 2974 2028 3003; x_wconf 77' lang='lat' dir='ltr'>excessus,</span> <span class='ocrx_word' id='word_1_579' title='bbox 2065 2961 2236 3016; x_wconf 87' lang='lat' dir='ltr'>Oportet</span> <span class='ocrx_word' id='word_1_580' title='bbox 2265 2963 2335 3005; x_wconf 89' lang='lat' dir='ltr'>ha-</span> 
     </span>
    </p>

    <p class='ocr_par' dir='ltr' id='par_1_21' title="bbox 1292 3031 2333 3370">
     <span class='ocr_line' id='line_1_88' title="bbox 1300 3031 2333 3087; baseline 0.005 -16"><span class='ocrx_word' id='word_1_581' title='bbox 1300 3031 1400 3072; x_wconf 89' lang='lat' dir='ltr'>bere</span> <span class='ocrx_word' id='word_1_582' title='bbox 1419 3031 1595 3084; x_wconf 82' lang='lat' dir='ltr'>signum</span> <span class='ocrx_word' id='word_1_583' title='bbox 1610 3033 1808 3081; x_wconf 80' lang='lat' dir='ltr'>Zabulon,</span> <span class='ocrx_word' id='word_1_584' title='bbox 1833 3034 1946 3087; x_wconf 89' lang='lat' dir='ltr'>quod</span> <span class='ocrx_word' id='word_1_585' title='bbox 1966 3037 2028 3075; x_wconf 90' lang='lat' dir='ltr'>est</span> <span class='ocrx_word' id='word_1_586' title='bbox 2044 3035 2333 3076; x_wconf 87' lang='lat' dir='ltr'>habitaculum</span> 
     </span>
     <span class='ocr_line' id='line_1_89' title="bbox 1298 3101 2327 3159; baseline 0.004 -16"><span class='ocrx_word' id='word_1_587' title='bbox 1298 3101 1580 3153; x_wconf 85' lang='lat' dir='ltr'>fortitudinis,</span> <span class='ocrx_word' id='word_1_588' title='bbox 1612 3119 1631 3142; x_wconf 72' lang='grc' dir='ltr'><strong>υ</strong></span> <span class='ocrx_word' id='word_1_589' title='bbox 1667 3105 1742 3158; x_wconf 91' lang='lat' dir='ltr'>qui</span> <span class='ocrx_word' id='word_1_590' title='bbox 1772 3106 1902 3147; x_wconf 88' lang='lat' dir='ltr'>habet</span> <span class='ocrx_word' id='word_1_591' title='bbox 1930 3108 2088 3147; x_wconf 88' lang='lat' dir='ltr'>statum</span> <span class='ocrx_word' id='word_1_592' title='bbox 2117 3106 2327 3159; x_wconf 89' lang='lat' dir='ltr'>primum,</span> 
     </span>
     <span class='ocr_line' id='line_1_90' title="bbox 1292 3175 2326 3227; baseline 0.003 -12"><span class='ocrx_word' id='word_1_593' title='bbox 1292 3175 1417 3227; x_wconf 74' lang='lat' dir='ltr'>Juxta</span> <span class='ocrx_word' id='word_1_594' title='bbox 1444 3175 1550 3216; x_wconf 89' lang='lat' dir='ltr'>illud</span> <span class='ocrx_word' id='word_1_595' title='bbox 1584 3177 1727 3219; x_wconf 76' lang='lat' dir='ltr'>David</span> <span class='ocrx_word' id='word_1_596' title='bbox 1746 3177 1786 3218; x_wconf 81' lang='lat'>⁶:</span> <span class='ocrx_word' id='word_1_597' title='bbox 1811 3193 1830 3217; x_wconf 86' lang='lat'>«</span> <span class='ocrx_word' id='word_1_598' title='bbox 1854 3178 2061 3227; x_wconf 82' lang='lat' dir='ltr'>Quoniam</span> <span class='ocrx_word' id='word_1_599' title='bbox 2083 3181 2129 3218; x_wconf 91' lang='lat' dir='ltr'>tu</span> <span class='ocrx_word' id='word_1_600' title='bbox 2149 3190 2217 3227; x_wconf 80' lang='lat' dir='ltr'>eS,</span> <span class='ocrx_word' id='word_1_601' title='bbox 2248 3176 2326 3218; x_wconf 91' lang='lat' dir='ltr'>Do-</span> 
     </span>
     <span class='ocr_line' id='line_1_91' title="bbox 1296 3246 2330 3301; baseline 0.003 -14"><span class='ocrx_word' id='word_1_602' title='bbox 1296 3246 1436 3298; x_wconf 90' lang='lat' dir='ltr'>mine,</span> <span class='ocrx_word' id='word_1_603' title='bbox 1466 3260 1562 3301; x_wconf 87' lang='lat' dir='ltr'>spes</span> <span class='ocrx_word' id='word_1_604' title='bbox 1584 3261 1693 3290; x_wconf 85' lang='lat' dir='ltr'>mea.</span> <span class='ocrx_word' id='word_1_605' title='bbox 1717 3263 1736 3287; x_wconf 76' lang='lat'>1&gt;</span> <span class='ocrx_word' id='word_1_606' title='bbox 1762 3249 1880 3291; x_wconf 90' lang='lat' dir='ltr'>Unde</span> <span class='ocrx_word' id='word_1_607' title='bbox 1901 3249 2052 3290; x_wconf 89' lang='lat' dir='ltr'>dicitur</span> <span class='ocrx_word' id='word_1_608' title='bbox 2072 3249 2111 3289; x_wconf 88' lang='lat'>⁷:</span> <span class='ocrx_word' id='word_1_609' title='bbox 2142 3264 2160 3287; x_wconf 73' lang='lat' dir='ltr'>a</span> <span class='ocrx_word' id='word_1_610' title='bbox 2181 3248 2330 3290; x_wconf 89' lang='lat' dir='ltr'>Turris</span> 
     </span>
     <span class='ocr_line' id='line_1_92' title="bbox 1294 3318 2328 3370; baseline 0.004 -12"><span class='ocrx_word' id='word_1_611' title='bbox 1294 3318 1525 3360; x_wconf 88' lang='lat' dir='ltr'>fortissima</span> <span class='ocrx_word' id='word_1_612' title='bbox 1548 3332 1707 3362; x_wconf 88' lang='lat' dir='ltr'>nomen</span> <span class='ocrx_word' id='word_1_613' title='bbox 1735 3320 1925 3370; x_wconf 84' lang='lat' dir='ltr'>Domini,</span> <span class='ocrx_word' id='word_1_614' title='bbox 1960 3321 2012 3362; x_wconf 87' lang='lat' dir='ltr'>ad</span> <span class='ocrx_word' id='word_1_615' title='bbox 2039 3320 2155 3361; x_wconf 91' lang='lat' dir='ltr'>illam</span> <span class='ocrx_word' id='word_1_616' title='bbox 2176 3321 2328 3362; x_wconf 86' lang='lat' dir='ltr'>consu-</span> 
     </span>
    </p>

    <p class='ocr_par' dir='ltr' id='par_1_22' title="bbox 1295 3390 2328 3445">
     <span class='ocr_line' id='line_1_93' title="bbox 1295 3390 2328 3445; baseline 0.001 -14"><span class='ocrx_word' id='word_1_617' title='bbox 1295 3390 1385 3443; x_wconf 89' lang='lat' dir='ltr'>giet</span> <span class='ocrx_word' id='word_1_618' title='bbox 1398 3391 1556 3444; x_wconf 88' lang='lat' dir='ltr'>justus.</span> <span class='ocrx_word' id='word_1_619' title='bbox 1577 3406 1596 3430; x_wconf 75' lang='lat' dir='ltr'>n</span> <span class='ocrx_word' id='word_1_620' title='bbox 1621 3391 1693 3433; x_wconf 88' lang='lat' dir='ltr'>Ille</span> <span class='ocrx_word' id='word_1_621' title='bbox 1713 3392 1828 3433; x_wconf 90' lang='lat' dir='ltr'>solus</span> <span class='ocrx_word' id='word_1_622' title='bbox 1847 3395 1909 3432; x_wconf 89' lang='lat' dir='ltr'>est</span> <span class='ocrx_word' id='word_1_623' title='bbox 1929 3394 2115 3445; x_wconf 86' lang='lat' dir='ltr'>pacatuS,</span> <span class='ocrx_word' id='word_1_624' title='bbox 2135 3391 2211 3445; x_wconf 90' lang='lat' dir='ltr'>qui</span> <span class='ocrx_word' id='word_1_625' title='bbox 2232 3391 2328 3445; x_wconf 83' lang='lat' dir='ltr'>figit</span> 
     </span>
    </p>
   </div>
   <div class='ocr_carea' id='block_1_7' title="bbox 1290 3498 2323 3589">
    <p class='ocr_par' dir='ltr' id='par_1_23' title="bbox 1290 3498 2323 3589">
     <span class='ocr_line' id='line_1_94' title="bbox 1290 3498 2323 3541; baseline 0 -9"><span class='ocrx_word' id='word_1_626' title='bbox 1290 3507 1347 3540; x_wconf 85' lang='lat' dir='ltr'>xc,</span> <span class='ocrx_word' id='word_1_627' title='bbox 1368 3501 1398 3531; x_wconf 90' lang='lat'>9.</span> <span class='ocrx_word' id='word_1_628' title='bbox 1414 3516 1455 3522; x_wconf 92' lang='lat'>—</span> <span class='ocrx_word' id='word_1_629' title='bbox 1473 3499 1487 3521; x_wconf 75' lang='lat'><em>⁷</em></span> <span class='ocrx_word' id='word_1_630' title='bbox 1506 3499 1616 3536; x_wconf 63' lang='lat' dir='ltr'>Pron„</span> <span class='ocrx_word' id='word_1_631' title='bbox 1637 3504 1740 3540; x_wconf 83' lang='lat' dir='ltr'>xvm,</span> <span class='ocrx_word' id='word_1_632' title='bbox 1760 3501 1861 3531; x_wconf 72' lang='lat' dir='ltr'>to.—</span> <span class='ocrx_word' id='word_1_633' title='bbox 1877 3498 1920 3539; x_wconf 85' lang='lat' dir='ltr'>(a)</span> <span class='ocrx_word' id='word_1_634' title='bbox 1946 3500 2024 3531; x_wconf 83' lang='lat' dir='ltr'>caet.</span> <span class='ocrx_word' id='word_1_635' title='bbox 2041 3498 2122 3532; x_wconf 80' lang='lat' dir='ltr'>edit.</span> <span class='ocrx_word' id='word_1_636' title='bbox 2144 3499 2323 3541; x_wconf 82' lang='lat' dir='ltr'>gubernat.</span> 
     </span>
     <span class='ocr_line' id='line_1_95' title="bbox 1293 3545 1973 3589; baseline 0.003 -11"><span class='ocrx_word' id='word_1_637' title='bbox 1293 3565 1326 3572; x_wconf 93' lang='grc'>-</span> <span class='ocrx_word' id='word_1_638' title='bbox 1359 3546 1405 3589; x_wconf 77' lang='lat' dir='ltr'>(b)</span> <span class='ocrx_word' id='word_1_639' title='bbox 1435 3546 1489 3580; x_wconf 78' lang='lat' dir='ltr'>Al.</span> <span class='ocrx_word' id='word_1_640' title='bbox 1518 3546 1663 3587; x_wconf 75' lang='lat' dir='ltr'>isachar,</span> <span class='ocrx_word' id='word_1_641' title='bbox 1688 3548 1722 3578; x_wconf 84' lang='lat' dir='ltr'>et</span> <span class='ocrx_word' id='word_1_642' title='bbox 1746 3547 1792 3579; x_wconf 77' lang='lat' dir='ltr'>sic</span> <span class='ocrx_word' id='word_1_643' title='bbox 1813 3545 1973 3589; x_wconf 80' lang='lat' dir='ltr'>deinceps-</span> 
     </span>
    </p>
   </div>
  </div>
 </body>
</html>
