2633 3878
140 2224 229 2249 Amor

113 2262 169 2290 Dei
185 2271 257 2298 erga

115 2311 179 2330 nos.

1143 133 1383 178 PSALMUS
1413 138 1585 180 CXVIII.

603 269 793 304 Articulus
817 266 1002 303 secundus.

336 351 498 388 Attende
525 350 700 387 secundo
729 348 961 386 catholicam
987 347 1212 384 veritatem:
1238 347 1320 383 Tes-

291 415 443 449 timom'a
471 416 547 448 tua.
578 411 680 448 Nulli
709 410 897 456 dubium,
928 410 1024 457 quin
1052 409 1192 445 veritas
1223 408 1322 454 ejus-

288 474 398 510 modi
424 474 472 510 sit
502 473 567 510 Dei
591 473 872 509 testimonium.
901 473 945 507 Et
971 470 1193 507 notandum
1218 470 1321 507 circa

287 535 456 572 veritatis
476 534 688 580 catholicae,
712 545 781 571 seu
800 534 894 570 fidei
915 532 1130 569 christianae
1149 532 1321 568 testimo-

286 596 416 641 nium,
444 596 556 643 quod
581 597 802 632 nullatenus
830 598 886 632 est
913 595 1114 631 infirmum
1123 607 1134 641 ;
1158 594 1228 630 sed
1255 593 1320 630 tri-

285 657 378 704 plici
408 658 590 694 firmitate
627 658 849 703 firmatum,
895 657 1040 693 scillcet
1075 656 1318 701 auctoritate,

285 719 458 765 veritate,
479 720 638 765 virtute3
655 720 731 756 hoc
745 722 813 765 cst,
835 719 1062 755 auctoritate
1080 718 1319 765 thearchica,

284 780 443 817 veritate
469 781 716 828 prophetica,
740 782 881 817 virtute
910 780 1139 827 apostolica.
1164 783 1214 816 De
1237 780 1318 827 pri-

282 852 349 878 mo
369 841 380 862 ¹
404 854 412 877 :
440 855 457 875 «
477 843 549 887 Qui
569 843 674 879 misit
696 853 759 878 me
783 844 907 887 Pater,
937 842 1021 888 ipse
1050 841 1318 878 testimonium

280 903 480 950 perhibuit
500 904 549 940 de
568 915 631 941 me
652 917 660 940 :
681 917 699 938 »
730 915 818 940 ecce
842 903 1107 940 testimoniam
1128 903 1319 940 thearchi-

281 975 384 1001 cum.
408 966 460 1001 De
481 965 700 1002 seeund02:
719 978 736 999 «
755 966 849 1003 Huic
868 976 1005 1002 omnes
1024 966 1225 1013 prophetae
1244 967 1318 1002 tes-

280 1026 489 1063 timonium
499 1027 726 1074 perhibent:
738 1041 755 1062 »
769 1038 856 1064 ecce
867 1027 1135 1064 testimonium
1146 1027 1319 1075 prophe-

279 1088 412 1125 ticum.
442 1091 492 1125 De
516 1089 630 1126 tertio
650 1090 688 1125 3:
715 1102 733 1123 «
751 1090 896 1126 Virtute
923 1100 1070 1136 magna
1096 1089 1322 1126 reddebant

280 1149 725 1196 apostolitestimonium
732 1150 1026 1187 resurrectionis
1032 1152 1049 1187 J
1053 1161 1121 1186 esu
1131 1149 1266 1187 Christi
1277 1162 1285 1187 :
1297 1164 1314 1185 »

280 1220 368 1247 ecce
387 1210 657 1248 testimonium
677 1211 952 1259 apostolicum.

619 1318 809 1353 Articulus
836 1318 982 1353 tertius.

325 1399 491 1436 Adverte
509 1399 621 1436 tertio
643 1398 912 1446 diligentiam:
939 1400 987 1434 Et
1012 1398 1147 1434 dilexit
1164 1409 1223 1435 ea.
1244 1398 1314 1436 Ubi

277 1471 451 1508 namque
480 1461 636 1497 dilectio
661 1461 729 1508 (a),
750 1460 806 1497 ibi
824 1461 989 1506 diligens
1010 1460 1124 1496 actio.
1155 1460 1316 1497 Dilectio

275 1523 368 1560 latet
404 1523 584 1569 interius3
612 1524 814 1569 diligentia
846 1526 953 1571 patet
980 1523 1149 1560 exterius
1182 1536 1191 1560 ι
1219 1524 1318 1561 sicut

276 1595 325 1621 ex
358 1584 542 1621 charitate
574 1584 788 1630 diligimus,
809 1585 863 1620 sic
894 1585 1102 1631 diligenter
1123 1585 1278 1631 agimus
1303 1598 1312 1622 ε

275 1645 443 1693 qualiter
455 1656 502 1681 ex
513 1645 684 1682 claritate
692 1645 871 1693 procedit
879 1646 1118 1692 effulgentia,
1130 1646 1258 1683 taliter
1269 1657 1317 1683 ex

275 1707 460 1744 charitate
489 1707 705 1753 diligentia.
735 1707 989 1754 Effulgentia,
1013 1708 1118 1744 lucet
1136 1708 1177 1744 in
1204 1718 1314 1755 aere,

277 1768 481 1814 diligentia
496 1769 621 1816 liquet
639 1769 681 1804 in
701 1779 832 1816 opere.
856 1771 900 1805 Ut
912 1771 1044 1805 autem
1059 1769 1107 1806 de
1122 1769 1315 1816 diligendi

278 1830 482 1876 diligentia
508 1830 743 1867 disseramus
764 1841 853 1866 cum
879 1830 1100 1877 pinguiori,
1134 1841 1202 1867 seu
1229 1842 1315 1877 gra-

276 1891 367 1928 tiori
397 1891 618 1938 diligentia3
646 1892 710 1928 hic
738 1894 874 1928 notare
902 1902 1133 1939 possumne,
1168 1895 1315 1940 quanta

280 1952 484 1999 diligentia
514 1964 588 1989 nos
623 1953 760 1990 dilexit
795 1954 1003 2000 Dominus,
1038 1957 1230 2001 quantum
1262 1956 1314 1992 ad

277 2015 487 2051 exteriores
507 2014 678 2061 effectus,
698 2017 734 2051 et
748 2017 896 2063 quanta
910 2015 1114 2062 diligentia
1129 2016 1314 2062 diligatur

276 2076 382 2112 idem
412 2087 434 2112 a
465 2076 544 2112 suis
576 2077 846 2113 dilectoribus,
874 2076 1036 2113 Videtur
1072 2077 1207 2124 utique
1238 2088 1312 2115 nos

277 2137 464 2174 Dominus
490 2138 674 2174 dilexisse
704 2137 923 2185 diligenter,
951 2137 1196 2184 diligentius,
1222 2139 1312 2175 dili-

278 2200 515 2246 gentissime.
546 2200 746 2247 Numquid
778 2200 985 2246 diligenter
1016 2200 1178 2247 dilexit,
1210 2212 1311 2249 quos

274 2272 345 2298 sua
378 2261 586 2297 dilectione
610 2261 828 2309 praevenit?
857 2262 1057 2309 Numquid
1083 2263 1310 2309 diligentius

274 2322 430 2366 dilexit,
452 2333 551 2368 quos
571 2323 761 2369 sanguine
789 2334 860 2360 suo
886 2323 1005 2360 lavit?
1026 2324 1226 2371 Numquid
1247 2325 1308 2360 di-

273 2383 528 2430 ligentissime
549 2383 702 2429 dilexit,
725 2384 870 2430 quibus
890 2384 1203 2422 consolationem
1223 2386 1308 2432 glo-

271 2445 339 2482 riae
363 2447 514 2481 aeternae
537 2455 647 2492 spem
674 2445 864 2482 donavit?
883 2447 934 2481 De
961 2445 1091 2492 primo
1113 2446 1152 2482 ⁸':
1179 2459 1197 2481 α
1216 2447 1306 2484 Dili-

269 2517 409 2553 gamus
425 2508 560 2552 Deum,
576 2506 767 2553 quoniam
782 2508 880 2542 Deus
898 2506 1008 2553 prior
1022 2507 1159 2544 dilexit
1172 2519 1264 2545 nos:
1283 2522 1302 2545 »

269 2579 358 2605 ecce
373 2567 574 2614 diligentia
587 2567 867 2615 praeveniendi.
885 2569 936 2604 De
956 2569 1130 2606 secundo
1144 2569 1178 2606 ⁵:
1194 2583 1212 2605 «
1232 2571 1306 2615 Qui

269 2630 404 2667 dilexit
431 2640 527 2675 nos,
557 2632 593 2666 et
624 2629 720 2665 lavit
749 2639 821 2665 nos
850 2640 874 2666 a
898 2630 1067 2676 peccatis
1096 2631 1238 2668 nostris
1263 2632 1304 2669 in

267 2691 459 2738 sanguine
492 2701 591 2727 suo:
627 2704 645 2726 »
679 2701 768 2727 ecce
803 2690 1008 2737 diligentia
1043 2690 1217 2729 lavandi.
1252 2695 1304 2730 De

266 2753 378 2790 tertio
399 2753 436 2789 ⁸:
462 2765 480 2786 «
499 2752 571 2797 Qui
598 2752 733 2789 dilexit
751 2762 845 2799 nos,
872 2754 909 2789 et
937 2752 1046 2789 dedit
1066 2754 1302 2791 consolatio-

266 2825 358 2852 nem
385 2816 595 2859 aeternam,
628 2816 664 2850 et
695 2824 805 2861 spem
836 2814 1017 2851 bonam:
1050 2825 1181 2852 »ecce
1214 2816 1302 2852 dili-

266 2876 398 2923 gentia
417 2875 723 2912 consolatoriam
743 2886 853 2923 spem
874 2876 1064 2913 donandi.
1087 2877 1301 2924 Diligamus

266 2937 385 2984 igitur
404 2937 614 2974 Dominum
636 2948 747 2974 versa
765 2937 866 2984 vice,
890 2937 1110 2985 diligenter,
1132 2939 1300 2986 diligen-

266 2999 356 3045 tius,
384 2999 694 3046 diligentissime.
725 2999 936 3047 Diligenter
962 3000 1108 3038 debent
1135 3002 1299 3049 diligere

265 3063 517 3108 purgatorem
545 3061 723 3108 purgati3
747 3062 971 3108 diligentius
991 3062 1298 3101 illuminatorem

265 3122 474 3159 illuminati
485 3134 497 3168 ;
519 3122 815 3169 diligentissime
846 3123 1103 3170 perfectorem
1123 3125 1294 3172 perfecti.

266 3185 317 3220 De
336 3183 480 3232 primo,
502 3184 572 3221 ubi
593 3184 734 3221 dicitur
750 3184 799 3221 de
814 3185 929 3222 beata
948 3185 1193 3234 Magdalena‚
1214 3190 1298 3224 tan-

310 3284 316 3301 ¹
340 3284 349 3314 l
373 3282 481 3320 Joan„
509 3290 543 3322 v,
570 3284 621 3314 37.
640 3299 681 3306 —
699 3283 713 3304 2
730 3283 817 3318 Act..
844 3291 879 3323 x,
900 3284 951 3313 43.
971 3300 1012 3306 —
1034 3283 1047 3305 ³
1066 3283 1223 3323 Act.‚1v‚
1243 3286 1294 3318 33.

265 3346 304 3352 —
325 3329 492 3369 ⁸1J00n„
513 3337 558 3369 ιν,
584 3331 677 3362 19.-
693 3330 706 3352 ⁵
725 3330 891 3370 Apoc.,1,
913 3332 941 3361 ὅ.
964 3346 1002 3352 -
1024 3330 1036 3348 ⁸
1059 3330 1083 3361 Η
1111 3330 1233 3370 Thess„
1257 3340 1295 3372 ιι,

266 3378 316 3408 15.
337 3394 372 3399 —
395 3379 404 3396 ⁷
422 3377 512 3416 Luc„
532 3384 593 3417 vu,
615 3378 667 3409 47.
684 3394 724 3399 —
744 3378 754 3395 ⁰
779 3377 819 3407 ΙΙΙ
844 3377 933 3416 Κεφ,
958 3383 1008 3414 ιιι,
1030 3378 1060 3407 3.
1083 3394 1122 3400 —
1143 3380 1154 3396 ⁹
1174 3378 1293 3421 Eccli.,

2352 151 2428 189 533

1397 236 1520 273 quam
1547 226 1595 263 de
1623 237 1793 274 persona
1815 232 1984 276 purgata
2001 230 2038 266 ⁷:
2065 242 2083 265 α
2111 232 2370 272 Remittuntur
2392 237 2428 273 ei

1396 290 1555 334 peccata
1573 288 1711 335 multa,
1728 289 1917 336 quoniam
1935 291 2072 329 dilexit
2089 293 2258 331 multum
2275 307 2284 332 :
2301 309 2320 331 n
2339 307 2428 336 ecce

1397 349 1565 397 diligens
1595 351 1753 388 dilectio
1783 355 2018 400 purgatorie.
2052 358 2103 392 De
2133 358 2331 405 secundo,
2357 360 2428 396 ubi

1395 410 1536 457 legitur
1556 412 1604 449 de
1625 413 1856 459 Salomone,
1877 417 2068 463 tanquam
2094 428 2264 464 persona
2281 419 2427 456 illumi-

1395 475 1486 509 nata
1505 472 1536 509 ⁸:
1563 486 1581 508 «
1602 474 1739 511 Dilexit
1759 475 1946 512 Salomon
1965 477 2196 523 Dominum,
2218 481 2428 518 ambulans

1394 534 1436 569 in
1456 535 1656 582 praeceptis
1676 536 1800 573 David
1818 538 1939 584 patris
1957 538 2036 574 sui:
2059 553 2076 572 ι)
2095 550 2182 576 0000
2204 541 2429 588 diligentior

1396 594 1553 633 dilectio
1571 597 1859 635 illuminatoris.
1875 600 1926 635 De
1944 599 2072 645 tertio,
2089 600 2158 637 ubi
2178 602 2358 639 scribitur
2378 604 2428 641 de

1396 656 1540 703 David,
1575 659 1766 706 tanquam
1799 660 1847 696 de
1876 671 2047 708 persona
2075 662 2246 709 perfecta
2266 664 2307 698 ⁹:
2333 678 2350 696 «
2376 666 2427 701 De

1395 717 1504 753 omni
1525 719 1644 755 corde
1671 730 1742 756 suo
1763 721 1938 758 laudavit
1966 724 2108 769 Deum,
2130 725 2167 759 et
2195 723 2330 761 dilexit
2355 726 2428 762 Do-

1394 779 1566 825 minum,
1590 781 1658 827 qui
1681 780 1770 817 fecit
1791 781 1905 818 illum
1927 794 1936 819 z
1962 796 1980 817 »
2007 794 2096 821 ecce
2130 785 2428 832 diligentissima

1395 840 1552 879 dilectio
1571 842 1812 889 perfectoris.

1714 946 1907 982 Articulus
1935 952 2099 993 quartus.

1438 1026 1716 1064 Animadverte
1736 1030 1878 1075 quarto
1898 1028 2181 1067 virtuositatem
2201 1043 2210 1067 :
2237 1032 2426 1070 Vehemen-

1394 1087 1458 1122 ter.
1480 1087 1630 1123 Revera
1649 1086 1872 1125 virtuositas
1902 1087 2136 1135 vehemens,
2157 1091 2194 1126 et
2212 1090 2425 1128 vehemen-

1392 1146 1444 1184 tia
1462 1147 1638 1185 virtuosa
1662 1150 1719 1185 est
1744 1148 1844 1195 legis
1868 1150 2164 1188 aemulatoribus
2185 1154 2423 1199 opportuna.

1392 1208 1536 1253 Quaeris
1550 1219 1670 1256 quare
1681 1211 1699 1246 ‘2
1712 1210 1866 1257 Triplici
1881 1211 2031 1248 ratione
2047 1224 2056 1249 ε
2071 1212 2254 1250 videlicet
2272 1215 2425 1253 ratione

1392 1270 1595 1317 candoris,
1616 1271 1767 1309 ratione
1780 1273 1938 1310 ruboris
1949 1301 1961 1319 ,
1976 1273 2128 1312 ratione
2146 1274 2311 1322 fulgoris
2319 1289 2331 1323 ;
2345 1277 2423 1314 hoc

1392 1334 1466 1378 est,
1488 1335 1530 1368 ut
1550 1333 1741 1371 catholica
1767 1335 1909 1371 veritas
1938 1336 2217 1383 excandescat,
2236 1340 2279 1375 ut
2304 1339 2426 1376 haere—

1392 1394 1466 1430 tica
1484 1395 1657 1440 pravitas
1677 1396 1903 1443 erubescat,
1925 1399 1968 1434 ut
1987 1397 2123 1435 divina
2141 1399 2323 1446 majestas
2343 1411 2424 1438 ma-

1393 1455 1639 1502 gnificentius
1661 1456 1900 1503 effulgescat.
1929 1459 1980 1495 De
1998 1459 2127 1506 primo
2148 1471 2220 1508 per
2243 1462 2424 1499 Psalmis-

1391 1519 1471 1553 tam
1490 1517 1632 1553 dicitur
1654 1518 1679 1540 ¹0
1705 1529 1714 1554 ε
1731 1530 1749 1552 «
1768 1519 1937 1565 Ignitum
1954 1519 2158 1567 eloquium
2176 1524 2288 1559 tuum
2306 1523 2424 1561 vehe-

1390 1580 1541 1614 menter
1560 1590 1568 1614 :
1590 1592 1608 1613 »
1639 1589 1727 1615 ecce
1747 1580 1996 1617 vehementia
2015 1582 2186 1619 veritatis
2207 1584 2422 1623 candentis.

1390 1640 1442 1674 De
1471 1639 1646 1676 secundo
1666 1651 1737 1687 per
1760 1641 1995 1688 prophetam
2024 1642 2204 1690 psallitur
2224 1644 2247 1665 ¹¹
2270 1657 2311 1682 z«
2331 1648 2424 1684 Eru-

1390 1701 1552 1739 bescant
1566 1729 1578 1748 ,
1606 1704 1643 1738 et
1678 1703 1960 1740 conturbentur
1996 1704 2249 1745 vehementer
2287 1720 2424 1748 omnes

1390 1763 1539 1801 inimici
1558 1765 1636 1801 mei
1658 1778 1667 1802 :
1688 1779 1705 1801 »
1729 1776 1818 1802 ecce
1844 1766 2094 1804 vehementia
2124 1770 2326 1817 pravitatis
2357 1784 2423 1810 ru-

1388 1825 1529 1862 bentis.
1562 1828 1613 1862 De
1644 1827 1755 1863 tertio
1791 1838 1863 1874 per
1898 1828 2252 1878 psalmographum
2282 1833 2420 1870 scribi—

1388 1888 1452 1923 tur
1474 1887 1497 1908 ¹2
1524 1899 1532 1923 :
1561 1888 1762 1924 «Domine
1783 1890 1904 1935 Deus,
1933 1891 2207 1937 magnificatus
2237 1904 2277 1930 es
2306 1895 2422 1932 vehe-

1388 1951 1539 1986 menter
1557 1961 1566 1986 :
1582 1963 1599 1984 ι)
1620 1960 1708 1986 0000
1729 1950 1973 1988 vehementia
1992 1953 2206 1999 maiestatis
2221 1955 2419 2003 fulgentis.

1817 2056 1989 2099 Epilogus.

1433 2135 1476 2170 Et
1493 2133 1570 2171 hoc
1601 2136 1676 2181 est,
1698 2135 1809 2182 quod
1832 2136 1884 2172 ait
1912 2136 2106 2184 Propheta
2124 2149 2243 2186 super
2258 2141 2419 2180 aemula-

1384 2195 1490 2232 tione
1508 2195 1668 2242 praefata
1695 2208 1703 2233 :
1729 2197 1933 2233 Custodz'vz'c
1955 2200 2079 2235 anima
2098 2210 2175 2236 mea
2192 2211 2206 2237 .·
2226 2211 2316 2238 ecce
2335 2213 2420 2239 cus-

1385 2257 1535 2294 todiam
1555 2261 1691 2295 contra
1709 2258 1947 2307 perfidiam3
1971 2263 2189 2299 Testimonia
2209 2266 2274 2299 tua
2295 2276 2306 2299 ε
2328 2275 2417 2303 0000

1383 2321 1618 2357 catholicam
1644 2322 1849 2359 veritatem
1877 2325 2014 2361 contra
2047 2323 2272 2362 haereticam
2289 2326 2417 2374 pravi-

1381 2383 1499 2418 tatem
1513 2394 1524 2428 3
1545 2382 1592 2417 Et
1621 2383 1752 2419 dilexit
1786 2395 1826 2419 ea
1845 2396 1856 2419 :
1877 2393 1966 2420 ecce
1998 2384 2246 2431 diligentiam
2278 2389 2416 2425 contra

1379 2441 1705 2490 fraudulentiam3
1734 2445 1986 2482 Vehementer:
2008 2456 2096 2483 ecce
2127 2446 2414 2487 virtuositatem

1381 2507 1517 2541 contra
1534 2505 1860 2542 venenositatem.

1733 2651 1955 2681 VERSICULUS
1979 2654 2058 2681 vm.

1424 2754 1507 2791 168.
1540 2754 1689 2790 Servavi
1712 2755 1884 2792 mandata
1910 2759 1973 2792 tua
1986 2783 1999 2802 ,
2021 2759 2092 2794 etc.
2115 2758 2324 2797 Elucidatis
2343 2762 2409 2798 tri—

1373 2815 1449 2852 bus
1470 2816 1763 2862 occasionibus,
1793 2817 1905 2864 quasi
1935 2818 2154 2857 calcaribus
2172 2821 2380 2869 probitatis
2393 2850 2408 2870 ,

1375 2880 1512 2924 quarta
1531 2879 1648 2915 restat
1668 2878 1845 2925 occasio,
1867 2879 2052 2917 videlicet
2066 2881 2211 2928 judicis
2231 2884 2407 2931 specula-

1373 2939 1428 2977 tio
1441 2967 1454 2986 ,
1474 2941 1662 2987 peracuta
1691 2940 1879 2987 perfectio
1894 2969 1906 2988 ,
1933 2942 2141 2990 probitatis
2179 2944 2403 2982 stimulatio.

1373 3003 1436 3039 Est
1453 3002 1526 3039 ista
1555 3003 1795 3051 speculatio,
1817 3014 1939 3052 quam
1967 3005 2161 3053 Propheta
2191 3005 2404 3054 dilucidat,

1371 3065 1426 3102 sic
1453 3065 1657 3114 loquendo
1680 3079 1689 3103 :
1718 3066 1885 3112 Servavi,
1908 3068 1997 3114 etc.;
2030 3067 2108 3104 hoc
2137 3069 2222 3104 est:
2245 3068 2404 3105 Servavi

1371 3130 1446 3165 tuae
1479 3128 1690 3166 voluntatis
1721 3127 1952 3175 imperium,
1986 3131 2060 3165 tuae
2091 3127 2263 3165 veritatis
2295 3129 2402 3176 judi-

1372 3190 1491 3236 cium,
1506 3189 1630 3226 sciens
1644 3190 1754 3237 quod
1771 3200 1888 3226 omne
1907 3189 2132 3226 temeritatis
2147 3199 2244 3226 meae
2264 3190 2402 3228 vitium

1369 3253 1520 3290 veniret
1540 3252 1581 3289 in
1602 3251 1812 3289 severitatis
1832 3254 1908 3289 tuae
1923 3251 2133 3299 J'udicium.
2150 3252 2292 3290 Audita
2309 3255 2401 3291 Pro-

1369 3343 1473 3374 xLx'ii,
1499 3337 1544 3365 lc.
1567 3352 1605 3358 —
1629 3335 1655 3356 ¹⁰
1673 3334 1768 3366 Psal.
1792 3334 1870 3374 hoc,
1894 3336 1962 3366 140.
1988 3351 2029 3358 —
2054 3333 2078 3356 ¹¹
2098 3334 2190 3367 Psal.
2219 3343 2267 3377 vl,
2292 3338 2338 3370 11.
2360 3352 2401 3361 —

1371 3383 1396 3404 ¹2
1420 3381 1506 3412 Psal.
1528 3389 1600 3421 cui,
1626 3384 1652 3412 t.
1678 3399 1718 3404 —
1741 3382 1781 3420 (a)
1812 3381 1901 3412 Edit.
1928 3381 2004 3413 Ven-
2023 3381 2147 3417 dilecti.
