2633 3878
1098 244 1339 288 PSALMUS
1369 245 1543 287 CXVlll.

248 338 458 376 dilectione
491 338 631 375 dicitur
650 337 885 374 mandatum
911 335 1219 373 antonomastice
1242 335 1288 383 (a)

248 401 389 450 triplici
402 400 566 438 ratione.
592 402 672 437 Hoc
720 399 825 437 enim
846 398 1082 436 mandatum
1104 400 1158 436 est
1175 409 1286 435 man-

249 465 433 502 datorum
480 464 659 502 omnium
712 462 1032 507 fundamentum,
1082 472 1289 499 ornamen-

249 530 331 565 tum
358 556 370 573 ,
420 527 752 575 complementum
807 538 815 562 ;
856 527 1098 574 quapropter
1147 525 1289 562 dicitur

250 590 481 627 mandatum
517 589 706 637 primum,
729 588 962 626 mandatum
981 598 1154 634 novum,
1175 597 1289 624 man-

251 653 388 690 datum
436 651 669 689 maximum.
719 653 768 688 De
805 652 935 699 primo
978 652 987 673 ¹
1029 663 1036 687 :
1091 665 1107 685 «
1146 650 1289 698 Diliges

251 715 458 753 Dominum
482 716 602 751 Deum
617 716 749 760 tuum;
772 727 789 748 n
813 715 849 750 ct
868 713 990 750 infra:
1013 715 1121 760 «Hoc
1143 713 1290 761 estpri-

249 789 359 815 mum
381 777 636 814 mandatum:
673 789 690 810 »
731 787 820 813 ecce
842 776 1075 813 mandatum
1100 776 1287 824 primum.

250 841 301 877 De
321 839 498 876 secundo
518 841 532 861 ‘²
555 851 563 876 :
591 838 856 876 «Mandatum
885 849 1035 875 novum
1069 839 1121 875 do
1160 838 1290 885 vobis,

250 904 292 938 ut
317 901 488 948 diligatis
506 901 677 938 invicem
701 913 709 937 ε
731 915 747 935 n
773 912 860 938 ecce
879 901 1110 938 mandatum
1125 912 1286 938 novum.

251 966 301 1001 De
322 964 433 1000 tertio
455 965 468 987 ³
493 976 501 1000 :
529 979 545 997 «
566 964 708 1011 Diliges
740 964 950 1001 Dominum
972 966 1094 1000 Deum
1113 966 1246 1010 tuum3
1270 977 1287 997 n

250 1027 286 1062 et
304 1025 406 1063 infra
429 1038 436 1062 :
463 1026 570 1064 «hoc
587 1030 642 1064 est
661 1027 850 1075 primurn,
872 1030 908 1063 et
929 1027 1146 1063 maximum
1178 1036 1290 1063 man-

250 1088 387 1126 datum
410 1101 417 1125 :
441 1103 457 1123 ι)
479 1099 568 1126 ecee
590 1089 823 1127 mandatum
846 1089 1079 1126 maximum.

579 1197 769 1233 Articulzis
798 1200 962 1242 quartus.

299 1282 414 1317 Actus
432 1282 563 1317 autem
585 1280 917 1328 supereminentia
955 1281 1188 1319 subnotatur
1224 1292 1294 1330 per

251 1342 334 1380 haec
352 1343 477 1379 verba
499 1355 508 1379 :
529 1345 657 1380 Latum
677 1345 807 1386 nimis;
838 1344 948 1391 quod
975 1347 1031 1381 est
1062 1344 1220 1391 signum
1240 1344 1293 1381 fa-

253 1405 406 1442 cilitatis
429 1417 437 1442 :
458 1415 551 1442 nam
571 1405 806 1442 mandatum
826 1406 968 1443 dicitur
988 1406 1112 1444 latum
1131 1408 1293 1455 propter

252 1468 410 1506 facilem
431 1471 576 1514 actum,
598 1468 699 1505 sicut
718 1471 819 1506 terra
848 1469 990 1506 dicitur
1019 1469 1097 1506 lata
1133 1471 1294 1518 propter

252 1530 409 1568 facilem
429 1531 659 1568 incolatum.
683 1532 791 1568 Unde
812 1532 1049 1578 notandum,
1065 1532 1175 1580 quod
1195 1532 1295 1569 sicut

253 1593 450 1630 invenitur
470 1596 574 1631 terra
593 1594 686 1640 lata,
705 1594 835 1638 latior,
856 1595 1064 1642 latissinia5
1097 1595 1150 1631 sic
1184 1604 1295 1642 repe·

252 1655 349 1692 ritui·
371 1655 529 1694 dilectio
550 1656 741 1703 tripartita
767 1668 774 1692 :
797 1656 886 1697 lata,
927 1656 1056 1701 latior,
1089 1656 1291 1694 latissima.

251 1719 342 1755 Lata
362 1717 503 1755 dicitur
518 1718 674 1755 dilectio
700 1718 868 1755 carnalis
881 1732 891 1765 ;
906 1719 1034 1765 latior,
1052 1718 1208 1755 dilectio
1230 1729 1294 1755 so-

253 1780 381 1828 cialis;
421 1780 490 1817 sed
526 1780 718 1818 latissima
733 1810 743 1828 ,
781 1781 939 1818 dilectio
978 1781 1204 1830 spiritualis.
1244 1782 1293 1817 De

251 1843 395 1892 prima,
415 1843 485 1880 ubi
520 1843 702 1880 scribitur
723 1844 771 1880 de
805 1844 938 1882 sobna
971 1844 1107 1892 templi
1139 1854 1294 1892 praepo-

253 1906 326 1944 sito
344 1905 357 1926 ²·
379 1918 387 1943 :
414 1919 432 1941 «
451 1907 568 1951 Quasi
587 1907 711 1955 pilam
731 1908 855 1945 mittet
883 1910 920 1945 te
954 1908 1142 1945 Dominus
1161 1908 1202 1944 in
1223 1910 1294 1944 ter-

253 1980 339 2006 ram
356 1969 477 2007 latam
497 1971 535 2006 et
553 1970 793 2017 spatiosam;
812 1970 866 2007 ibi
884 1970 1076 2007 morieris.
1092 1983 1110 2004 »
1123 1969 1296 2008 PerSob-

254 2042 346 2069 nam
387 2032 523 2080 templi
573 2032 833 2081 praepositum
872 2033 1047 2080 intellige
1089 2032 1296 2080 praelatum

255 2095 358 2131 circa
383 2094 601 2143 spiritualia
632 2095 950 2143 somnolentum5
971 2105 1042 2144 per
1070 2095 1194 2143 pilam
1215 2105 1297 2131 nio·

254 2156 391 2204 bilem,
414 2157 693 2205 cogitationem
713 2158 956 2205 volubilem3
978 2169 1049 2206 per
1073 2160 1217 2195 terram
1238 2158 1296 2195 la—

255 2223 350 2267 tam,
371 2220 625 2258 dilectionem
655 2221 758 2259 circa
799 2232 957 2259 carnem
993 2224 1030 2258 et
1061 2221 1296 2268 sanguinem

257 2284 485 2329 dilatatam3
505 2295 577 2332 per
597 2287 785 2332 mortem,
804 2284 1017 2333 spiritualis
1051 2284 1139 2321 vitae
1168 2283 1298 2332 priva-

258 2346 419 2384 tionem.
441 2349 545 2383 Tunc
565 2347 684 2394 igitur
706 2348 773 2384 ille
810 2347 1042 2396 praepositus
1075 2348 1187 2395 quasi
1215 2347 1297 2394 pila

257 2409 297 2445 in
317 2412 460 2446 terram
474 2409 594 2446 latam
607 2410 784 2456 mittitur,
802 2414 838 2447 et
853 2410 908 2447 ibi
925 2410 1105 2455 moritur,
1118 2409 1297 2457 quando,

256 2471 503 2518 permittente
522 2472 702 2517 Domino,
723 2472 873 2520 praelati
895 2472 1079 2519 cogitatio
1101 2472 1205 2508 circa
1235 2471 1297 2508 di-

259 2533 468 2571 lectionem
490 2534 690 2571 carnalem
711 2535 766 2571 sic
786 2535 972 2581 volvitur,
996 2534 1106 2582 quod
1140 2530 1297 2571 deside-

259 2597 361 2633 1ium
378 2596 465 2633 vitae
485 2597 700 2645 spiritualis
739 2597 932 2645 abjicitur.
976 2599 1024 2634 De
1063 2596 1236 2634 secunda
1257 2597 1294 2633 ⁵:

263 2674 280 2693 (ι
300 2661 457 2696 Terram
486 2659 668 2696 dividetis
702 2660 817 2697 vobis
848 2663 950 2697 sorte
975 2673 982 2697 :
1015 2660 1196 2708 pluribus
1227 2659 1297 2696 da-

261 2722 351 2759 texitis
388 2722 568 2760 latiorem
586 2752 596 2769 ,
633 2725 670 2759 et
690 2723 946 2771 paucioribus
965 2722 1251 2771 angustiorem.
1276 2736 1294 2757 »

261 2785 378 2822 Plane
398 2785 581 2833 pluribus
601 2785 716 2822 datur
736 2788 836 2823 terra
857 2786 988 2832 latior,
1027 2789 1064 2823 et
1098 2785 1298 2834 pauciori-

262 2848 335 2884 bus
355 2847 573 2895 angustior,
587 2847 679 2896 quia
700 2847 856 2884 socialis
888 2860 1000 2886 amor
1022 2851 1077 2885 est
1096 2848 1134 2885 in
1156 2848 1298 2895 maJ'ori

262 2910 443 2948 societate
464 2910 604 2957 major,
617 2912 653 2947 et
672 2910 711 2946 in
731 2911 876 2948 minori
894 2911 1037 2948 minor.
1060 2913 1108 2948 De
1126 2911 1238 2948 tertia
1257 2912 1269 2933 ⁵
1289 2923 1297 2947 :

268 2975 618 3020 «inveneruntque
649 2984 815 3021 pascuas
834 2974 975 3011 uberes
1015 2977 1050 3010 et
1074 2973 1191 3010 valde
1230 2973 1300 3010 bo-

263 3045 348 3081 nas,
370 3038 407 3072 et
425 3037 569 3072 terram
600 3035 846 3081 latissimam,
880 3039 917 3074 et
937 3036 1125 3084 quit-tam,
1137 3039 1174 3073 et
1200 3036 1300 3072 ferti-

264 3098 356 3134 lem.
379 3112 396 3132 »
419 3097 532 3142 Quod
552 3097 694 3144 legitur
722 3099 771 3135 de
793 3099 948 3147 pascuis
972 3099 1218 3145 animalium,
1242 3099 1300 3135 in-

266 3159 453 3206 telligitur
474 3159 522 3196 de
550 3159 711 3207 pabulis
747 3160 990 3208 animarum3
1030 3161 1141 3209 quod
1170 3163 1300 3198 autem

267 3223 415 3260 dictum
433 3224 488 3260 est
508 3221 556 3258 de
575 3225 689 3268 terra,
707 3221 889 3259 videlicet
905 3223 1014 3270 quod
1037 3223 1084 3260 sit
1097 3223 1300 3269 latissima,

266 3285 378 3335 quod
397 3285 543 3333 quieta,
564 3284 674 3332 quod
695 3283 843 3331 fertilis,
857 3287 984 3332 potest
1004 3285 1081 3322 clici
1103 3285 1152 3322 dc
1178 3285 1298 3323 dilec-

266 3349 371 3386 tione
386 3346 592 3396 spirituali,
621 3346 769 3383 scilicet
796 3346 908 3395 quod
941 3350 996 3383 est
1017 3347 1158 3394 facilis,
1190 3348 1301 3397 quod

265 3422 416 3459 secura,
435 3410 546 3459 quod
565 3410 683 3447 utilis.
705 3412 755 3447 De
791 3410 856 3447 tali
895 3410 1103 3449 dilectione
1137 3412 1302 3450 manda-

312 3497 318 3514 ¹
340 3494 473 3532 Mami„
498 3503 585 3534 xxti,
608 3496 659 3527 38.
681 3512 720 3519 ·-
744 3495 755 3513 ²
774 3495 885 3535 lomi„
905 3504 982 3537 xiii,
1003 3497 1053 3527 34.
1071 3513 1112 3519 —
1131 3495 1144 3518 ³
1164 3497 1300 3536 Mattla„

269 3546 302 3575 ut
322 3551 435 3584 supra.
453 3561 493 3566 —
512 3543 523 3564 ⁵
544 3545 623 3582 1011„
644 3551 731 3582 xxii,
754 3545 799 3575 18.
823 3562 852 3567 -
878 3544 891 3565 ⁵
910 3543 1024 3582 Num„
1050 3552 1173 3585 xxxm,
1193 3546 1244 3579 54.
1262 3563 1300 3569 -

2320 251 2393 289 441

1366 338 1449 373 tum
1463 334 1764 382 intelligendum
1781 345 1863 373 esse
1893 337 2152 385 dignoscitur.
2185 337 2292 375 Unde
2317 347 2398 374 non

1364 400 1516 436 tantum
1534 397 1673 442 latum,
1695 398 1764 435 sed
1781 399 1896 435 nimis
1910 399 2031 437 latum
2055 400 2206 438 dieitur.

1800 505 1970 548 Epilogus.

1413 585 1643 621 Osteusurus
1661 595 1755 632 ergo
1779 585 2109 634 psalmographus
2132 587 2300 636 desuper
2333 588 2399 626 da-

1368 650 1444 684 tam
1465 647 1615 684 laboris
1635 648 1983 697 cumplaeentiam,
2014 660 2085 696 per
2115 648 2261 686 fructus
2282 661 2400 699 appe-

1366 709 1483 746 tibilis
1515 712 1551 746 et
1590 713 1698 747 actus
1735 710 1859 748 facilis
1900 711 2154 758 evidentiam,
2187 712 2273 748 ait:
2313 713 2403 749 Vidi·

1365 775 1481 819 finem,
1520 775 1713 820 quantum
1743 774 1794 810 ad
1827 774 1974 811 fructus
2003 774 2222 820 essentiam,
2243 774 2400 820 scilieet,

1366 835 1560 872 visionem
1577 835 1751 873 divinam
1766 849 1775 883 3
1791 837 1912 873 Omnis
1926 840 2253 884 consummationis,
2271 849 2399 886 quan-

1367 899 1449 934 tum
1480 898 1530 934 ad
1561 899 1645 945 ejus
1675 898 1968 946 excellentiam,
1997 899 2176 936 videlicet
2207 900 2403 948 appetibi-

1367 960 1513 997 litatem
1548 960 1798 1007 altissimam3
1841 962 2070 1007 Mandatum,
2119 965 2308 1010 quantum
2351 963 2403 999 ad

1368 1025 1474 1059 actus
1495 1022 1767 1068 substantiam,
1788 1025 1924 1070 utpote
1938 1023 2190 1061 dilectionem
2211 1024 2402 1061 charitati-

1368 1095 1482 1132 vam3
1505 1087 1625 1123 Ne'mz's
1642 1087 1771 1132 latum,
1794 1088 1987 1133 quantum
2009 1086 2061 1123 ad
2095 1086 2220 1134 ipsius
2244 1097 2403 1134 supere-

1367 1147 1610 1194 minentiam,
1629 1150 1767 1195 utputa
1789 1147 2013 1185 facilitatem
2030 1148 2209 1185 nimiam.

1613 1311 1802 1347 CAPUT
1845 1311 2163 1348 SEPTIMUM.

1690 1434 1910 1461 VERSICULUS
1935 1434 2084 1461 PRIMUS.

1419 1531 1476 1565 97.
1501 1529 1681 1573 Quomodo
1696 1530 1811 1566 dileat&
1825 1531 1934 1576 lcqem
1947 1534 2060 1577 tuam,
2080 1532 2318 1573 Domine,etc.
2341 1532 2406 1568 Ca-

1369 1590 1540 1638 pitulum
1561 1591 1772 1639 septimum
1805 1593 1868 1629 hic
1903 1592 2109 1639 subintrat,
2145 1593 2256 1640 quod
2284 1593 2408 1630 fercu-

1370 1653 1453 1689 lum
1471 1653 1681 1701 septimum
1703 1654 1984 1691 subministrat.
2008 1658 2049 1693 ln
2067 1654 2206 1703 quinto
2237 1655 2409 1703 capitulo

1370 1715 1514 1752 sanitas
1527 1718 1583 1752 est
1604 1716 1745 1759 allata,·
1767 1716 1807 1752 in
1829 1719 1938 1754 sexto
1955 1717 2162 1754 infirmitas
2177 1719 2232 1754 cst
2253 1717 2408 1764 ablata3

1370 1777 1411 1814 in
1431 1778 1596 1826 septimo
1619 1779 1786 1815 charitas
1814 1782 1870 1816 est
1897 1779 2019 1817 illata.
2049 1779 2251 1817 Charitatis
2279 1783 2411 1817 autem

1372 1840 1509 1887 illatio,
1523 1844 1580 1878 est
1591 1841 1826 1879 infirmitatis
1841 1841 2002 1889 ablatio,
2017 1844 2054 1879 et
2067 1842 2240 1879 sanitatis
2251 1842 2384 1880 allatio
2399 1856 2407 1880 ε

1371 1903 1477 1940 unde
1498 1906 1605 1952 patet
1624 1904 1868 1942 ferculorum
1906 1905 2113 1954 dispositio
2155 1905 2296 1943 ordine
2317 1916 2412 1943 con—

1370 1968 1494 2003 sueto.
1524 1966 1633 2004 Circa
1675 1967 1967 2005 distinctionem
1996 1968 2155 2016 capituli
2194 1968 2410 2016 praesentiS,

1371 2028 1663 2066 consideranda
1701 2032 1755 2066 est
1802 2030 2008 2079 dispositio
2044 2031 2239 2068 charitatis
2277 2044 2285 2068 :
2323 2043 2412 2080 quae

1370 2091 1480 2139 prius
1496 2091 1607 2128 ardet
1646 2092 1823 2139 interius,
1856 2093 1954 2131 sieut
1984 2093 2155 2131 ostendit
2186 2094 2410 2132 octonarius

1370 2153 1541 2201 primus3
1564 2157 1856 2203 consequenter
1893 2156 1998 2193 lucet
2023 2156 2204 2203 exterius,
2228 2157 2325 2194 sicut
2349 2166 2412 2193 os-

1371 2216 1495 2253 tendit
1513 2217 1726 2254 secundus.
1750 2219 1792 2254 Et
1814 2217 1908 2266 quia
1929 2218 2096 2256 charitas
2116 2219 2259 2256 ardens
2279 2221 2335 2256 est
2353 2219 2412 2256 in-

1371 2277 1614 2316 flammativa
1652 2280 1846 2317 viscerum
1889 2280 2136 2329 interiorum,
2169 2281 2336 2320 charitas
2354 2282 2412 2319 lu·

1373 2353 1464 2378 cens
1484 2345 1540 2379 est
1560 2343 1747 2380 nutritiva
1771 2354 1917 2391 pascua
1948 2344 2242 2392 proximorum,
2265 2355 2409 2382 conve-

1371 2404 1523 2442 nienter
1560 2405 1768 2443 inchoatur
1804 2407 2029 2444 octonarius
2060 2407 2212 2455 primus
2251 2407 2302 2444 ab
2339 2407 2413 2445 hae

1371 2466 1510 2512 littera,
1542 2467 1649 2513 Mem,
1677 2479 1764 2516 quie
1791 2468 2065 2517 interpretatur
2097 2471 2242 2507 Viscera
2274 2480 2412 2507 secun-

1372 2527 1468 2564 dum
1488 2529 1740 2566 Ambrosium
1761 2531 1786 2577 ⁷3
1811 2531 2009 2568 secundus
2039 2532 2171 2568 autem
2201 2532 2252 2568 ab
2285 2531 2413 2570 littera

1371 2590 1471 2635 Nun,
1493 2602 1580 2639 quse
1594 2592 1870 2641 interpretatur
1882 2595 2019 2630 Pascua
2036 2605 2168 2640 eorum,
2191 2594 2411 2632 secundum

1372 2654 1549 2700 ejiisdem
1582 2656 1864 2693 testimonium.
1895 2656 2147 2704 Distinguitur
2176 2667 2309 2694 rursus
2335 2657 2413 2705 pri-

1372 2729 1459 2754 mus
1480 2719 1720 2766 octonarius,
1740 2720 1834 2768 quia
1854 2719 2023 2757 charitas
2040 2719 2184 2757 ardens
2200 2719 2337 2757 dilatat
2356 2720 2412 2757 in-

1371 2780 1652 2828 telligentiam,
1687 2783 1786 2819 sicut
1819 2782 1993 2820 declarat
2025 2782 2301 2831 quaternarius
2337 2783 2413 2831 pri-

1373 2853 1481 2890 mus;
1516 2847 1553 2881 et
1590 2849 1744 2883 serenat
1775 2845 2082 2892 conscientiam,
2115 2845 2214 2883 sieut
2241 2845 2414 2883 declarat

1373 2907 1582 2945 secundus
1599 2908 1674 2946 Sed
1695 2911 1732 2946 ct
1747 2908 1899 2957 primus
1912 2908 2241 2956 subdistinguitur
2259 2911 2412 2957 quater-

1373 2969 1526 3016 narius,
1549 2971 1642 3019 quia
1670 2971 1837 3009 charitas
1865 2971 2010 3008 ardens
2030 2971 2168 3008 dilatat
2186 2970 2411 3008 interiorem

1375 3031 1595 3081 hominem,
1624 3039 1814 3084 tanquam
1833 3035 2005 3073 reddens
2024 3033 2210 3072 eumdem
2230 3034 2270 3070 in
2288 3033 2412 3070 medi-

1374 3099 1519 3138 tatione
1546 3099 1836 3147 potentiorem,
1872 3098 1912 3134 in
1944 3096 2154 3135 tentatione
2185 3095 2412 3144 prudentio-

1373 3174 1472 3209 rem,
1490 3162 1529 3199 in
1550 3161 1769 3199 eruditione
1789 3160 2139 3210 perspicaciorem,
2160 3158 2200 3194 in
2220 3157 2413 3195 consulta-

1374 3226 1479 3264 tione
1501 3223 1897 3273 circumspectiorem,
1917 3222 2015 3259 sicut
2032 3222 2138 3269 patet
2157 3230 2228 3268 per
2246 3219 2411 3257 totidem

1374 3299 1561 3325 versuum
1587 3287 1728 3324 seriem
1753 3286 2070 3333 subsequentem.
2097 3283 2248 3320 Primus
2274 3293 2410 3320 versus

1375 3351 1427 3388 ad
1454 3350 1625 3399 primam
1653 3348 1925 3386 dilatationem
1954 3345 2220 3393 intelligentiae
2248 3347 2411 3393 spectat,

1374 3414 1472 3452 sicut
1496 3411 1781 3460 quadripartita
1803 3409 1922 3446 sectio
1945 3407 2143 3445 sententiae
2171 3418 2251 3444 suae
2267 3407 2408 3454 signat.

1374 3492 1387 3513 ⁶
1413 3492 1418 3522 Ι
1443 3489 1608 3531 Pwalip„
1631 3496 1674 3528 ιν,
1699 3490 1749 3520 40.
1772 3504 1813 3510 —
1834 3487 1844 3504 ⁷
1864 3486 2010 3518 Ambros
2026 3510 2037 3527 ‚
2059 3485 2092 3518 in
2113 3485 2204 3518 hunc
2228 3485 2407 3527 psalmum.

1417 3544 1464 3587 (a)
1487 3543 1579 3576 Edit.
1601 3543 1673 3575 Vere.
1696 3540 2013 3574 antonomastatice.
