2633 3878
121 1613 242 1638 Festum

121 1652 225 1686 triplex

119 1693 226 1719 tacien-

130 1734 211 1760 dum.

151 2325 252 2351 Motus

110 2366 225 2402 triplex.

266 300 343 338 :294

264 384 502 425 sanativum
526 413 537 432 ,
562 393 635 434 per
658 380 783 421 lsrael
799 389 969 420 sanum.
996 375 1074 417 Per
1094 386 1210 415 mare
1232 384 1289 414 εθ-

265 453 524 507 grotativnni
546 484 556 502 ‚
593 464 667 505 per
705 451 931 492 Jordanem
973 448 1186 499 aegrotum
1225 445 1290 483 in-

271 526 428 578 tellige.
459 524 564 566 Nota
587 536 596 563 :
625 527 808 577 quatuor
828 522 870 561 in
891 519 1136 561 hominibus
1159 515 1294 556 solent

262 596 468 651 reperiri,
509 594 661 636 scilicet
698 594 858 643 virtus,
886 590 1070 643 justitia,
1107 587 1291 635 vitium,

262 671 493 723 peccatum.
530 666 646 715 Quod
673 669 734 706 est
762 662 1005 704 sanativum
1025 660 1069 700 in
1099 669 1287 711 corpore,

261 741 341 781 hoc
371 742 433 780 est
467 738 603 780 virtus
630 737 674 776 in
704 736 859 775 mente.
891 731 1010 782 Quod
1039 733 1100 772 θεῖ
1138 741 1290 770 sanum

261 812 305 852 iu
324 821 497 863 corpore
513 840 525 858 ,
556 809 635 849 hoc
655 810 715 848 est
737 804 905 859 justitia
923 804 965 844 iu
992 804 1147 844 mente.
1170 801 1291 851 Quod

260 886 322 924 est
353 880 656 934 aegrotativum
675 878 720 918 in
742 888 930 930 corpore,
957 874 1035 916 hoc
1054 877 1116 915 est
1135 873 1289 913 vitium

261 955 303 994 in
334 955 488 993 mente.
511 950 637 1001 *Quod
669 953 730 990 cst
761 950 971 1000 aegrotum
1016 946 1057 985 in
1090 955 1289 997 corpore,

260 1024 339 1064 hoc
355 1026 416 1064 est
435 1023 655 1075 peccatum
675 1019 720 1059 in
740 1021 894 1059 mente.
917 1016 1009 1058 Non
1029 1026 1135 1067 crgo
1153 1013 1293 1054 omnis

261 1095 331 1148 qui
351 1093 578 1147 aliquando
598 1092 802 1133 virtutem
836 1089 960 1130 habet
973 1120 986 1139 ,
1016 1087 1087 1127 scd
1102 1085 1176 1139 qui
1194 1084 1292 1125 facit

256 1165 479 1218 ,iustitiam,
501 1164 637 1205 bonus
658 1165 733 1203 θεῖ.
763 1160 845 1202 Nec
863 1159 1005 1200 ‘omnis
1026 1157 1099 1210 qui
1121 1155 1291 1208 aliquod

262 1238 409 1287 hahet,
427 1236 497 1277 sed
517 1235 589 1288 qui
605 1234 700 1275 facit
715 1233 899 1281 malum,
920 1230 1056 1271 malus
1076 1230 1149 1269 cst.
1180 1227 1294 1279 Ergo

263 1311 303 1350 in
326 1309 512 1350 adventu
539 1306 666 1347 Israel
695 1309 734 1346 et
754 1304 881 1346 Jacob
907 1302 1081 1354 fugiunt
1114 1311 1232 1340 mare
1255 1301 1295 1339 et

261 1379 471 1422 Jordanis.
503 1377 609 1419 Nam
647 1374 951 1417 consuetudine
979 1370 1291 1419 benefaciendi,

262 1455 302 1493 et
335 1455 430 1492 actu
459 1449 676 1499 veniente,
699 1445 958 1489 consuetudo
987 1446 1026 1485 et
1046 1445 1162 1484 actus
1194 1453 1291 1494 pec-

263 1523 382 1565 candi
405 1522 621 1563 recedunt.

316 1599 354 1635 1.
374 1594 534 1636 Montes
548 1591 866 1635 exultaverunt.
884 1588 1053 1641 Triplex
1067 1586 1291 1639 gaudium,

267 1666 331 1707 vel
352 1667 501 1707 testum
518 1699 530 1715 ,
553 1664 755 1706 debemus
781 1662 934 1711 facere,
961 1659 1115 1700 scilicet
1137 1659 1294 1699 festum

264 1737 515 1789 virginum,
539 1736 832 1776 Confessorum
856 1765 866 1784 ,
902 1731 1156 1784 Martyrum.
1190 1729 1291 1769 Fes-

266 1812 354 1849 tum
377 1807 606 1859 Virginum
638 1806 755 1855 facit,
778 1805 851 1858 qui
884 1802 1151 1845 observantia
1173 1801 1294 1841 casti-

266 1880 362 1920 tatis
378 1882 560 1920 mentem
577 1877 798 1918 exhilarat.
816 1876 986 1916 Festum
1000 1874 1296 1914 Conse-ssorum

267 1951 384 1999 facit,
406 1950 476 2002 qui
497 1950 573 1990 etsi
593 1947 767 2001 gloriari
789 1959 873 1987 non
895 1948 1031 1999 potest
1055 1945 1105 1985 de
1125 1944 1300 1995 integri-

268 2025 349 2063 tate
370 2020 650 2073 virginitatis,
673 2018 913 2060 consolatur
938 2020 1080 2057 tamen
1110 2016 1154 2055 in
1177 2014 1296 2067 puri-

268 2097 351 2133 tate
371 2092 663 2141 confessionis,
689 2093 729 2131 ct
757 2090 838 2130 hoc
869 2088 1007 2129 laudis
1027 2088 1095 2128 vel
1125 2085 1297 2138 peccati,

271 2164 441 2205 Festum
461 2163 696 2216 Martyrum
721 2161 837 2211 facit,
863 2159 937 2212 qni
963 2159 1007 2199 in
1026 2157 1301 2199 tribulatione

271 2235 427 2288 gaudet
447 2235 492 2274 in
512 2247 583 2287 spe
603 2231 935 2274 resurrectionis.

326 2310 364 2348 7.
388 2308 423 2348 A
446 2307 556 2357 facie
580 2305 752 2347 Domini
773 2308 886 2346 mota
909 2305 968 2344 est
989 2306 1117 2344 terra.
1140 2300 1212 2341 Est
1230 2300 1303 2340 tri-

274 2379 370 2432 plex
390 2380 546 2418 motus.
571 2375 677 2417 Nam
707 2377 768 2415 est
797 2373 971 2422 mentis,
995 2370 1298 2421 sensualitatis,

274 2451 314 2490 et
335 2449 535 2502 corporis.
556 2446 725 2488 Primus
746 2447 807 2486 est
827 2445 871 2484 in
897 2443 1113 2484 voluntate
1132 2457 1141 2492 3
1161 2453 1305 2482 sccun-

275 2521 374 2571 dus,
407 2521 451 2560 in
480 2519 774 2567 delectatione3
805 2517 953 2557 tertius
972 2547 981 2565 7
1010 2515 1053 2554 in
1084 2525 1209 2566 opere
1233 2527 1240 2552 :
1265 2515 1307 2553 ct

275 2592 355 2633 hoc
383 2595 476 2632 tum
502 2591 545 2631 in
576 2591 707 2641 hono,
741 2593 833 2629 tum
866 2588 909 2627 in
938 2585 1050 2627 malo
1085 2584 1302 2637 accipitur.

276 2662 350 2703 Vei
383 2664 593 2702 commota
620 2663 679 2701 θεῖ
710 2663 842 2709 terra,
865 2671 912 2698 ac
943 2658 977 2697 si
1010 2669 1095 2697 non
1130 2655 1303 2696 stabilis.

279 2733 358 2775 Sed
380 2745 459 2773 nos
478 2733 586 2773 Deus
606 2731 759 2772 invitat
778 2730 829 2771 ad
846 2728 1134 2777 stabilitatem,
1151 2739 1236 2766 non
1252 2726 1303 2766 ad

279 2801 445 2842 delicias
469 2815 477 2840 :
501 2812 587 2840 non
609 2800 724 2840 enim
750 2798 931 2850 legitur,
960 2796 1074 2848 quod
1094 2795 1205 2835 elixa
1230 2806 1307 2834 co-

281 2871 411 2912 medit
434 2902 446 2920 ,
490 2870 645 2910 scilicet
681 2881 791 2921 aqua
825 2870 966 2917 cocta,
1000 2866 1071 2905 sed
1107 2869 1118 2890 ²
1158 2866 1303 2905 savum

283 2941 440 2992 mellis,
471 2944 511 2981 et
532 2943 693 2992 partem
720 2939 843 2991 piscis
867 2938 947 2978 assi
975 2937 1081 2988 igni.
1114 2935 1170 2976 De
1190 2946 1306 2986 agno

283 3011 468 3066 paschali
490 3012 750 3064 praeccptum
776 3009 882 3059 est2,
904 3011 1053 3049 utnon
1086 3007 1137 3047 sit
1167 3009 1308 3047 coctus

283 3095 415 3137 aqua,
440 3082 511 3123 sed
528 3081 635 3133 igni.

336 3157 375 3195 8.
404 3153 485 3201 Qui
509 3152 711 3195 convertit
726 3154 888 3202 petram
920 3151 967 3191 in
994 3152 1147 3202 stagna
1179 3159 1309 3200 aqua-

283 3236 392 3267 rum.
417 3224 591 3277 Propter
611 3221 810 3263 duritiam
829 3233 838 3260 :
856 3232 952 3260 nain
967 3220 1134 3272 quando
1152 3219 1258 3259 dixit
1271 3219 1305 3259 ³:

289 3311 308 3334 α
327 3296 414 3338 Nisi
434 3292 790 3336 manducaveritis
810 3302 979 3332 carnem
999 3289 1074 3329 filii
1095 3289 1280 3329 hominis
1293 3321 1304 3338 ,

283 3371 325 3407 θῖ
341 3367 530 3407 biberitis
549 3367 642 3418 ejus
663 3362 934 3415 sanguinem,
949 3376 968 3399 n
992 3363 1088 3410 etc„
1108 3360 1310 3401 dixerunt

284 3436 497 3489 discipuli:
519 3435 689 3477 «Durus
705 3437 766 3475 est
779 3434 847 3474 hic
866 3443 1005 3473 sermo
1021 3446 1031 3481 ;
1047 3446 1066 3469 n
1087 3433 1128 3472 et
1142 3433 1309 3483 propter

329 3547 335 3566 t
358 3546 420 3577 Luc
437 3570 446 3584 ‚
474 3552 567 3584 XXIV,
594 3546 642 3576 12.
661 3561 699 3567 —-
724 3545 734 3563 ²
756 3542 874 3579 Eoeozl„
897 3548 966 3578 xii,
987 3542 1017 3571 ὅ.
1040 3556 1078 3562 -
1135 3538 1240 3572 λοαη.,
1265 3546 1307 3577 xi,

284 3596 334 3634 ot,
354 3597 460 3625 ϋ1.-
480 3592 590 3632 *1.ς.τι.,
611 3599 685 3631 vni,
709 3593 763 3631 1¹13
785 3589 873 3621 [ἐπί.
898 3590 1126 3627 cxv11,22.-
1143 3586 1153 3604 '³
1175 3585 1308 3626 imeae,

967 283 1236 327 lCXPOSlTlO
1269 282 1318 323 IN
1351 279 1702 324 PSALTERlUM.

1370 371 1670 421 offensionem,
1691 370 1803 411 unde
1831 370 1983 411 dicitur
2004 369 2017 392 ⁴
2044 384 2052 410 ε
2083 385 2102 408 (ι
2121 371 2242 424 Lapis
2261 374 2393 414 offen-

1371 442 1502 483 sionis
1520 442 1564 482 in
1584 444 1709 494 caput
1726 441 1872 494 anguli
1889 455 1898 491 ;
1917 455 1935 478 ›)
1957 443 1998 481 et
2017 441 2030 463 ⁵
2049 455 2057 482 ε
2083 440 2250 494 «Super
2268 455 2392 494 quem

1370 513 1581 563 ceciderit,
1609 514 1794 553 conteret
1821 524 1946 561 eum3
1969 526 1988 549 >³
2012 514 2051 552 et
2071 515 2241 565 propter
2267 513 2394 553 stabi-

1370 584 1551 634 litatem,
1573 583 1685 623 undc
1705 583 1810 623 lioc⁶
1835 597 1843 623 :
1873 598 1891 621 α
1913 582 2256 624 Fundamentum
2284 582 2397 636 post-

1370 658 1460 695 tum
1497 657 1586 703 θεῖ,
1622 654 1736 706 quod
1771 665 1896 695 nemo
1932 656 2098 695 mutare
2131 655 2281 706 potest.
2305 667 2324 691 »
2349 653 2400 694 Et

1370 725 1469 767 alibi
1491 725 1643 766 dicitnr
1657 725 1669 745 Τ
1689 738 1697 764 :
1719 739 1737 762 t(
1753 723 1817 765 Tn
1835 735 1878 764 es
1899 723 2063 775 Ρθῖιᾞε,
2084 726 2125 766 θῖ
2145 736 2271 777 super
2290 724 2399 766 hanc

1370 799 1532 850 petram
1555 795 1772 836 aedificabo
1797 794 2022 835 Ecclesiam
2043 807 2183 836 meam
2199 826 2211 846 ,
2233 808 2253 833 ι)
2278 795 2319 836 id
2338 797 2400 836 est

1369 879 1495 920 super
1527 866 1738 907 Christum
1764 880 1773 906 :
1797 869 1969 919 propter
1999 866 2080 907 hoc
2108 866 2264 907 dicitur
2293 865 2400 920 lapis

1370 941 1573 982 Christus.

1423 1016 1447 1053 2
1476 1012 1553 1055 bis.
1587 1013 1725 1064 Super
1754 1011 2068 1053 misericordia.
2090 1011 2281 1053 Christus
2298 1012 2400 1053 dici·
2419 1025 2553 1053 emistus

1372 1087 1443 1125 tur
1462 1084 1699 1125 misericors
1715 1082 1870 1136 triplici
1889 1083 1941 1124 de
1961 1095 2086 1123 causa
2109 1097 2118 1123 :
2139 1083 2240 1136 quia
2258 1096 2400 1137 pecca·
2420 1074 2558 1134 ζέξξθζξ

1372 1158 1507 1197 torem
1539 1157 1754 1208 expectat,
1789 1156 1831 1195 et
1873 1155 1975 1207 quia
2019 1155 2204 1208 impium
2238 1155 2400 1208 Justifi-
2421 1147 2560 1216 {ffiafffl

1371 1231 1462 1278 cat,
1485 1229 1526 1267 et
1554 1226 1652 1279 quia
1679 1226 1793 1267 ultra
1821 1226 2021 1267 meritum
2051 1228 2309 1268 remunerat.
2346 1227 2401 1269 Dc

1371 1298 1509 1351 primo
1526 1298 1540 1319 ⁵³
1559 1309 1570 1338 :
1591 1312 1610 1335 α
1625 1296 1773 1338 Nonne
1787 1297 1926 1347 videS,
1950 1297 2050 1349 quia
2069 1297 2310 1349 benignitas
2330 1297 2401 1339 Dei

1375 1369 1427 1410 ad
1460 1368 1749 1422 poenitentiam
1779 1371 1819 1409 te
1853 1369 2005 1409 vocat?
2035 1383 2052 1405 »
2082 1368 2138 1408 De
2163 1369 2398 1409 secundffl:

1383 1456 1401 1479 ε(
1414 1440 1536 1480 Mittit
1547 1439 1794 1493 crystallum
1808 1451 1931 1480 suam
1955 1439 2063 1480 sieut
2076 1438 2297 1480 buccellas.
2310 1452 2330 1476 »
2347 1438 2404 1480 De

1372 1512 1493 1552 tertio
1507 1511 1533 1532 ¹0
1549 1523 1589 1552 z«
1611 1511 1643 1551 N
1648 1523 1703 1551 on
1721 1513 1820 1551 sunt
1839 1510 2064 1563 condignae
2084 1509 2301 1563 passiones
2319 1509 2405 1551 hu-

1372 1585 1440 1636 jus
1467 1583 1691 1636 temporis,
1713 1596 1732 1620 »
1756 1585 1834 1623 θῖθ.

1424 1659 1462 1696 li.
1489 1655 1728 1697 Simulacra
1742 1655 1935 1708 {sentium
1949 1655 2170 1707 arqentum
2182 1656 2219 1696 et
2232 1663 2400 1696 aurum.

1373 1727 1561 1776 Quatuor
1579 1729 1679 1765 sunt
1707 1725 1865 1778 species
1897 1724 2142 1765 idololatriae
2170 1739 2179 1765 z
2203 1736 2304 1765 nam
2342 1726 2405 1766 est

1372 1797 1609 1840 idololatria
1649 1809 1880 1838 avarorum
1895 1828 1907 1846 ,
1949 1796 2177 1849 gentilium
2191 1827 2204 1847 ,
2240 1796 2403 1849 judaeo-

1373 1882 1490 1920 rum,
1509 1868 1824 1909 liaercticorum.
1849 1868 1905 1907 De
1927 1867 2065 1920 primo
2095 1867 2318 1920 Apostolus
2339 1867 2366 1889 ¹¹
2390 1879 2400 1907 :

1379 1956 1399 1979 α
1418 1939 1572 1991 Fugite
1593 1938 1838 1988 avaritiam⁷
1860 1950 1958 1990 qnae
1989 1940 2050 1978 est
2078 1937 2289 1979 idolorum
2318 1949 2406 1979 ser-

1374 2012 1504 2061 vitus,
1524 2024 1542 2048 »
1568 2013 1607 2051 et
1625 2011 1731 2050 hoc:
1755 2010 1872 2050 Sicut
1893 2009 2044 2062 guloso
2059 2010 2086 2035 ¹²
2107 2024 2126 2047 (ι
2140 2009 2247 2050 Deus
2259 2012 2407 2051 venter

1375 2085 1459 2132 θεῖ,
1481 2097 1500 2120 ›)
1529 2082 1587 2122 ita
1607 2093 1736 2122 avaro
1753 2093 1923 2122 aurum.
1947 2081 2003 2122 De
2025 2081 2209 2122 secundo
2236 2081 2320 2122 hic.
2352 2081 2408 2122 De

1376 2154 1499 2195 tertio
1523 2168 1531 2194 z
1557 2153 1747 2193 Servitus
1767 2152 1876 2204 legis
1896 2164 1982 2192 non
2007 2152 2191 2193 multum
2213 2152 2338 2193 distat
2356 2152 2408 2193 ab

1376 2224 1623 2265 idololatria.
1649 2223 1703 2264 Dc
1733 2227 1883 2276 quarto
1912 2223 1957 2263 in
1990 2223 2117 2274 Osea,
2139 2235 2240 2263 nam
2266 2223 2325 2264 ibi
2346 2223 2407 2264 di-

1378 2296 1485 2336 citur
1506 2296 1550 2346 ¹³,
1572 2296 1684 2348 quod
1706 2294 1894 2335 haeretici
1924 2298 2022 2335 sunt
2052 2293 2284 2335 idololatrae
2316 2305 2408 2336 sec-

1379 2367 1514 2406 tantes
1533 2365 1734 2417 dogmata
1752 2378 1841 2406 sua.

1433 2440 1471 2477 5
1506 2437 1559 2478 Os
1591 2436 1775 2486 liabent,
1811 2441 1851 2477 et
1882 2445 1969 2478 non
1999 2435 2239 2488 loquentur.
2271 2435 2408 2478 Nota:

1380 2508 1566 2560 quinque
1604 2510 1703 2547 sunt
1742 2506 1920 2559 operarii
1941 2538 1954 2557 ,
1991 2507 2149 2548 scilieet
2170 2539 2183 2558 ‚
2224 2509 2413 2561 quinque

1381 2591 1551 2629 sensuS,
1574 2579 1710 2629 visus,
1735 2578 1926 2628 auditUS,
1946 2580 2084 2619 taetus
2103 2610 2114 2629 ,
2136 2579 2310 2620 olfactus
2326 2612 2337 2630 ,
2372 2582 2413 2621 et:

1381 2653 1547 2703 gustus.
1569 2650 1632 2690 Ad
1648 2649 1789 2690 visum
1806 2649 1968 2699 electio,
1986 2649 2037 2690 ad
2051 2649 2244 2691 auditum
2258 2662 2412 2701 sermo,

1382 2722 1432 2762 ad
1451 2724 1609 2762 tactum
1630 2732 1784 2761 manus
1801 2720 2004 2771 officium,
2030 2721 2138 2762 etad
2158 2720 2356 2762 olfactum
2375 2725 2416 2763 et

1383 2794 1560 2843 gustum
1599 2791 1876 2842 experientia.
1920 2790 2044 2832 Visus
2081 2791 2227 2843 eligit,
2275 2803 2415 2833 sermo

2469 1670 2562 1697 Idolo-

2447 1711 2538 1738 lntriae

2427 1753 2550 1790 species.

1385 2861 1605 2913 praedicat,
1630 2860 1816 2901 officium
1841 2863 2024 2913 coaptat,
2050 2861 2309 2914 experientia
2335 2862 2416 2903 dis-

1385 2931 1516 2984 ponit.
1553 2931 1620 2971 Sic
1655 2931 1705 2983 (α)
1731 2933 1865 2983 potest
1886 2931 1976 2971 fieri
2006 2932 2233 2973 &edificium
2254 2946 2264 2982 ;
2285 2932 2415 2974 simu-

1384 3003 1497 3044 lacra
1517 3002 1613 3043 talia
1630 3015 1717 3043 non
1738 3005 1927 3056 possunt.
1947 3003 2077 3046 Pedes
2090 3004 2257 3056 habent,
2273 3008 2312 3048 et
2329 3015 2416 3048 non

1386 3073 1673 3116 ambulabunt.
1696 3073 1799 3124 Nos,
1834 3074 1907 3126 qui
1941 3075 2065 3127 pedes
2094 3075 2320 3125 habemus,
2341 3076 2415 3118 de-

1386 3145 1535 3185 bemus
1555 3144 1791 3184 ambulare.
1819 3144 1909 3185 Duo
1933 3145 2056 3196 pedes
2075 3147 2174 3186 sunt
2196 3159 2205 3186 :
2229 3145 2415 3198 cognitio

1386 3215 1523 3265 exilii,
1545 3217 1586 3256 θῖ
1616 3214 1823 3255 memoria
1850 3215 2060 3256 beneficii.
2084 3215 2277 3268 Cognitio
2299 3215 2414 3256 exilii

1386 3287 1431 3326 in
1451 3286 1616 3327 duobus
1639 3299 1648 3325 ε
1672 3285 1715 3325 in
1734 3285 1882 3326 notitia
1901 3285 2182 3335 adversitatis,
2204 3290 2244 3327 θῖ
2265 3285 2412 3327 notitia

1388 3356 1686 3409 prosperitatis.
1710 3355 1927 3407 Cognosce
1947 3356 2047 3408 quia
2064 3368 2263 3409 prospera
2279 3389 2300 3408 ‚v
2313 3357 2414 3411 quia

1386 3449 1462 3478 xxi,
1484 3441 1534 3471 41.
1554 3457 1596 3462 -
1615 3440 1655 3470 G1
1685 3438 1776 3475 Cor„
1798 3446 1858 3477 iii,
1882 3441 1930 3469 11.
1951 3455 1990 3461 —-
2015 3439 2025 3457 ⁷
2043 3438 2179 3478 Matllz„
2201 3447 2277 3479 xvi,
2301 3442 2350 3472 19.
2372 3459 2413 3466 -

1387 3490 1397 3507 ¹³
1418 3489 1522 3524 Rom,
1548 3495 1595 3535 11,
1625 3488 1652 3518 4.
1675 3503 1713 3511 -
1740 3487 1751 3505 '³
1770 3485 1860 3516 l’sal.
1883 3493 2012 3525 cxnvn,
2036 3487 2083 3518 17.
2103 3503 2144 3509 -
2167 3487 2189 3505 ¹·
2208 3487 2312 3526 Rom„
2337 3496 2410 3530 vni,

1387 3536 1524 3620 ssssssae‘s)
1546 3532 1691 3610 ξῧιίξίν,
1712 3535 1804 3564 20.—
1831 3532 2010 3574 '212111'lz'p.,
2034 3540 2088 3572 111,
2112 3533 2408 3577 19.—¹³Ose.‚x111,

2483 3155 2574 3184 Pedes

2434 3196 2491 3224 duo
2503 3196 2573 3232 quid
