2633 3878
253 195 330 233 128

252 282 355 322 tinet
380 288 551 319 omnem
579 272 922 326 dispositionem,
946 273 987 311 et
1006 272 1280 322 repraesentat

252 351 318 391 vel
344 349 525 390 continet
551 355 698 386 omnes
724 342 926 392 theorias,
955 343 1016 382 est
1043 341 1087 380 in
1113 340 1278 389 anima,

251 426 290 462 et
304 422 347 460 in
369 420 439 459 illo
457 417 598 457 anima
618 414 867 455 absorbetur
887 424 961 465 per
978 411 1133 452 mentis
1149 413 1283 450 trans-

250 490 543 531 formationem
585 487 628 526 in
667 485 813 525 Deum.
849 483 898 523 Et
923 483 1015 523 ideo
1043 484 1104 521 est
1136 480 1282 519 anima

255 576 273 598 «
294 572 420 613 super
447 570 619 600 omnem
646 555 963 608 dispositionem
991 552 1225 592 stellarum.
1255 565 1274 588 ))

249 631 387 672 Tertio
407 631 500 671 11030
519 626 793 669 consideratio
818 625 1086 676 comparatur
1106 621 1190 661 luci
1212 632 1280 661 so-

248 705 347 755 lari,
371 707 543 757 propter
570 701 784 752 fulgorem
804 696 1153 737 inflammationis
1177 695 1282 736 vivi-

250 777 446 816 ficantem
474 774 664 814 mirifice.
694 771 765 811 Est
794 770 907 810 enim
936 768 1080 808 radius
1110 766 1210 806 solis
1231 766 1283 806 ad

250 846 572 894 vivificandum,
593 854 679 883 non
699 841 752 881 ad
766 837 1151 881 consummandum
1169 869 1176 886 ,
1202 836 1281 875 nisi

249 930 324 971 per
351 917 542 957 accidens
562 927 614 955 ex
640 911 895 965 quibusdam
919 907 1278 961 dispositionibus.

252 990 305 1030 De
336 990 415 1029 hoc
447 987 584 1028 calore
609 984 899 1024 inflammante
929 981 1133 1033 scriptum
1154 981 1244 1019 est¹
1269 993 1278 1018 ε

255 1077 273 1099 (ι
297 1060 367 1102 Sol
394 1060 437 1099 in
463 1059 633 1110 aspectu
661 1055 948 1103 annuntians,
978 1052 1021 1091 iu
1059 1050 1179 1091 exitu
1206 1062 1283 1091 vas

248 1130 492 1172 admirabile
513 1141 619 1181 opus
638 1125 814 1168 Excelsi.
845 1124 892 1164 ln
915 1122 1152 1164 meridiano
1181 1134 1283 1162 exu-

248 1203 302 1242 rit
331 1206 484 1242 terram
515 1199 593 1251 (a),
618 1201 657 1238 et
680 1197 725 1236 in
754 1197 979 1248 conspectu
1007 1193 1167 1234 ardoris
1193 1194 1284 1244 eJ'us

247 1274 342 1326 quis
367 1272 520 1325 poterit
550 1269 791 1311 sustinere‘.>
816 1266 1052 1319 Tripliciter
1085 1265 1155 1305 Sol
1184 1276 1284 1304 exu-

248 1357 343 1385 rens
377 1346 569 1392 montes,
603 1341 742 1381 radios
776 1339 929 1391 igneos
961 1336 1204 1386 exsufflans,
1243 1338 1284 1375 et

248 1415 469 1467 refulgens
494 1413 624 1454 radiis
647 1412 733 1452 suis
754 1411 938 1451 excaecat
960 1407 1117 1448 oculos.
1140 1421 1158 1443 υ
1183 1405 1283 1447 Vult

249 1487 400 1537 dicere,
422 1485 534 1538 quod
549 1483 718 1537 quando
740 1482 801 1523 501
822 1480 1039 1533 aspicitur,
1062 1478 1175 1531 quod
1195 1478 1283 1530 ipse

248 1558 308 1598 sol
323 1559 381 1599 sic
403 1556 625 1598 annuntiat
645 1566 743 1608 quae
764 1555 864 1594 sunt
885 1551 994 1604 apud
1032 1563 1075 1591 se
1093 1552 1134 1591 et
1156 1549 1199 1588 10
1222 1561 1280 1599 50,

248 1634 288 1670 01
311 1630 445 1670 oritur
464 1639 591 1680 super
610 1624 960 1678 hemisphaerium
979 1622 1150 1671 mentis,
1170 1620 1283 1673 quod

249 1702 293 1740 in
315 1700 548 1741 meridiano
565 1698 728 1748 exurit,
749 1700 790 1737 et
809 1695 853 1735 in
875 1696 1101 1746 conspectu
1122 1691 1284 1732 ardoris

249 1774 342 1825 ejus
376 1784 463 1812 non
493 1774 628 1824 potest
661 1768 813 1821 aliquis
854 1766 1076 1807 sustinere.
1114 1764 1282 1804 Animae

248 1844 363 1884 enim
382 1855 468 1884 non
491 1842 722 1883 sublevatae
753 1842 852 1880 5001
877 1837 999 1891 00051
1024 1837 1069 1876 10
1096 1836 1279 1888 hyeme;

247 1915 319 1955 sed
340 1926 435 1967 qnae
470 1916 569 1954 sunt
599 1912 774 1953 elevatae
804 1910 856 1950 ad
890 1907 1146 1948 mediocrem
1180 1918 1279 1946 con-

249 1986 567 2038 templationem
581 2016 591 2033 ,
615 1986 715 2025 sunt
734 1983 857 2036 quasi
886 1981 929 2021 in
948 1991 1067 2029 vere3
1093 1978 1163 2019 sed
1183 1989 1281 2031 quae

247 2060 422 2099 elevatae
443 2057 609 2098 suntad
630 2066 839 2104 excessus,
863 2055 961 2094 sunt
977 2052 1083 2092 sicut
1096 2051 1140 2091 in
1163 2053 1283 2092 03510-

246 2134 309 2180 10,
332 2133 372 2170 01
398 2128 636 2182 percipiunt
665 2128 826 2168 fructus
858 2123 1151 2171 autumnales,
1184 2122 1283 2175 quia

247 2202 482 2253 quiescunt.
506 2198 624 2239 Tunc
644 2196 819 2238 enimin
839 2198 1053 2236 autumno
1072 2193 1284 2244 colligunt

248 2272 423 2322 fruetus,
448 2273 488 2311 et
507 2270 683 2320 faciunt,
706 2271 746 2308 et
765 2267 978 2308 celebrant
997 2265 1283 2306 solemnitates

247 2343 291 2382 10
325 2344 546 2383 00100100.
584 2339 664 2381 Sed
695 2338 771 2380 uhi
805 2337 948 2378 exurit
987 2336 1032 2376 10
1067 2334 1243 2376 meridie
1263 2336 1283 2374 ἱ)

249 2412 422 2462 Quando
444 2412 489 2452 in
514 2411 703 2452 maxima
739 2410 895 2450 virtute
927 2410 1012 2458 est,
1042 2407 1120 2447 hoc
1150 2409 1212 2447 est
1240 2407 1284 2447 in

250 2484 367 2525 coelo.
389 2484 451 2524 101
471 2484 585 2524 00101
614 2482 793 2535 perfecta
818 2483 880 2521 est
897 2478 1219 2531 contemplatio,
1245 2481 1286 2519 et

250 2556 343 2597 illos
371 2555 684 2595 inflammantes
713 2552 907 2602 ardores,
930 2561 1037 2603 quos
1068 2549 1221 2590 emittit
1239 2548 1285 2589 in

251 2628 415 2668 animas
432 2627 539 2676 illas,
561 2637 658 2678 quae
671 2624 830 2664 habent
849 2632 1047 2663 excessus
1063 2619 1284 2670 mentales,

251 2698 394 2738 001105
424 2699 559 2750 001051
583 2695 810 2748 explicare.
845 2693 890 2734 Si
916 2691 1031 2733 enim
1050 2691 1286 2731 secundum

253 2770 502 2822 Apostolum
519 2769 557 2818 ²,
585 2766 806 2818 «gemitus
828 2766 929 2804 sunt
949 2761 1282 2814 inexplicabiles,

253 2840 408 2893 quibus
438 2838 621 2891 postulat
651 2849 727 2890 pro
752 2836 874 2877 nobis
903 2834 1078 2887 spiritus
1093 2865 1105 2884 ,
1129 2848 1147 2870 ›)
1183 2836 1288 2885 quot

254 2913 353 2951 5001
371 2921 566 2950 excessus
579 2910 598 2949 ἱ)
614 2911 715 2961 0001
728 2908 899 2948 ardores
913 2908 932 2946 ⁴?
953 2906 1069 2947 Unde
1086 2908 1099 2929 ³
1118 2920 1126 2946 :
1151 2920 1169 2943 «
1187 2904 1288 2954 Quis

254 2994 307 3022 ex
344 2980 464 3021 vohis
509 2979 659 3032 poterit
699 2978 893 3019 hahitare
931 2989 1027 3018 cum
1065 2975 1288 3016 ardoribus

255 3051 549 3105 sempiternis?
567 3066 586 3088 »
612 3050 663 3091 Et
686 3052 829 3090 tamen
854 3064 872 3088 «
893 3048 963 3089 Sol
990 3048 1131 3089 exurit
1152 3047 1289 3099 tripli-

255 3125 379 3175 citer,
405 3137 425 3161 »
449 3122 550 3176 0010
570 3121 630 3162 501
657 3124 841 3162 aeternus
870 3122 1032 3160 terram
1052 3118 1168 3158 illam
1192 3117 1284 3157 hie-

256 3195 516 3244 rarchicam,
551 3196 592 3233 et
621 3193 746 3233 istam
777 3191 1013 3231 humanam
1046 3188 1226 3229 irradiat
1248 3191 1288 3228 et

258 3266 493 3305 inflammat
512 3263 665 3317 trIplici
684 3265 725 3304 01
744 3262 923 3303 triformi
944 3272 1088 3301 amore
1100 3291 1113 3310 ,
1131 3263 1171 3300 et
1191 3271 1288 3300 sur-

259 3347 354 3375 sum
382 3336 473 3387 agit
492 3335 536 3375 in
558 3335 692 3375 Deum
714 3336 941 3386 utramque
962 3346 971 3373 ε
994 3330 1149 3371 50111001
1171 3330 1288 3370 111001

304 3442 311 3459 ¹
327 3440 444 3481 Eccli„
465 3449 566 3482 xmu,
582 3443 653 3474 2-4.
668 3458 709 3464 —-
724 3441 736 3460 2
755 3441 857 3480 Rom„
875 3447 952 3480 vni,
969 3440 1008 3471 26
1027 3448 1033 3469 :
1052 3438 1124 3479 lpse
1140 3436 1288 3478 Spiritus

255 3487 399 3530 postulat
410 3498 473 3529 pro
490 3489 582 3521 nobis
599 3488 776 3530 gemitibus
795 3485 1098 3521 inenarrabilibus.
1116 3502 1154 3509 -
1173 3483 1187 3505 3
1207 3483 1286 3523 lsa.‚

943 178 1391 223 ILLUMINATIONES
1420 178 1683 222 ECCLESIAE

1358 281 1432 321 per
1463 271 1722 319 tentionem,
1763 269 1998 320 visionem,
2035 272 2075 311 et
2107 271 2376 319 fruitionem;

1355 340 1464 381 hanc
1476 353 1551 393 per
1570 342 1817 382 charitatem
1836 344 1850 366 ⁴
1875 356 1894 379 «
1911 341 1960 382 de
1980 342 2104 382 corde
2121 354 2242 394 puro,
2264 355 2382 384 cons-

1355 411 1506 452 cientia
1526 413 1663 461 bona,
1686 412 1767 452 fide
1795 425 1880 453 non
1901 413 2012 452 ficta.
2046 427 2064 449 »
2092 411 2380 453 Hierarchiatn

1356 481 1448 522 dico
1469 481 1679 522 coelestem
1693 514 1702 531 ,
1725 483 1959 523 secundum
1977 482 2109 522 trinas
2128 483 2384 523 hierarchias

1356 552 1617 594 collocatam.
1643 553 1723 594 Sed
1753 553 1854 605 quid
1886 557 1970 605 est,
2001 553 2115 606 0000
2136 553 2213 593 1510
2240 553 2384 593 radius

1357 627 1568 674 eoecoecat,
1604 635 1702 664 cum
1732 624 1873 676 potius
1908 624 2076 665 deberet
2109 623 2384 664 illuminare?

1357 693 1436 733 Sed
1462 694 1542 733 ista
1570 696 1795 734 excaecatio
1826 697 1887 734 est
1914 706 2084 735 summa
2110 693 2382 744 illuminatio,

1356 763 1456 816 quia
1476 767 1539 804 est
1552 763 1597 804 in
1618 764 1879 804 sublimitate
1899 765 2063 814 mentis,
2079 764 2193 805 ultra
2206 764 2385 805 humani

1356 834 1591 875 intellectus
1623 835 2013 887 investigationem.
2054 835 2114 876 lbi
2152 835 2386 876 intellectus

1356 905 1539 958 caligat,
1579 906 1680 959 0010
1714 906 1773 945 101
1805 918 1890 947 000
1926 909 2059 958 001051
2097 906 2384 959 investigare,

1355 977 1456 1030 quia
1482 977 1740 1017 transcendit
1760 989 1931 1017 omnem
1959 977 2190 1031 potentiam
2211 977 2385 1018 investi-

1356 1047 1560 1099 gativam.
1590 1047 1704 1098 Ergo
1736 1050 1797 1088 est
1822 1048 1881 1089 101
1912 1048 2050 1100 caligo
2074 1047 2384 1097 inaccessibilis,

1357 1130 1454 1171 quae
1483 1121 1626 1158 tamen
1658 1118 1870 1159 illuminat
1901 1121 2088 1168 mentes,
2119 1131 2215 1172 quae
2246 1119 2385 1171 perdi-

1357 1190 1511 1230 derunt
1531 1190 1879 1242 investigationes
1899 1190 2099 1231 curiosas,
2133 1190 2184 1231 Et
2203 1190 2283 1231 1100
2308 1193 2385 1240 051,

1357 1261 1470 1313 0000
1485 1261 1639 1302 0101101·
1656 1262 1668 1282 5
1687 1278 1705 1299 α
1724 1262 1926 1302 Dominus
1941 1263 2179 1303 inhabitare
2199 1263 2242 1303 in
2257 1263 2388 1303 nebu-

1356 1332 1411 1381 la,
1427 1335 1496 1371 »et
1511 1332 1522 1353 6
1539 1346 1547 1372 :
1571 1348 1589 1371 «
1606 1332 1754 1373 Posuit
1767 1333 1960 1373 tenebras
1970 1332 2197 1373 latibulum
2210 1344 2381 1373 50001.»

1358 1402 1458 1444 Haec
1478 1406 1540 1444 est
1560 1416 1667 1456 ergo
1683 1404 1962 1445 consideratio
1979 1404 2195 1445 'luculenta
2212 1404 2388 1445 coelestis

1357 1474 1622 1516 hierarchice.
1658 1474 1834 1529 Propter
1865 1475 1956 1516 haec
1987 1488 2092 1528 ergo
2123 1476 2205 1516 tria
2234 1476 2389 1517 dicitur

1358 1547 1434 1597 sol,
1456 1549 1497 1587 01
1515 1547 1565 1588 00
1582 1547 1662 1587 1100
1682 1549 1820 1600 001051
1839 1547 1985 1600 accipi,
2007 1547 2121 1599 quod
2137 1547 2332 1588 scribitur
2346 1550 2358 1572 ⁷
2377 1562 2384 1587 :

1365 1634 1384 1657 (ι
1402 1617 1578 1658 Refulsit
1604 1619 1667 1659 sol
1686 1618 1731 1658 in
1752 1618 1920 1671 clypeos
1943 1630 2118 1667 aureos,
2141 1621 2181 1658 et
2200 1617 2387 1670 resplen-

1357 1691 1543 1731 duerunt
1585 1693 1749 1730 montes
1796 1691 1849 1730 ab
1896 1690 1980 1740 eis,
2023 1690 2131 1730 sicut
2173 1689 2389 1742 lampades

1357 1762 1488 1814 ignis.
1519 1775 1538 1799 ›>
1565 1761 1707 1814 Clypei
1737 1763 1836 1801 sunt
1863 1761 2048 1801 rationes
2080 1762 2252 1801 aeternae
2278 1771 2390 1813 prae-

1358 1832 1686 1874 destinationum
1736 1834 2024 1881 aeternarum,
2079 1842 2176 1880 quae
2232 1830 2389 1871 hahent

1358 1904 1565 1945 rationem
1603 1905 1856 1953 armaturae,
1898 1905 1941 1943 et
1973 1902 2183 1943 rationem
2211 1901 2390 1954 fulgoris

1357 1974 1714 2028 incomparabilis.
1740 1974 1808 2016 Sol
1827 1977 2029 2024 aeternus,
2053 1973 2209 2014 scilicet
2229 1972 2392 2027 sapien-

1357 2046 1415 2087 tia
1446 2049 1631 2097 aeterna,
1660 2046 1838 2099 refulqet
1867 2046 1915 2087 in
1944 2045 2111 2098 clypeos
2135 2044 2200 2097 (b),
2224 2044 2392 2095 quando

1358 2118 1558 2158 sublimat
1577 2117 1687 2158 Deus
1713 2119 1898 2157 mentem
1922 2116 2317 2169 contemplativam,
2339 2114 2389 2156 ad

1359 2190 1676 2243 percipiendum
1696 2189 1912 2241 fulgorem
1935 2188 2124 2229 veritatis
2144 2190 2330 2238 aeternae‚
2353 2189 2394 2228 et

1358 2260 1529 2301 illarum
1562 2260 1793 2301 rationum.
1830 2261 1991 2303 Montes
2028 2262 2170 2300 autem
2207 2259 2391 2311 resplen-

1360 2331 1461 2374 dent
1480 2364 1490 2383 ,
1538 2331 1638 2385 0010
1677 2331 1739 2372 501
1775 2331 1853 2372 1510
1908 2343 1982 2384 per
2027 2331 2127 2371 istas
2173 2330 2358 2371 rationes
2379 2361 2390 2381 ,

1359 2404 1479 2456 00051
1499 2416 1573 2456 per
1600 2403 1768 2456 clypeos
1791 2414 1958 2454 aureos,
1979 2402 2195 2443 illuminat
2213 2404 2391 2451 mentes,

1360 2474 1440 2515 hoc
1477 2477 1518 2514 et
1555 2474 1727 2527 spiritus
1766 2473 1811 2514 in
1854 2474 2089 2514 aeternitate
2127 2474 2317 2514 firmatos
2354 2473 2395 2512 et

1360 2544 1607 2586 sublimatos
1620 2576 1633 2596 ,
1656 2544 1732 2597 qui
1751 2544 1984 2597 respiciunt
2003 2544 2141 2597 primo
2170 2542 2394 2584 orientales

1361 2616 1499 2657 radios
1519 2616 1723 2669 primaria
1743 2615 1906 2657 visione
1923 2630 1933 2666 ;
1957 2615 2272 2666 meridionaleS,
2295 2626 2393 2668 per—

1360 2689 1468 2729 fecta
1500 2688 1805 2738 illustratione3
1845 2687 2145 2737 occidentales,
2182 2690 2395 2739 postrema

1363 2759 1562 2800 tentione.
1586 2758 1639 2798 Hi
1659 2759 1767 2799 radii
1787 2759 2005 2811 tripliciter
2030 2760 2228 2799 oriuntur
2247 2770 2272 2798 a
2292 2757 2391 2808 sole,

1363 2835 1403 2871 et
1440 2830 1658 2884 splendent
1698 2832 1810 2872 sicut
1847 2829 2066 2883 lampades
2103 2831 2251 2883 iyniS,
2297 2829 2395 2882 quia

1363 2906 1426 2943 est
1463 2902 1521 2942 101
1571 2901 1853 2942 inflammatio
1891 2901 2174 2954 permaxima.
2226 2901 2278 2941 Et
2314 2900 2394 2941 hoc

1364 2977 1426 3015 est
1460 2977 1545 3014 tota
1585 2986 1714 3014 causa
1752 2973 2099 3014 inflammationis
2137 2972 2395 3025 contempla-

1364 3045 1517 3096 tionis,
1544 3045 1643 3098 quia
1662 3057 1885 3098 nunquam
1905 3045 2023 3087 venit
2052 3044 2104 3085 ad
2134 3043 2391 3097 contempla-

1365 3116 1525 3156 tionem
1556 3116 1700 3158 radius
1729 3115 1983 3169 splendoris,
2016 3115 2121 3169 quin
2159 3116 2285 3156 etiam
2325 3115 2396 3155 in-

1364 3186 1604 3227 flammans.
1629 3186 1680 3227 Et
1699 3187 1792 3228 ideo
1813 3187 1859 3227 in
1895 3187 2086 3229 Canticis
2116 3186 2305 3239 loquitur
2323 3184 2396 3226 Sa-

1364 3257 1509 3298 lomon
1538 3270 1612 3311 per
1654 3258 1830 3300 modum
1859 3258 2016 3299 amoris
2045 3261 2086 3298 et
2113 3268 2188 3309 per
2218 3254 2395 3297 modum

1366 3380 1493 3413 xxxnl,
1516 3373 1566 3404 14.
1585 3390 1626 3396 —
1644 3372 1655 3391 ⁴
1673 3372 1684 3404 1
1708 3372 1803 3412 Tim„
1826 3379 1850 3411 1,
1871 3372 1902 3402 5.
1919 3388 1960 3395 —-
1977 3371 1991 3393 ⁵
2010 3371 2053 3402 111
2074 3369 2166 3410 Re9.,
2186 3376 2266 3409 vm,
2287 3370 2338 3402 12.
2354 3384 2396 3394 -·-

1366 3420 1379 3442 ⁶
1399 3419 1489 3451 Psal.
1510 3428 1595 3462 xvii,
1618 3422 1668 3452 12.
1687 3437 1722 3442 -
1746 3419 1756 3440 ⁷
1779 3420 1792 3450 1
1813 3418 1935 3459 Maeli„
1956 3426 2003 3459 vi,
2023 3418 2074 3449 39.

1410 3482 1454 3522 (a)
1476 3482 1557 3515 Caet.
1577 3483 1658 3516 edit.
1677 3481 1755 3515 add.
1777 3483 1810 3514 et.
1827 3481 1862 3514 in
1882 3484 2063 3514 terram.—-
2085 3479 2129 3522 (b)
2143 3479 2196 3513 Al.
2214 3478 2353 3522 clypeis.
