2633 3878
305 276 382 314 356
1001 270 1275 313 ExpostTtO
1308 271 1357 314 ΙΝ
1389 272 1738 315 PSALTERIUM.

301 363 340 398 in
358 360 656 409 prosequendis,
686 360 727 397 in
746 361 1041 409 persequendis,
1061 361 1101 398 in
1127 362 1325 409 perferen-

301 423 373 459 dis.
392 424 536 467 Quarto
552 422 674 459 modo
697 423 870 470 disponit
885 423 924 459 in
944 424 1161 471 proposito,
1181 423 1326 460 scilicet

300 485 340 520 in
363 483 624 531 proferendis.
652 485 760 521 Viam
794 485 908 521 istam
941 484 1113 532 disponit
1145 485 1324 531 charitas,

300 557 390 582 cum
409 556 479 592 per
498 556 585 582 eam
613 545 820 582 inclinatur
846 546 1041 590 voluntas,
1062 549 1103 582 ut
1122 546 1214 583 talia
1234 557 1325 584 con-

301 607 430 655 cipiat,
451 606 542 644 talia
568 608 706 655 pariat,
727 608 860 655 qualia
885 610 982 644 Deus
1003 607 1179 655 accipiat,
1212 611 1248 645 et
1266 620 1325 645 rc-

299 669 545 706 muneranda
561 669 740 706 diffiniat.
762 670 819 707 Ad
848 670 958 716 cujus
977 670 1194 717 pleniorem
1212 671 1325 708 inlel-

299 732 459 778 lectum,
479 732 684 778 conjugale
701 735 944 779 proponatur
964 733 1201 780 exemplum.
1225 734 1328 770 Sicut

300 805 443 841 sponsa
472 804 679 841 procreare
707 794 838 830 sitiens
863 794 990 830 filium
1010 795 1174 831 Domino
1196 795 1326 831 domi*

300 855 478 892 nantium
498 855 759 901 offerendum,
775 856 826 892 ad
843 856 1016 893 futurum
1038 856 1227 903 gaudium
1241 867 1330 904 pro-

300 917 548 963 merendum,
580 918 635 954 sic
655 918 836 955 voluntas
857 918 1012 964 devota,
1043 918 1183 954 rationi
1210 928 1327 965 spon-

300 982 402 1025 sata,
429 982 602 1016 eructare
632 980 792 1027 cupiens
823 981 990 1016 verbum
1028 980 1178 1016 bonum
1210 990 1329 1026 penes

301 1041 508 1078 Dominum
520 1041 816 1089 deponendum,
831 1045 991 1089 propter
1005 1041 1171 1078 fructum
1186 1041 1329 1087 glorio-

301 1115 386 1140 sum
398 1104 514 1141 bonis
527 1104 731 1141 laboribus
741 1104 1029 1151 reponendum,
1041 1104 1136 1151 petit
1148 1115 1168 1142 a
1183 1115 1329 1151 sponso

302 1166 492 1210 debitum,
514 1166 591 1202 hoc
610 1168 666 1202 est
684 1176 707 1202 a
733 1166 884 1203 ratione
912 1166 1119 1203 consilium
1140 1170 1329 1214 opportu-

301 1238 409 1264 num.
431 1229 535 1263 Tunc
555 1228 764 1265 commisso
785 1228 946 1265 rationis
965 1228 1128 1265 consilio
1145 1240 1235 1265 cum
1260 1240 1330 1266 vo-

301 1290 456 1327 luntatis
478 1290 698 1337 desiderio,
729 1291 841 1338 quasi
862 1291 1010 1339 duplici
1037 1292 1267 1337 seminario,
1291 1293 1330 1329 in

300 1354 426 1390 libero
447 1354 622 1400 arbitrio,
640 1356 829 1402 tanquam
859 1354 1070 1391 amborum
1091 1356 1329 1403 exceptorio,

301 1416 441 1453 exinde
470 1416 638 1452 verbum
670 1417 939 1464 componitur,
975 1417 1085 1465 quod
1118 1418 1330 1455 dicendum

303 1478 536 1525 disponitur,
558 1478 701 1514 deinde
722 1489 791 1526 per
816 1478 895 1515 oris
923 1479 1112 1526 officium,
1136 1481 1241 1517 velut
1260 1492 1329 1518 vo·

302 1532 687 1585 luntatisorificium,
714 1543 891 1588 tempore
920 1543 1155 1589 competenti
1185 1555 1332 1591 propo-

302 1603 427 1648 nitur,
455 1602 565 1650 quod
596 1603 627 1638 si
657 1606 759 1640 recte
787 1614 908 1651 penes
944 1606 1065 1640 Deum
1096 1605 1331 1653 deponitur,

304 1665 545 1712 sperandum
563 1667 620 1701 est
639 1665 749 1712 quod
771 1665 984 1713 deponenti
1002 1667 1111 1704 bona
1130 1669 1331 1706 retributio

304 1730 528 1774 reponatur.
563 1729 634 1763 Per
664 1727 766 1763 hanc
795 1727 902 1763 viam
937 1729 1141 1766 ambulare
1176 1730 1334 1767 volebat

304 1788 655 1836 Psalmographus,
678 1799 768 1825 cum
795 1789 951 1826 dicebat
973 1804 979 1824 :
1014 1792 1231 1828 Voluntaria
1261 1796 1334 1829 oris

305 1853 394 1896 mei,
415 1853 506 1896 etc.;
529 1861 572 1887 ac
592 1851 622 1887 si
654 1851 800 1888 diceret
829 1863 926 1889 voce
957 1852 1063 1890 clara
1085 1865 1092 1889 :
1119 1855 1335 1892 Voluntaria

306 1916 378 1949 oris
398 1915 490 1958 mei,
511 1913 721 1961 puerperia
749 1913 845 1950 fiant
875 1914 945 1950 tibi
978 1915 1172 1962 placentia
1204 1920 1239 1953 ct
1269 1918 1334 1963 ju-

307 1975 451 2016 cunda,
472 1978 537 2011 tua
553 1975 703 2022 Judicia
731 1987 803 2023 pro
823 1976 969 2013 eisdem
989 1978 1214 2024 pronuntia.
1236 1980 1337 2023 Quo-

308 2038 410 2074 circa
430 2037 469 2073 in
494 2037 554 2074 his
573 2038 703 2074 verbis
720 2040 890 2085 quatuor
916 2039 1134 2086 specialiter
1154 2044 1243 2076 sunt
1262 2051 1335 2077 no-

308 2099 442 2145 tanda,
463 2110 551 2147 quae
580 2100 812 2146 generaliter
836 2101 876 2136 in
896 2101 1025 2137 verbis
1046 2102 1231 2138 omnibus
1250 2106 1339 2139 sunt

309 2162 530 2210 pensanda3
551 2162 746 2207 videlicet,
769 2163 866 2210 quid
891 2163 1090 2200 voluntate
1121 2175 1336 2212 compona-

311 2228 387 2270 tur,
409 2235 476 2261 ore
502 2227 761 2272 proponatur,
781 2235 902 2272 penes
933 2226 1142 2262 Dominum
1163 2226 1338 2274 depona-

313 2292 396 2332 tur,
416 2286 623 2332 injudicio
649 2290 862 2333 reponatur
896 2300 903 2323 :
933 2291 1124 2335 quatenus
1144 2289 1340 2336 composi-

314 2352 397 2385 tum
416 2348 463 2384 sit
481 2347 714 2394 studiosum,
734 2348 981 2396 propositum
997 2348 1253 2397 fructuosum,
1276 2351 1342 2387 de-

314 2413 486 2458 positum
505 2410 734 2458 gratiosum,
754 2410 969 2458 repositum
997 2411 1226 2458 gloriosum.

640 2517 829 2553 Articulus
858 2519 1012 2564 primus.

363 2601 421 2638 Ad
436 2601 608 2649 primum
627 2600 730 2646 facit,
750 2601 859 2648 quod
874 2600 966 2637 dicit
983 2613 990 2637 :
1015 2603 1239 2639 Voluntaria.
1261 2606 1345 2640 Haec

317 2667 405 2700 sunt
423 2663 546 2700 verba
559 2663 661 2700 intus
674 2664 856 2709 lucentia,
879 2675 960 2700 non
979 2663 1073 2700 foris
1089 2666 1281 2711 sonantia,
1301 2677 1346 2702 ex

319 2725 483 2762 consilio
502 2726 662 2762 rationis
682 2729 718 2762 et
739 2725 935 2762 desiderio
956 2726 1168 2763 voluntatis
1182 2737 1346 2774 compo-

319 2788 400 2824 sita.
428 2788 533 2824 L'nde
553 2787 697 2825 debent
717 2798 799 2824 esse
814 2788 1066 2824 rationabilia
1090 2791 1126 2824 et
1146 2788 1346 2825 desidora-

320 2848 417 2886 bi'lia
438 2862 445 2885 :
478 2853 685 2897 propterea
704 2850 887 2897 competit
920 2850 973 2886 eis
1002 2851 1235 2897 compositio
1267 2854 1347 2887 stu-

201 2926 301 2953 studia
322 2911 445 2948 diosa.
467 2911 542 2948 Sed
560 2914 669 2956 nota,
694 2911 802 2958 quod
824 2912 922 2948 sicut
941 2911 1120 2958 colligere
1139 2923 1349 2960 possumus

163 3016 216 3035 ΠΕ.

166 2968 301 3013 '9¹“ffl‘
322 2983 370 3009 ex
389 2973 606 3020 Scriptura,
636 2976 725 3009 sunt
743 2973 966 3010 voluntaria
985 2974 1114 3011 studia
1137 2974 1346 3022 tripartita3

322 3034 465 3072 scilicet
487 3034 721 3081 theologica,
742 3034 880 3079 ethica,
901 3035 1098 3080 malefica3
1123 3036 1262 3083 triplici
1284 3047 1350 3072 vo-

322 3097 468 3134 luntate
500 3096 739 3143 composita,
771 3095 953 3132 videlicet
980 3096 1132 3141 divina,
1153 3097 1348 3143 humana,

323 3159 535 3197 diabolica.
569 3161 620 3195 De
652 3158 780 3206 primo
818 3158 1040 3194 voluntario
1076 3160 1351 3196 convenienter

321 3221 566 3268 intelligitur,
586 3220 696 3268 quod
718 3219 885 3267 legitur¹
909 3231 916 3255 :
939 3232 956 3253 a
976 3219 1153 3256 Pluviam
1172 3221 1351 3257 volunta-

322 3284 422 3320 riam
449 3282 687 3330 segregabis,
714 3283 826 3327 Deus,
846 3281 1059 3318 haereditati
1081 3284 1166 3327 tuae,
1181 3296 1197 3316 »
1221 3282 1261 3318 id
1281 3286 1348 3327 est,

323 3345 543 3382 doctrinam
575 3343 840 3390 theologicam
871 3343 1047 3380 Ecclesiae
1080 3347 1166 3379 tuae.
1204 3346 1253 3380 lie
1290 3355 1350 3380 se-

324 3406 454 3445 cundo
481 3408 746 3454 competenter
772 3406 1000 3453 exponitur,
1028 3405 1136 3453 quod
1165 3405 1352 3453 proponi-

367 3491 375 3512 ¹
399 3489 486 3521 Psal.
511 3497 615 3528 mvii,
640 3491 688 3521 lo.
710 3504 747 3510 —
770 3489 782 3510 ²
801 3489 921 3527 Erote,
947 3496 1048 3528 xxxv,
1073 3491 1119 3519 tu.
1137 3506 1178 3512 —
1196 3488 1209 3510 ³
1230 3489 1348 3527 Eccli.,

323 3546 385 3574 xx,
416 3538 439 3567 2.
468 3554 508 3560 —
534 3539 542 3554 ⁴
569 3540 666 3577 Aug„
689 3536 727 3568 cle
756 3537 866 3568 θοι-ιν.
895 3536 1033 3576 Christ„
1055 3536 1112 3567 lib.
1137 3537 1181 3576 ll,
1202 3547 1231 3568 c.
1255 3545 1350 3567 xxvi.

1401 366 1461 400 tur
1488 362 1502 382 ²
1536 375 1543 400 :
1577 376 1596 398 (ι
1626 363 1759 400 Cuncti
1786 362 1856 399 filii
1886 364 2000 401 lsrael
2027 364 2249 402 voluntaria
2268 367 2431 404 Domino

1402 425 1696 462 dedicaverunt.
1722 440 1740 460 »
1760 426 1870 462 Tales
1887 425 2043 462 fuerunt
2066 422 2235 464 morales
2258 428 2433 475 philoso-

1401 487 1483 535 phi,
1505 488 1571 535 qui
1589 487 1640 524 ad
1660 487 1989 534 compositionem
2009 488 2154 524 domus
2184 489 2263 534 Dei,
2290 489 2434 529 scilicet

1402 549 1556 592 animae,
1576 549 1812 586 documenta
1832 549 1998 586 moralia
2018 550 2255 587 obtulerunt.
2279 553 2328 587 De
2356 553 2431 588 ter-

1402 612 1456 648 tio
1484 611 1631 647 dictum
1651 611 1868 656 conjicitur,
1899 611 2009 658 quod
2037 611 2178 648 dicitur
2197 613 2210 634 3
2233 623 2241 648 :
2267 625 2284 646 (ι
2307 613 2432 657 Quam

1403 673 1554 709 honum
1597 675 1654 708 est
1691 675 1914 719 correptum
1953 673 2199 710 manifestare
2234 673 2432 721 poeniten-

1403 734 1496 770 tiam
1510 736 1517 769 !
1534 746 1549 767 n
1564 733 1623 770 Sic
1635 733 1740 770 enim
1757 733 1920 780 effugies
1932 737 2138 781 peccatum
2150 735 2431 782 voluntarium,

1404 796 1498 842 quia
1516 795 1613 832 nulli
1635 795 1822 839 dubium,
1845 796 1941 843 quin
1966 796 2237 833 maleficorum
2258 797 2432 834 studium

1404 858 1450 894 sit
1481 861 1685 904 peccatum
1713 857 2001 903 voluntarium,
2027 860 2065 895 et
2093 858 2348 896 diabolicum.
2379 861 2430 897 De

1404 919 1548 956 talibus
1566 920 1848 967 superstitionis
1868 920 2005 956 studiis
2030 920 2170 957 dicitur
2201 921 2252 958 ab
2283 924 2433 968 Augus-

1404 981 1486 1019 tino
1506 982 1519 1003 Β
1540 994 1548 1018 :
1571 995 1589 1016 «
1609 983 1751 1019 Omnes
1770 984 1868 1018 artes
1893 982 2182 1029 hujuscemodi,
2202 983 2264 1020 vel
2289 983 2431 1030 noxiae,

1405 1045 1468 1081 vel
1486 1044 1698 1091 nugatoriae
1717 1044 2000 1092 superstitionis
2029 1056 2077 1082 cx
2098 1046 2272 1093 quadam
2303 1046 2432 1083 homi-

1405 1117 1501 1144 num
1534 1107 1717 1154 pestifera
1748 1107 1928 1144 societate
1964 1110 2001 1144 et
2035 1107 2287 1154 daemonum,
2320 1108 2434 1156 quasi

1405 1171 1520 1216 pacta
1546 1169 1717 1206 infidelis
1750 1173 1787 1206 et
1817 1170 1965 1206 dolosae
1993 1169 2172 1206 amicitiae
2205 1170 2434 1215 constituta,

1406 1242 1494 1267 sum
1529 1230 1684 1278 penitus
1717 1231 1988 1279 repudianda,
2022 1235 2059 1268 et
2091 1231 2279 1279 fugienda
2310 1231 2434 1269 Chris-

1407 1294 1524 1331 tiano.
1547 1307 1565 1327 n

1715 1341 1902 1377 Articulus
1933 1341 2119 1377 secandas.

1454 1418 1512 1456 Ad
1539 1418 1756 1455 secundum
1782 1418 1944 1465 aspicit,
1975 1418 2110 1465 quoad
2141 1418 2275 1465 adjicit
2308 1431 2316 1455 :
2355 1419 2437 1456 Oris

1406 1483 1498 1524 mei,
1513 1481 1605 1527 quia
1625 1480 1722 1517 sit-ut
1742 1480 1952 1517 voluntatis
1969 1483 2025 1517 est
2043 1480 2263 1528 concipere,
2285 1480 2339 1517 sic
2359 1481 2438 1517 oris

1407 1543 1563 1579 interest
1581 1543 1785 1590 parturire.
1807 1545 1850 1580 Et
1880 1543 1978 1580 sicut
2001 1543 2066 1579 ille
2087 1545 2298 1590 conceptus
2321 1543 2437 1580 dehet

1408 1615 1489 1641 esse
1510 1605 1725 1650 studiosus,
1748 1605 1802 1641 sic
1831 1605 1900 1641 iste
1928 1607 2062 1652 partus
2089 1604 2332 1652 fructuosus,
2353 1615 2436 1642 non

1408 1667 1664 1714 perniciosus,
1681 1678 1761 1704 non
1779 1667 1934 1704 otiosus.
1952 1667 2017 1704 Hic
2031 1670 2141 1714 potes
2158 1668 2308 1713 notare,
2324 1666 2435 1714 quod

1409 1741 1452 1766 os
1470 1729 1612 1776 legitur
1631 1729 1838 1776 aliquoties
1858 1729 2063 1776 parturire,
2084 1729 2252 1776 operire,
2272 1732 2309 1766 et
2327 1729 2436 1766 ebul-

1408 1791 1478 1828 lire
1501 1805 1509 1826 :
1532 1791 1726 1835 Quoniam
1740 1791 1818 1827 oris
1836 1794 1982 1839 partus,
2003 1791 2084 1828 sive
2103 1802 2231 1828 sermo
2258 1791 2436 1838 proposi-

1408 1856 1482 1898 tus,
1505 1853 1701 1889 interdum
1732 1856 1787 1890 est
1814 1853 2057 1898 fructuosus,
2078 1853 2275 1889 interdum
2302 1853 2436 1900 perni-

1411 1915 1552 1960 ciosus,
1574 1915 1770 1951 interdum
1791 1915 1950 1951 otiosus.
1973 1916 2023 1951 De
2043 1915 2172 1962 primo
2187 1916 2225 1950 5:
2249 1927 2266 1948 α
2285 1915 2437 1961 Osjusti

1408 1977 1596 2025 parturiet
1616 1977 1847 2024 sapientiam
1867 1989 1874 2013 :
1894 1990 1911 2011 »
1935 1987 2022 2013 ecce
2043 1987 2086 2013 os
2106 1977 2324 2024 parturiens
2338 1976 2439 2014 fruc-

1411 2043 1535 2076 tuose.
1559 2041 1608 2075 De
1629 2039 1803 2076 secundo
1833 2038 2013 2076 scribitur
2037 2040 2050 2060 *ἲ
2078 2051 2086 2075 :
2113 2053 2130 2073 «
2157 2040 2206 2076 Os
2225 2039 2440 2087 impiorum

1413 2102 1539 2150 operit
1569 2101 1813 2149 iniquitatem
1844 2113 1853 2138 ε
1877 2115 1894 2135 ι)
1918 2112 2006 2138 ecce
2038 2112 2081 2138 os
2109 2101 2259 2138 malum
2285 2103 2442 2148 partum

1413 2164 1593 2212 operiens
1612 2163 1842 2211 perniciose.
1867 2166 1917 2199 De
1938 2163 2048 2200 tertio
2069 2164 2081 2186 ⁷
2104 2175 2111 2199 :
2137 2177 2155 2197 «
2177 2164 2225 2200 Os
2244 2163 2442 2201 fatuorum

1414 2226 1553 2263 ebullit
1576 2225 1776 2262 stultitiam
1801 2237 1808 2260 :
1832 2238 1849 2259 n
1878 2236 1966 2261 ecce
1987 2236 2030 2262 os
2049 2236 2120 2273 per
2139 2225 2443 2266 immoderatum

1414 2291 1570 2335 partum
1591 2287 1783 2325 ebulliens
1803 2286 1937 2324 otiose.

1755 2393 1942 2429 Articulus
1965 2395 2106 2429 tertius.

1464 2476 1523 2513 Ad
1543 2476 1696 2512 tertium
1714 2475 1891 2522 refertur,
1913 2476 2024 2523 quod
2043 2476 2219 2524 sequitur
2243 2490 2251 2511 :
2273 2478 2446 2524 Benepla-

1419 2541 1490 2574 cita
1518 2540 1602 2584 fac,
1625 2540 1794 2580 Domine,
1821 2541 2013 2586 tanquam
2041 2538 2220 2586 deposita
2245 2549 2366 2586 penes
2393 2542 2443 2576 te.

1419 2600 1619 2648 Quidquid
1650 2600 1755 2637 enim
1784 2600 2003 2637 voluntarie
2032 2602 2302 2648 componitur,
2332 2601 2447 2650 quid-

1421 2663 1517 2709 quid
1538 2673 1605 2699 ore
1625 2662 1873 2710 proponitur,
1891 2662 1999 2710 apud
2012 2662 2124 2698 illum
2143 2662 2367 2710 deponitur,
2386 2663 2448 2700 cui

1422 2729 1499 2761 tam
1520 2724 1732 2769 interioris,
1754 2735 1875 2771 quam
1900 2724 2100 2760 exterioris
2130 2723 2301 2760 hominis
2329 2735 2372 2760 os
2391 2725 2450 2762 lo-

1422 2785 1554 2832 quitur
1575 2796 1582 2820 :
1607 2784 1712 2820 unde
1734 2794 1983 2831 summopere
2011 2783 2250 2828 curandum,
2272 2783 2383 2831 quod
2402 2783 2450 2820 sit

1422 2847 1456 2882 ei
1472 2845 1682 2892 gratuitum
1706 2849 1741 2882 ct
1762 2849 1978 2893 acceptum.
2001 2845 2073 2890 Qui
2092 2845 2145 2882 sic
2166 2845 2361 2892 deponere
2380 2856 2447 2882 cu-

1423 2911 1503 2953 rat,
1524 2908 1597 2944 sibi
1619 2907 1808 2954 gaudium
1832 2907 1871 2943 in
1899 2907 1962 2944 dle
1979 2907 2116 2953 judicii
2144 2907 2384 2944 thesaurizat.
2406 2909 2450 2944 Et
2482 2910 2490 2915 '

1424 2972 1516 3007 nota
1544 2969 1617 3006 tria
1644 2969 1890 3016 beneplacita
1914 2979 2035 3016 penes
2065 2972 2182 3006 Deum
2202 2969 2304 3006 bene
2324 2969 2448 3017 depo-

1424 3033 1509 3077 sita,
1528 3035 1632 3069 recta
1652 3035 1783 3068 tamen
1811 3030 2025 3067 intentione
2053 3031 2256 3078 supposita
2277 3043 2286 3068 ε
2314 3033 2449 3078 utpote

1425 3094 1474 3130 ab
1500 3094 1703 3141 iniquitate
1728 3094 1933 3138 recedere;
1962 3093 2083 3138 nulli,
2110 3093 2214 3130 dicto
2241 3093 2303 3130 vel
2332 3092 2450 3138 facto,

1424 3167 1590 3202 nocere3
1612 3156 1839 3203 parentibus
1865 3154 2027 3192 obedire
2049 3167 2058 3191 ε
2080 3166 2253 3203 quorum
2276 3155 2450 3202 primum

1425 3218 1581 3255 ordinat
1608 3218 1810 3255 hominem
1829 3217 1880 3254 ad
1908 3217 2102 3265 seipsu1n3
2134 3216 2372 3260 secundum,
2398 3215 2450 3251 ad

1424 3280 1670 3327 proximum,
1692 3279 1859 3323 tertium,
1881 3279 1932 3315 ad
1952 3279 2168 3326 praelatum.
2192 3279 2240 3314 De
2259 3276 2387 3324 primo
2401 3276 2414 3298 ’³
2437 3287 2446 3312 ε

1429 3357 1445 3374 «
1467 3341 1755 3390 Beneplacitum
1776 3344 1832 3377 est
1851 3340 2015 3376 Domino
2039 3339 2219 3376 recedere
2239 3337 2289 3374 ab
2309 3337 2450 3385 iniqui-

1426 3407 1530 3440 tate:
1562 3418 1580 3438 n
1609 3414 1698 3440 ecce
1727 3403 1905 3439 divinum
1938 3401 2227 3448 beneplacitum
2261 3399 2449 3437 ordinans
2500 3443 2508 3447 ‚

1426 3505 1458 3510 —
1483 3488 1496 3509 ⁸
1517 3488 1626 3526 Prov„
1647 3496 1687 3526 x,
1711 3488 1761 3517 31.
1787 3503 1826 3509 —
1850 3485 1863 3507 ⁶
1884 3483 1980 3524 thid„
2003 3485 2032 3514 6.
2054 3501 2094 3507 -
2120 3484 2129 3502 7
2150 3483 2257 3521 Ρνοικ,
2278 3490 2334 3522 xv,
2354 3484 2385 3516 2.
2410 3500 2445 3506 —-

1425 3535 1437 3555 ⁵³
1456 3534 1573 3575 Eccli„
1593 3541 1695 3572 xxxv,
1717 3535 1746 3564 ὅ.
