2633 3878
2288 202 2332 232 ix

205 277 376 332 gustino
398 279 427 316 ¹.
449 275 555 326 Quid
576 273 748 316 multis?
768 272 815 313 In
834 269 1080 323 huiusmodi
1109 281 1236 322 opere
1254 281 1342 311 non
1362 269 1502 311 solum
1521 270 1629 311 nihil
1649 274 1736 323 est,
1759 274 1873 327 quod
1893 277 2087 318 sanctum
2108 277 2328 322 Bonaven-

203 358 346 396 turam
378 353 598 402 dedeceat,
634 350 706 392 sed
730 348 865 391 multa
891 347 1049 401 potius,
1071 358 1168 400 quae
1189 348 1283 400 ejus
1303 349 1498 399 aetatem,
1532 348 1777 391 institutum
1794 382 1806 403 ‚
1838 352 2061 405 ingenium
2077 387 2089 407 ,
2122 355 2331 409 indolem,

205 431 485 474 eruditionem
498 462 509 481 ,
530 431 571 471 et
591 427 828 470 doctrinam
847 426 1095 480 praeferunt.

257 511 297 550 4.
320 508 426 549 Hinc
445 509 525 557 est,
548 506 661 560 quod
680 506 820 559 ipsum
839 504 1032 553 clarum,
1054 501 1192 543 nobile
1206 533 1220 553 ,
1242 502 1429 555 z'nse'qne,
1451 513 1500 543 ac
1520 502 1761 554 genuinum
1781 503 2094 548 Bonaventurae
2122 520 2254 562 opus,
2281 522 2336 552 ex

204 597 277 627 ore
294 588 437 626 tamen
458 585 552 637 ejus
571 586 820 636 exceptum,
844 584 885 622 et
913 583 1174 634 reportatum
1193 611 1205 631 ‚
1228 579 1425 620 adserant
1439 611 1452 630 ,
1485 582 1527 620 et
1552 581 1760 621 testentur
1781 581 2001 634 totuplicia
2029 589 2307 628 monumenta
2321 619 2333 637 ,

204 663 332 704 etiam
351 661 640 704 vetustissima
655 691 666 711 ‚
687 663 748 701 tot
766 658 1105 700 nomenclatores
1121 688 1133 707 ‚
1154 659 1217 698 tot
1236 656 1462 707 editiones,
1486 659 1548 698 tot
1567 658 1847 712 manuscripti
1867 659 2028 700 codices
2041 691 2054 711 ,
2075 664 2124 701 ut
2142 663 2266 704 nobis
2284 664 2336 706 de

204 751 254 780 eo
273 741 336 781 fas
354 751 441 781 non
461 739 514 779 sit
532 738 739 788 dubitare,
762 738 1056 788 miremurque
1077 734 1181 775 illud
1201 746 1226 774 a
1245 734 1488 775 novissimis
1508 734 1750 775 Editoribus
1769 737 1862 788 post
1882 735 2096 777 Oudinum
2115 738 2165 779 ad
2186 751 2337 792 suppo-

203 816 331 858 sititia
348 816 477 858 fuisse
495 816 760 868 ablegatum,
782 815 835 855 ob
856 812 1071 854 arabicam
1098 811 1142 851 in
1163 810 1284 851 editis
1304 822 1454 852 vocem
1475 811 1750 863 trifurcatzcr,
1773 815 1815 852 et
1843 812 1897 853 ob
1920 813 2124 855 mendum
2148 815 2192 855 in
2224 827 2336 858 anno

206 897 332 945 1274,
353 893 445 935 loco
462 894 564 934 anni
585 893 688 934 1273
702 925 712 943 ,
734 904 832 945 quae
851 893 995 931 tamen
1014 888 1092 929 soli
1123 888 1230 929 vitio
1260 887 1563 939 librariorum,
1599 900 1648 928 ac
1672 889 2048 942 typographorum
2078 891 2195 933 facile
2231 895 2337 935 verti

203 973 396 1023 possunt.
419 970 548 1012 Multa
576 970 692 1011 enim
720 969 936 1010 habentur
958 965 1279 1008 mendosissime
1311 965 1466 1018 scripta
1490 967 1532 1006 et
1560 964 1790 1018 impressa,
1821 978 1907 1007 non
1939 968 2112 1021 quidem
2130 1002 2141 1021 ,
2172 972 2221 1011 ut
2239 983 2338 1012 cum

204 1047 420 1100 Alphonso
440 1059 464 1088 a
483 1045 624 1087 Castro
652 1046 894 1098 loquamur,
923 1059 943 1083 «
965 1056 1019 1085 ex
1039 1043 1165 1097 culpa
1191 1042 1408 1091 AuctoriS,
1431 1042 1504 1083 sed
1525 1054 1580 1083 ex
1608 1043 1713 1085 vitio
1734 1043 1999 1098 Scriptorum
2013 1079 2024 1098 ,
2046 1050 2087 1088 et
2107 1048 2340 1102 Impresso-

205 1137 318 1175 rum,
340 1124 413 1178 qui
432 1136 543 1177 saepe
563 1135 625 1174 ea,
651 1135 750 1176 quae
773 1122 994 1163 verissime
1013 1121 1168 1173 scripta
1189 1122 1304 1170 sunt,
1325 1120 1650 1163 mendosissime
1668 1123 1929 1165 transferunt
1947 1126 2008 1165 Β.»
2025 1126 2209 1178 Accedit,
2228 1129 2342 1180 quod

206 1192 452 1244 Addz‘tc'ones
472 1199 532 1241 ad
548 1200 821 1251 Luminarz'a,
842 1200 888 1239 in
907 1199 1062 1253 quibus
1082 1199 1307 1253 praefatum
1327 1198 1532 1239 mendum
1552 1200 1802 1252 ostenditur,
1825 1201 2116 1244 desiderentur
2134 1203 2179 1244 in
2198 1204 2344 1258 pleris-

205 1277 294 1332 que'
312 1272 530 1320 codicibus
557 1277 861 1331 manuscriptis
876 1309 887 1328 ,
911 1277 1112 1330 quodque
1132 1276 1265 1317 verbo
1286 1276 1547 1328 trz‘furcatur
1567 1277 1782 1330 persimile
1805 1278 1859 1320 sit
1875 1281 2058 1321 verbum
2081 1280 2341 1334 bifar-catur,

207 1368 319 1410 quo,
340 1358 391 1397 ut
423 1358 541 1397 notat
574 1355 621 1398 P.
654 1355 873 1407 Sbaralea,
896 1367 1002 1397 usus
1023 1357 1085 1396 est
1113 1354 1181 1397 vel
1200 1353 1439 1395 Alexander
1467 1354 1658 1406 Alensis,
1692 1355 1763 1397 vel
1792 1355 1922 1410 Hugo
1959 1356 2150 1400 Carensis
2178 1358 2346 1402 Ordinis

209 1433 543 1475 Praedicatorum
563 1437 590 1472 ³.

263 1514 302 1552 5.
327 1510 448 1561 Quod
466 1511 501 1551 si
526 1510 807 1552 nihilominus
827 1509 1003 1563 objicias
1020 1540 1031 1559 ‚
1053 1509 1304 1550 minoritam
1324 1509 1498 1563 quidem
1518 1509 1649 1551 fuisse
1673 1510 1804 1563 hujus
1823 1512 1964 1565 operis
1983 1515 2201 1556 auctorem
2215 1546 2227 1566 ,
2260 1527 2347 1557 non

208 1591 352 1629 tamen
371 1589 716 1630 Bonaventuram
736 1587 909 1628 Parisiis
926 1588 1191 1637 morantem,
1215 1587 1288 1628 sed
1312 1585 1571 1627 Rhenanum
1589 1588 1822 1641 quemdam
1835 1620 1845 1638 ‚
1868 1589 2024 1631 scilicet
2045 1590 2226 1644 alicujus
2246 1605 2345 1634 con-

208 1668 362 1706 ventus
393 1665 505 1719 apud
536 1664 735 1706 Rhenum
763 1664 969 1714 incolam,
1003 1667 1228 1718 propterea
1257 1665 1371 1718 quod
1396 1665 1639 1718 expendens
1666 1663 1770 1705 illud
1795 1665 2007 1718 Matthaei,
2027 1679 2086 1718 x,
2121 1670 2146 1708 8
2170 1681 2179 1708 :
2205 1668 2349 1711 Gratis

208 1743 448 1797 accepistis,
467 1747 604 1797 qratz's
624 1742 736 1794 date,
753 1743 993 1795 subjungat
1012 1757 1020 1783 :
1045 1742 1220 1792 «Quare
1238 1755 1327 1784 non
1346 1743 1511 1793 vendis,
1534 1755 1560 1784 o
1578 1742 1640 1784 sol
1652 1774 1666 1793 ,
1686 1742 1826 1784 lucem
1845 1746 1997 1785 tuam?
2027 1744 2163 1786 Gratis
2183 1747 2344 1799 accepi,

209 1821 342 1873 gratis
362 1822 644 1862 communico.
670 1820 808 1870 Quare
826 1832 915 1861 non
933 1820 1100 1871 vendis,
1121 1819 1281 1871 Rhene,
1297 1832 1454 1873 aquam
1472 1823 1611 1861 tuam?
1632 1819 1767 1860 Gratis
1785 1821 1943 1874 accepi,
1965 1822 2102 1874 gratis
2122 1822 2252 1864 fundo
2266 1823 2279 1845 ¹·
2299 1837 2340 1864 :n

210 1897 463 1950 respondeo,
485 1897 594 1938 nihil
619 1897 793 1948 obesse;
816 1898 916 1951 quia
948 1897 1250 1939 Bonaventura
1270 1896 1445 1938 Parisiis
1465 1897 1626 1949 degens
1658 1898 1844 1950 potuerit
1867 1898 2006 1939 dicere
2029 1912 2039 1940 :
2065 1913 2084 1938 α
2103 1899 2240 1949 Quare
2259 1911 2348 1941 non

210 1975 374 2026 vendiS,
397 1975 556 2026 Rhene,
578 1987 733 2029 aquam
744 1978 864 2017 tuam
880 1977 900 2015 ἵ)
915 1989 934 2013 »
953 1974 1127 2016 Rhenus
1147 1974 1264 2016 enim
1282 1974 1456 2028 quidem
1476 1977 1538 2015 est
1560 1973 1798 2016 Germaniae
1817 1976 1977 2017 fluvius
1995 1979 2088 2030 post
2106 1977 2348 2019 Danubium

211 2052 445 2104 maximus,
467 2052 540 2093 sed
559 2053 761 2106 antiquus
790 2051 958 2103 Galliae,
981 2064 1029 2093 ac
1049 2051 1287 2093 Germaniae
1307 2063 1332 2092 a
1352 2051 1540 2092 fontibus
1563 2052 1616 2093 ad
1643 2052 1748 2093 ostia
1776 2053 2001 2094 terminus.
2036 2053 2093 2094 De
2122 2054 2213 2107 ipso
2244 2066 2349 2107 ergo

209 2132 414 2183 tanquam
434 2129 612 2183 antiquo
633 2129 777 2171 Galliae
795 2129 978 2171 termino
1012 2130 1119 2171 bene
1150 2128 1288 2183 potuit
1308 2129 1612 2170 Bonaventura
1641 2129 1752 2170 inter
1785 2128 1923 2170 Gallos
1958 2130 2146 2171 existens
2177 2131 2346 2173 dicere:

217 2222 237 2244 «
256 2207 394 2257 Quare
412 2219 500 2248 non
522 2207 686 2258 vendiS,
710 2207 870 2259 Rhene,
890 2219 1046 2261 aquam
1066 2210 1188 2248 tuam
1201 2209 1220 2248 ἵ)
1237 2222 1256 2246 »
1279 2207 1398 2249 Addo
1417 2207 1529 2260 quod
1551 2207 1585 2247 si
1605 2209 1753 2248 auctor
1770 2206 1919 2249 fuisset
1939 2206 2187 2260 GermanUS,
2210 2210 2350 2263 potius

211 2297 452 2326 sermonem
478 2285 673 2327 vertisset
692 2286 744 2327 ad
764 2285 1032 2335 Danubium,
1053 2284 1172 2326 velut
1191 2284 1389 2326 omnium
1410 2284 1647 2326 Germaniae
1666 2285 1899 2327 fluviorum
1918 2286 2174 2327 maximum.

264 2365 303 2403 6.
328 2361 370 2403 Si
391 2361 547 2403 dixeris
566 2363 786 2404 modestIae
799 2395 809 2414 ,
833 2375 882 2403 ac
900 2363 1137 2416 prudentiae
1165 2363 1355 2404 Doctoris
1376 2363 1594 2417 Seraphici
1622 2375 1865 2417 repugnare
1882 2396 1893 2414 ‚
1920 2365 2034 2418 quod
2055 2364 2239 2408 habetur
2258 2378 2349 2408 ser-

210 2451 337 2481 mone
353 2451 445 2480 xxu
467 2454 476 2480 :
503 2454 524 2478 α
540 2439 663 2481 Modo
691 2440 901 2493 principes
919 2442 1018 2481 sunt
1037 2440 1138 2481 socii
1157 2441 1325 2490 furum,
1347 2443 1391 2481 et
1416 2440 1645 2482 consiliarii
1677 2441 1723 2482 in
1743 2452 1922 2482 munere
1956 2441 2183 2483 consulunt
2204 2457 2214 2493 ;
2236 2457 2255 2480 ι)
2280 2454 2347 2484 re-

211 2517 426 2570 posuerim
449 2528 532 2569 ego
550 2548 560 2567 ,
581 2517 625 2558 id
644 2528 734 2558 esse
754 2518 1030 2570 desumptum
1049 2529 1104 2557 ex
1123 2517 1254 2568 Isaia,
1278 2517 1353 2570 qui
1377 2517 1437 2558 ait
1459 2532 1468 2559 :
1494 2518 1716 2572 Principes
1737 2519 1802 2559 tui
1820 2518 2009 2570 infideles
2025 2550 2035 2569 ,
2056 2520 2161 2560 socii
2177 2521 2347 2572 furum,

212 2607 354 2636 omnes
374 2594 561 2648 de'liqunt
579 2607 762 2636 munera
778 2627 790 2646 ,
812 2600 1050 2648 sequantur
1068 2595 1365 2636 retributiones
1381 2595 1411 2635 ⁵.
1434 2594 1555 2644 Quod
1586 2597 1754 2645 autem,
1778 2607 1906 2637 serm.
1930 2608 1974 2647 v,
1998 2599 2124 2637 antea
2149 2596 2314 2638 dixerat
2336 2612 2344 2638 :

218 2687 237 2710 a
259 2672 462 2725 Princeps
480 2684 567 2714 non
585 2673 707 2714 debet
726 2672 955 2714 utilitatem
974 2684 1097 2713 suam
1117 2683 1311 2725 quaerere
1324 2703 1337 2722 ,
1360 2671 1433 2712 sed
1452 2670 1769 2725 reipublicae....
1790 2672 1904 2713 unde
1926 2672 2052 2714 hodie
2072 2685 2233 2726 magna
2251 2674 2349 2715 abo-

212 2748 390 2790 minatio
408 2752 472 2790 est
490 2750 535 2790 in
553 2749 638 2801 his,
662 2749 736 2802 qui
755 2751 947 2802 praesunt
968 2761 978 2790 z
999 2763 1019 2787 n
1044 2749 1234 2790 dandum
1266 2751 1330 2790 est
1347 2748 1640 2802 depravationi
1659 2749 1878 2803 temporis,
1898 2762 1984 2803 quo
2004 2754 2178 2794 sanctus
2198 2750 2347 2793 Doctor

211 2824 305 2865 haec
326 2825 593 2878 loquebatur.

265 2905 304 2944 7.
327 2902 546 2956 Numquid
565 2902 715 2943 saltem
735 2902 788 2943 ab
808 2902 1000 2955 ejusdem
1019 2903 1334 2945 Bonaventurae
1355 2902 1567 2955 gravitate
1599 2903 1788 2944 alienum
1807 2935 1816 2955 ,
1851 2903 1965 2957 quod
1996 2902 2199 2946 Sermone
2227 2904 2347 2957 vige-

209 2980 318 3021 simo
336 2981 463 3021 tertio
482 2992 530 3021 ac
549 2980 701 3021 ultimo
734 2980 785 3022 de
814 2981 936 3021 beato
968 2980 1192 3022 Francisco
1220 2981 1522 3034 pronuntiatur
1545 2994 1554 3022 :
1580 2995 1600 3019 «
1634 2980 1885 3022 Franciscus
1916 2981 2067 3022 habuit
2095 2981 2345 3035 sapientiam

209 3057 347 3098 asini?
365 3072 384 3095 »
411 3057 491 3099 Sed
510 3058 590 3099 hoc
610 3058 959 3112 perpendendum
978 3071 1066 3100 non
1085 3062 1289 3112 tanquam
1309 3071 1334 3100 a
1354 3058 1519 3112 reliquo
1541 3059 1664 3099 textu
1684 3057 1884 3099 avulsum
1899 3089 1909 3109 ‚
1933 3058 2006 3099 sed
2025 3058 2093 3109 iiS,
2125 3070 2223 3112 quae
2244 3070 2345 3099 con-

208 3134 328 3175 tinuo
347 3134 605 3186 subduntur,
625 3137 918 3188 conjunctum,
940 3136 1138 3189 quodque
1158 3136 1214 3177 ita
1235 3139 1486 3190 spectatum,
1510 3135 1726 3178 laudatam
1747 3135 2061 3178 Bonaventurae
2085 3135 2345 3187 gravitatem

208 3210 382 3252 minime
400 3211 584 3253 dedecet.
616 3212 687 3253 Sic
706 3213 821 3254 enim
841 3213 947 3254 asini
966 3213 1175 3266 sapientia
1194 3213 1253 3255 ibi
1273 3213 1528 3268 exponitur,
1551 3217 1594 3255 et
1613 3225 1714 3255 vere
1734 3212 1973 3264 obedienti,
2009 3215 2134 3265 atque
2153 3214 2342 3253 contem-

252 3359 262 3381 ¹
283 3360 408 3393 Enarr.
433 3362 469 3392 in
487 3361 579 3394 Psal.
600 3369 660 3394 vn.
681 3379 722 3386 —
745 3363 760 3383 ²
784 3362 858 3394 Lib.
888 3363 950 3402 ΙΙΙ,
979 3362 1056 3394 adv.
1077 3363 1215 3404 11aeres.,
1236 3364 1342 3396 verbo
1369 3363 1576 3405 Baptismus,
1601 3363 1635 3396 in
1654 3364 1718 3396 sinc
1742 3363 1862 3396 haeres.
1887 3369 1935 3395 lx.
1957 3377 1997 3384 —
2020 3361 2034 3383 ⁸
2054 3361 2091 3393 ln
2111 3361 2234 3393 Psalm.
2260 3369 2291 3401 ν,
2313 3363 2342 3393 5.

208 3406 345 3439 Postilla
362 3408 398 3439 in
425 3408 578 3440 Psalmos
597 3409 778 3441 Alexandri
801 3410 843 3441 de
868 3409 945 3441 Ales
979 3409 1100 3443 citatur
1123 3419 1143 3441 a
1169 3411 1283 3444 Barth.
1304 3411 1426 3444 Pisano
1455 3412 1495 3444 Ο.
1522 3412 1568 3445 Μ.
1598 3411 1632 3444 in
1659 3412 1771 3453 Opere
1791 3409 1831 3442 de
1855 3409 1931 3442 Vita
1949 3410 1981 3441 et
2000 3407 2139 3442 Laudib.
2163 3409 2202 3442 B.
2221 3409 2268 3441 M.
2295 3408 2345 3446 V„

211 3452 267 3486 lib.
290 3454 316 3495 l,
334 3454 432 3488 fruct.
454 3463 502 3497 ix,
522 3465 600 3497 pag.
624 3457 695 3489 152.
717 3473 756 3481 —
777 3458 786 3476 ⁴
807 3458 917 3490 serm.
939 3464 976 3489 11.
999 3473 1038 3482 -
1057 3458 1071 3481 ⁸
1088 3457 1170 3498 lsa„
1194 3466 1218 3499 1,
1239 3460 1290 3491 23.
