2633 3878
1097 222 1340 267 PSALMUS
1370 227 1541 269 CXVIII.

257 325 274 346 «
293 314 390 348 Pene
419 312 529 349 effusi
555 315 644 349 sunt
671 323 826 359 gressus
845 313 922 348 mei
945 324 952 349 :
976 326 993 347 »
1019 323 1108 350 ecce
1128 323 1282 360 gressus

252 373 384 421 effusi,
407 374 449 412 id
462 378 531 419 est,
553 376 662 412 actus
682 375 832 421 dissuti,
855 385 923 412 seu
945 374 1136 412 dissoluti.

568 479 755 515 Avi-ticulus
780 479 964 516 secundus.

298 563 522 601 Secundum
554 563 794 610 assignatur,
826 573 915 599 cum
943 563 1132 600 additur:
1157 566 1282 610 Dz'riqe

248 625 437 662 secundum
470 627 648 671 eloquium
686 628 798 661 tuum.
836 624 940 662 Istud
980 625 1185 673 eloquium
1226 629 1282 663 est

248 687 427 724 divinum
475 687 684 735 imperium
708 716 719 734 ,
765 689 990 724 nostrorum
1028 690 1187 724 actuum
1220 688 1280 725 di-

246 750 449 786 rectivum.
501 752 615 786 Actus
653 748 758 786 enim
804 749 987 786 humanre
1037 750 1278 797 voluntatis,

247 811 390 848 divinis
426 811 656 858 regulantur
705 811 925 857 mandatis,
975 812 1088 859 quasi
1131 813 1280 860 regulis

245 874 450 922 aequitatis.
481 877 524 911 Et
543 877 661 919 nota,
681 875 793 922 quod
818 875 1007 911 Dominus
1029 875 1160 923 dirigit
1196 887 1281 913 cur-

244 937 402 974 vitatem
438 936 496 973 vis
540 936 806 983 rationabilis,
850 936 1081 982 irascibilis,
1115 941 1151 974 et
1185 949 1279 975 con-

245 998 511 1046 cupiscibilis,
550 1000 743 1046 quantum
784 998 835 1035 ad
872 999 1103 1046 insipientiae
1141 1001 1279 1048 proni-

244 1063 376 1106 tatem,
397 1060 661 1108 impatientiae,
697 1063 733 1097 et
764 1061 1036 1098 immunditiae.
1069 1064 1118 1099 De
1150 1063 1279 1110 primo

243 1122 437 1170 Propheta
456 1122 548 1159 dicit
569 1125 578 1146 ¹
603 1135 610 1159 :
636 1136 653 1157 α
675 1122 802 1169 Dirige
822 1133 885 1159 me
907 1123 947 1159 in
966 1124 1127 1161 veritate
1148 1127 1229 1170 tua,
1245 1128 1282 1162 et

244 1185 343 1223 doce
380 1195 444 1222 me
478 1197 486 1221 :
521 1198 539 1219 »
576 1195 665 1222 ecce
705 1184 960 1222 directionem
999 1189 1190 1234 quantum
1229 1188 1280 1224 ad

242 1247 489 1284 rationabilis
516 1248 762 1295 curvitatem,
792 1251 827 1285 et
856 1248 1089 1295 insipientiae
1107 1250 1280 1297 pronita-

242 1311 335 1347 tem.
366 1311 418 1347 De
451 1310 625 1347 secundo
659 1321 730 1359 per
759 1311 1004 1348 psalmistam
1038 1314 1214 1349 cantatur
1233 1313 1277 1349 ²:

247 1384 264 1406 «
285 1371 425 1419 Diriget
444 1374 689 1419 mansuetos,
720 1387 737 1408 υ
771 1373 811 1409 id
840 1375 916 1418 est,
938 1373 1146 1420 dirigendo
1166 1374 1280 1412 faciet

245 1436 483 1481 mansuetos,
492 1435 718 1482 «injudicio
733 1448 767 1472 z»
783 1445 870 1472 ecce
880 1435 1138 1473 directionem
1149 1448 1277 1485 quan-

244 1499 326 1534 tum
357 1497 409 1534 ad
440 1497 646 1534 irascibilis
678 1498 930 1542 curvitatem,
963 1501 999 1534 et
1026 1498 1279 1546 impatientiae

242 1559 491 1606 pronitatem.
515 1561 566 1596 De
588 1559 698 1596 tertio
726 1559 1058 1608 psalmographus
1078 1562 1213 1599 scribit
1232 1564 1245 1585 3
1267 1575 1275 1599 :

246 1634 264 1655 «
304 1620 450 1667 Diriges
483 1621 656 1667 justum,
696 1623 873 1658 scrutans
909 1622 1031 1659 corda
1065 1626 1101 1659 et
1138 1635 1276 1671 renes,

242 1684 367 1720 Deus:
390 1697 408 1717 ι)
441 1693 528 1720 ecce
555 1683 810 1720 directionem
837 1687 1029 1731 quantum
1050 1685 1101 1721 ad
1133 1696 1278 1723 concu-

239 1745 429 1793 piscibilis
476 1746 734 1791 curvitatem,
770 1749 807 1782 et
842 1746 1103 1784 immunditiae
1140 1749 1276 1795 proni-

240 1809 370 1844 tatem.

580 1856 766 1892 Articulus
794 1858 939 1893 tertius.

284 1934 452 1970 Tertium
492 1933 745 1980 designatur,
787 1944 876 1970 cum
910 1934 1082 1971 dicitur.-
1121 1937 1168 1971 Εὐ
1204 1947 1274 1972 ozon

237 1997 441 2033 dominetur
457 1998 540 2033 mei.
562 1999 657 2033 Ecce
673 1996 896 2034 dominium
912 1996 1121 2043 nefarium,
1144 1997 1273 2034 domi-

236 2058 347 2095 nium
367 2058 644 2105 temerarium,
667 2070 748 2106 quo
778 2062 988 2096 tentatores
1017 2059 1273 2098 dominantur

235 2121 407 2166 tentatis,
437 2120 536 2157 sicut
563 2122 812 2168 superatores
842 2122 1048 2169 superatis.
1080 2123 1123 2159 Et
1162 2126 1271 2168 nota,

235 2182 344 2230 quod
372 2182 590 2229 figuraliter
619 2183 763 2230 legitur
799 2184 840 2220 in
879 2184 1076 2232 Scriptura
1113 2185 1271 2232 spiritus

233 2245 445 2293 voluptatis
460 2245 654 2282 dominari
670 2245 846 2283 delicatis
856 2259 866 2292 3
889 2246 1127 2294 cupiditatis,
1144 2247 1271 2284 domi-

231 2307 318 2344 nari
347 2307 525 2354 cupidis3
558 2307 769 2352 vanitatis,
804 2307 1002 2345 dominari
1034 2309 1157 2346 elatis,
1189 2311 1269 2347 Pri·

231 2380 342 2406 mum
360 2369 572 2416 figuratur,
593 2369 664 2405 ubi
684 2369 865 2406 scribitur
887 2371 900 2392 '⁴
929 2382 936 2407 :
971 2384 989 2404 «
1011 2373 1064 2407 Eo
1089 2373 1268 2419 tempore

232 2430 542 2467 dominabantur
579 2430 808 2467 Philisthiim
846 2431 1007 2477 Israeli,
1047 2446 1065 2466 »
1104 2432 1146 2469 id
1185 2436 1264 2480 est,

232 2492 389 2540 spiritus
419 2492 629 2540 voluptatis
659 2493 810 2540 populo
843 2493 1005 2530 carnali.
1032 2494 1130 2539 Quid
1160 2495 1265 2532 enim

230 2566 301 2603 per
337 2554 590 2599 Philisthiim,
632 2554 674 2591 id
721 2558 799 2601 est,
837 2555 1000 2603 potione
1057 2556 1263 2605 cadentes,

2309 234 2387 275 489

1356 327 1478 364 quam
1498 317 1786 354 contaminatur
1813 319 2012 356 malorum
2042 321 2291 359 conscientia.
2313 323 2388 360 Sed

1355 379 1590 426 notandum,
1612 380 1724 428 quod
1739 380 1926 427 injustitia
1939 382 2117 420 nominat
2134 383 2175 419 in
2192 384 2388 432 Scriptura

1356 442 1600 489 quandoque
1627 442 1777 489 peccati
1802 445 1957 488 actum,
1984 445 2133 491 peccati
2162 447 2386 494 maculam,

1356 503 1502 550 peccati
1527 506 1679 540 reatum
1705 516 1713 540 z
1743 515 1914 551 quorum
1946 505 2118 552 primum
2145 511 2250 554 patet
2280 512 2385 546 exte-

1354 565 1447 607 rius,
1485 566 1704 603 secundum
1741 566 1832 603 latet
1866 567 2040 613 interius,
2079 569 2235 606 tertium
2271 572 2387 608 trahit

1354 627 1527 665 inferius.
1563 632 1613 666 De
1647 630 1777 678 primo
1801 631 1843 666 ⁷:
1878 643 1896 664 «
1927 632 2107 677 Regnum
2139 643 2163 668 a
2197 637 2310 680 gente
2344 635 2385 673 in

1355 692 1512 737 gentem
1531 692 1757 729 transfertur
1786 696 1949 742 propter
1974 693 2200 741 injustitias,
2228 698 2265 733 et
2283 697 2383 745 inJu·

1352 753 1450 799 rias,
1472 755 1509 790 et
1538 755 1818 801 contumelias,
1838 758 1875 792 et
1895 755 2072 793 diversos
2091 756 2233 795 dolos:
2255 771 2272 791 »
2296 769 2385 797 ecce

1353 815 1548 862 injustitiae
1586 818 1693 852 actus
1722 820 1861 864 patens
1899 817 2080 854 exterius.
2119 820 2169 856 De
2208 821 2384 858 secundo

1353 878 1534 915 scribitur
1553 879 1567 901 Β
1596 892 1606 914 .·
1644 893 1661 913 (ι
1696 879 1887 916 Delictum
1919 890 2052 916 meum
2086 882 2286 928 cognitum
2313 883 2385 921 tibi

1352 940 1439 986 feci,
1466 942 1502 977 et
1517 940 1746 987 injustitiam
1765 951 1897 978 meam
1915 952 1998 978 non
2017 942 2208 980 abscondi
2229 957 2238 981 z
2255 958 2272 979 n
2296 957 2385 984 ecce

1353 1002 1547 1048 injustitiae
1579 1003 1735 1040 macula
1759 1003 1883 1040 latens
1914 1003 2087 1040 interius.
2121 1007 2171 1042 De
2202 1007 2314 1044 tertio
2341 1011 2382 1044 ⁹:

1357 1077 1374 1098 «
1395 1064 1544 1101 Justitia
1576 1068 1768 1112 perpetua
1794 1068 1850 1102 est
1871 1067 1908 1102 et
1929 1065 2163 1104 immortalis
2177 1080 2187 1114 3
2215 1082 2233 1102 »
2261 1069 2383 1116 injus-

1352 1125 1435 1162 titia
1465 1128 1597 1163 autem
1624 1126 1762 1164 mortis
1795 1127 2002 1175 acquisitio
2031 1141 2039 1165 :
2075 1139 2162 1166 ecce
2192 1130 2386 1177 injustitiae

1352 1191 1482 1225 reatus
1502 1188 1658 1226 trahens
1676 1189 1851 1226 inferius.

1783 1299 1954 1340 Epilogus.

1399 1378 1458 1415 Ait
1478 1389 1571 1426 ergo
1601 1380 1826 1425 psalmista,
1853 1383 2042 1430 tanquam
2073 1393 2244 1430 persona
2259 1386 2383 1433 justa,

1353 1440 1539 1489 divinitus
1569 1442 1610 1478 in
1646 1443 1710 1479 via
1745 1443 1903 1490 Justitiae
1939 1444 2148 1492 dirigenda
2185 1459 2193 1484 ε
2238 1448 2385 1486 Gressus

1351 1513 1456 1548 meos,
1479 1507 1671 1551 quantum
1690 1505 1742 1542 ad
1769 1506 1963 1544 actionem
1988 1508 2275 1556 voluntarlam,
2297 1522 2385 1558 per-

1350 1565 1538 1603 tinentem
1563 1567 1615 1604 ad
1640 1578 1763 1615 opera
1788 1568 2007 1614 viatorum3
2036 1573 2162 1617 Dz'rz'qe
2191 1574 2383 1610 secundum

1351 1626 1530 1672 eloquium
1550 1630 1669 1672 taum,
1691 1630 1883 1674 quantum
1903 1629 1955 1666 ad
1975 1629 2232 1668 directionem
2253 1643 2385 1672 neces-

1350 1687 1514 1734 sariam,
1543 1689 1769 1727 attinentem
1789 1690 1841 1728 ad
1863 1701 1983 1728 onera
2011 1693 2316 1742 mandatorum
2337 1697 2383 1732 Ec

1349 1760 1420 1787 non
1444 1751 1647 1788 dominetur
1667 1754 1761 1798 mei,
1788 1755 1980 1801 quantum
1999 1754 2050 1791 ad
2071 1755 2384 1795 dominationem

1348 1812 1566 1860 nefariam,
1600 1816 1842 1860 spectantem
1873 1815 1926 1852 ad
1962 1816 2228 1854 sufferentiam
2260 1821 2382 1857 tenta-

1348 1878 1508 1922 torum3·
1523 1876 1646 1913 Omnis
1667 1878 1873 1924 injustitia,
1899 1881 2094 1926 quantum
2119 1880 2171 1916 ad
2192 1882 2382 1919 contami-

1348 1937 1550 1975 nationem
1563 1939 1836 1986 multifariam,
1854 1942 2128 1990 respicientem
2144 1943 2383 1984 differentias

1346 2002 1612 2047 peccatorum.

1721 2105 1944 2135 VERSICULUS
1968 2108 2018 2135 vi.

1398 2190 1476 2225 134.
1507 2190 1651 2227 Redime
1682 2202 1737 2228 me
1776 2203 1798 2228 α
1839 2194 2031 2231 calumniis
2064 2196 2270 2243 hominum,
2306 2199 2377 2234 etc.

1345 2251 1448 2288 Sicut
1466 2263 1537 2299 per
1556 2253 1792 2301 sapientiam
1812 2255 1878 2292 Dei
1907 2256 2131 2304 diriguntur
2146 2258 2259 2305 justi,
2279 2260 2381 2296 testi-

1343 2313 1484 2351 ficante
1516 2326 1632 2352 versu
1665 2316 1918 2364 praecedenti,
1953 2318 2007 2355 sic
2041 2330 2112 2367 per
2145 2320 2274 2368 ipsam
2308 2321 2381 2358 eri-

1342 2377 1487 2421 guntur
1518 2376 1616 2423 elisi,
1654 2380 1747 2415 teste
1784 2380 1988 2427 praesenti,
2023 2382 2087 2418 vel
2122 2382 2238 2419 etiam
2272 2383 2378 2420 redi-

1340 2439 1501 2474 muntur
1531 2439 1694 2482 venditi,
1724 2441 1835 2488 quod
1862 2441 1926 2479 hic
1958 2442 2148 2491 accipitur
2166 2455 2240 2492 pro
2261 2444 2377 2481 indif-

1339 2497 1477 2536 ferenti
1499 2512 1507 2537 :
1530 2501 1710 2549 quisquis
1731 2502 1836 2540 enim
1857 2504 2064 2541 calumniis
2083 2505 2254 2553 eliditur,
2276 2507 2373 2546 dum

1339 2561 1519 2608 eliditur,
1552 2562 1836 2611 vilipenditur3
1868 2565 1964 2603 dum
1994 2566 2269 2616 vilipenditur,
2296 2581 2370 2618 pro

227 2617 338 2655 aliud
372 2617 575 2662 senserim,
611 2627 733 2665 quam
769 2617 926 2665 spiritus
960 2618 1175 2666 voluptatis
1213 2621 1262 2658 de

225 2682 386 2727 peccato
416 2679 517 2727 gulae
544 2679 585 2716 in
613 2681 822 2727 peccatum
848 2679 1014 2717 luxuriae
1050 2681 1259 2728 cadentes,

223 2742 287 2778 vel
318 2742 460 2779 cadere
491 2742 707 2779 facientes?
736 2741 958 2779 Secundum
985 2745 1170 2790 notatur,
1190 2746 1260 2782 ubi

1337 2623 1405 2659 vili
1430 2624 1627 2662 venditur.
1662 2626 1765 2671 Quid
1796 2627 1900 2664 enim
1931 2631 1987 2665 est
2009 2629 2273 2679 vilipendere,
2295 2634 2370 2672 nisi
2402 2648 2531 2682 vulpen-

1336 2696 1408 2733 pro
1428 2686 1497 2722 vili
1511 2687 1682 2725 vendere
1694 2690 1712 2725 ἰ)
1729 2689 1804 2726 Sed
1823 2689 1922 2727 dum
1936 2691 2134 2730 calumnia
2149 2694 2368 2744 perimitur,
2389 2686 2536 2757 ἀνῖἰίζίθζῗῑ

1336 2750 1372 2785 et
1405 2748 1522 2785 elisus
1545 2750 1707 2797 erigitur
1727 2754 1764 2788 et
1782 2752 1964 2790 venditus
1983 2754 2188 2793 redimitur
2202 2786 2213 2803 ,
2239 2757 2368 2796 fatuus
2394 2768 2442 2798 do.

222 2804 387 2841 traditur
404 2805 418 2827 ⁵
440 2818 448 2840 :
483 2817 500 2839 «
526 2804 798 2841 Dominabitur
823 2805 1096 2843 thesaurorum
1117 2807 1203 2845 auri
1224 2811 1261 2845 et

221 2868 373 2915 argenti
398 2880 406 2905 :
432 2882 449 2903 »
485 2868 598 2916 quod
625 2868 674 2905 de
703 2868 840 2916 spiritu
879 2869 1104 2917 cupiditatis
1131 2874 1260 2918 potest

220 2929 398 2978 intelligi.
438 2930 608 2967 Tertium
640 2931 874 2978 assignatur,
908 2931 978 2968 ubi
1019 2931 1162 2970 dicitur
1193 2936 1207 2957 Β
1247 2948 1255 2972 :

225 3007 242 3027 «
277 2995 399 3040 Reges
433 2993 597 3041 posuisti
637 3004 756 3042 super
791 3004 864 3030 nos
898 2996 1060 3042 propter
1096 3000 1257 3043 peccata

218 3059 365 3102 nostra,
401 3059 438 3093 et
470 3056 705 3104 corporibus
736 3056 880 3093 nostris
918 3056 1199 3096 dominantur:
1232 3074 1250 3095 »

219 3117 329 3165 quod
349 3118 398 3155 de
418 3117 619 3166 spiritibus
635 3118 816 3156 vanitatis
831 3128 913 3155 non
933 3118 1253 3160 inconvenienter

217 3179 420 3228 accipitur.

544 3229 731 3265 Articulus
757 3232 919 3274 quartus.

261 3306 449 3350 Quartum
470 3305 722 3354 consignatur
736 3334 748 3352 ,
779 3315 869 3342 cum
890 3304 1072 3352 adjicitur
1093 3319 1104 3342 .-
1128 3307 1248 3345 Omnis

214 3367 422 3415 injustiam
459 3369 536 3406 hoc
568 3371 647 3416 est,
685 3368 871 3417 iniquitas
907 3367 1142 3415 omnifaria,
1177 3381 1249 3419 per

259 3451 266 3468 ¹
288 3450 378 3482 Psal.
402 3459 495 3492 xxiv,
517 3454 548 3484 5.
568 3471 609 3476 —
633 3454 647 3475 Β
669 3452 767 3493 ibid„
787 3455 816 3485 9.
841 3470 876 3476 —-
897 3452 910 3474 ³
930 3451 1018 3483 Psal.
1044 3459 1111 3491 xii,
1135 3455 1182 3486 10.
1207 3473 1247 3480 -

218 3495 365 3536 wadia,
392 3506 464 3540 xiv,
487 3501 517 3532 4.
538 3517 578 3524 —
602 3501 616 3523 ⁵
640 3501 741 3539 Dan„
762 3508 816 3542 xr,
843 3501 896 3532 43.
917 3516 955 3523 —
978 3499 991 3521 ⁶
1012 3499 1037 3531 ll
1059 3499 1173 3541 Esdr„
1195 3510 1245 3544 ix,

1334 2814 1528 2848 mercator
1548 2814 1604 2849 est
1624 2812 1899 2861 calumniator,
1933 2816 2003 2864 qui
2035 2828 2168 2855 carum
2189 2830 2262 2867 pro
2298 2821 2367 2858 vili

1331 2874 1488 2920 vendit,
1510 2885 1599 2912 cum
1624 2877 1704 2913 Deo
1725 2877 1888 2915 charum
1914 2879 2118 2917 hominem
2142 2881 2363 2930 vilipendit.

1331 2938 1492 2984 Propter
1509 2937 1727 2986 elisionem,
1744 2950 1813 2977 seu
1833 2941 2102 2979 venditionem
2118 2943 2362 2994 hujusmodi,

1330 2999 1429 3035 solet
1464 2999 1744 3038 mandatorum
1780 3004 1960 3041 custodia
1991 3006 2214 3053 praepediri.
2254 3008 2362 3047 Unde

1329 3061 1541 3109 Propheta,
1574 3065 1765 3112 tanquam
1796 3076 1968 3113 persona
1999 3068 2055 3105 sic
2085 3069 2267 3116 vendita,
2298 3072 2362 3109 vel

1328 3123 1436 3170 elisa,
1464 3125 1560 3172 petit
1593 3136 1633 3163 se
1660 3126 1804 3164 redimi
1836 3139 1860 3165 a
1894 3130 2188 3168 venditionibus
2215 3131 2360 3170 talibus

1325 3184 1465 3222 talium
1489 3187 1763 3234 venditorum,
1790 3193 1952 3238 propter
1982 3191 2201 3229 custodiam
2229 3204 2361 3232 mora—

1325 3246 1424 3284 lium
1463 3249 1756 3287 mandatorum.
1789 3253 1998 3289 Possumus
2027 3253 2160 3301 itaque
2189 3258 2360 3302 quatuor

1323 3308 1388 3346 hic
1417 3321 1598 3358 pensare,
1625 3311 1808 3350 videlicet
1826 3314 2061 3352 venditionis
2083 3316 2246 3354 moralis
2270 3329 2360 3356 cau-

1323 3381 1407 3409 sam
1424 3373 1751 3421 quadruplicem:
1772 3376 1918 3413 scilicet
1934 3377 2192 3426 materialem,
2207 3379 2358 3419 forma-

1322 3457 1374 3487 37.
1398 3472 1438 3479 —-
1468 3457 1477 3473 ⁷
1502 3456 1621 3498 Eccli„
1652 3466 1696 3497 x,
1719 3459 1749 3490 8.
1770 3477 1811 3482 —
1835 3460 1846 3479 ⁸
1873 3460 1960 3493 Psal.
1983 3469 2088 3503 xxxi,
2113 3464 2145 3495 5.
2165 3481 2205 3488 ——
2228 3466 2240 3483 ⁹
2261 3465 2355 3508 Sap„

1322 3513 1347 3544 1,
1369 3506 1417 3536 15.
