2633 3878
895 175 951 217 IN
979 171 1359 216 HEXAEMERON.
1390 171 1566 215 SERMo
1595 172 1663 214 xi.
2301 185 2347 224 81

207 269 254 310 in
286 270 502 320 montem3
525 282 544 307 »
570 270 611 309 et
639 279 715 321 per
744 264 966 308 duodecim
998 264 1144 316 signa,
1168 275 1244 316 per

208 353 305 395 quae
326 341 460 382 currit
476 340 539 382 sol
557 338 852 381 intellectualis
874 338 919 378 in
937 335 1244 390 hemisphaerio

208 416 364 455 nostrae
385 411 702 465 intelligentiae,
719 413 761 452 et
780 409 877 450 facit
893 409 1003 460 dies,
1021 410 1062 449 et
1081 419 1244 448 annum

208 485 333 536 fidei;
354 488 395 526 et
415 497 489 538 per
514 482 773 525 «duodecim
802 485 946 535 portas
977 493 1031 521 ex
1059 479 1244 532 singulis

209 556 453 609 margaritis
471 588 482 607 ,
516 570 536 593 »
562 553 862 606 intelliguntur
893 551 1117 593 duodecim
1149 563 1246 604 spe-

209 628 438 670 culationes
464 626 741 680 principales,
773 626 826 667 ad
858 636 967 679 quas
996 624 1090 665 aliae
1116 623 1246 664 redu-

209 703 376 750 cuntur,
399 703 440 741 et
459 699 695 740 secundum
717 710 824 752 quas
843 697 938 738 aliae
968 696 1242 749 regulantur,

208 775 248 814 et
267 771 532 824 diriguntur.
554 771 606 812 Et
634 770 718 811 illae
751 772 852 811 sunt
877 769 1056 822 fulgidae
1073 800 1085 819 ,
1107 767 1246 808 vivifi·

207 856 267 886 cae
282 876 295 896 ,
317 843 536 897 jucundae.
559 843 705 885 Prima
727 846 837 894 erat,
872 841 1083 896 speculari
1110 840 1245 881 Deum

207 928 297 957 esse
318 916 534 969 primum;
557 915 743 957 secunda
757 947 767 965 ,
787 914 922 955 Deum
943 925 1034 954 esse
1053 912 1219 953 trinum
1233 943 1245 962 ,

207 990 247 1028 et.
258 1000 410 1028 unum.
435 987 551 1028 Circa
570 987 647 1028 has
667 987 903 1040 procedunt
923 985 1066 1027 Sancti
1086 987 1128 1025 et
1149 984 1248 1025 Doc-

206 1060 318 1099 tores
351 1071 361 1099 :
385 1059 459 1100 sed
489 1058 630 1100 Sancti
659 1071 735 1112 per
767 1059 885 1099 viam
912 1056 1217 1111 speculationis
1235 1088 1244 1106 ,

208 1129 402 1172 Doctores
433 1143 509 1184 per
540 1131 658 1172 viam
693 1129 1051 1182 investigationis.
1081 1128 1247 1169 Dictum

207 1205 270 1244 est
285 1215 391 1256 ergo
409 1203 460 1244 de
474 1203 613 1256 primo
629 1202 816 1256 speculo,
833 1201 989 1242 scilicet
1010 1200 1124 1254 quod
1146 1201 1248 1242 Esse

207 1277 271 1316 est
290 1287 447 1316 nomen
465 1275 538 1316 Dei
560 1274 954 1316 manifestissimum
971 1305 980 1323 ‚
1014 1276 1055 1314 et
1085 1273 1248 1326 perfec-

207 1346 420 1387 tissimum
439 1360 449 1387 :
474 1346 575 1399 quia
594 1346 760 1397 onmia,
786 1357 883 1399 quae
904 1347 1003 1385 sunt
1022 1343 1122 1395 Dei,
1138 1356 1249 1385 com-

207 1419 533 1473 prehenduntur
553 1419 599 1459 in
618 1418 700 1459 11οο
720 1418 893 1458 nomine
909 1418 920 1439 ¹
945 1432 953 1458 :
981 1432 1001 1456 (‹
1023 1417 1113 1469 Ego
1135 1429 1245 1467 sum,

208 1492 282 1546 qui
302 1505 412 1533 sum.
439 1506 458 1530 1)
481 1491 568 1532 Hoc
587 1503 744 1531 nomen
762 1490 834 1531 Dei
864 1493 925 1530 est
948 1489 1117 1543 proprie
1147 1501 1248 1541 pro-

207 1564 381 1617 prium,
412 1564 463 1604 de
497 1575 583 1616 quo
616 1562 777 1603 dictum
810 1564 902 1611 est,
936 1561 1142 1614 quoniam
1180 1573 1249 1601 res

207 1647 356 1677 omnes
372 1636 680 1688 repraesentant
708 1633 850 1686 ipsum
879 1645 954 1686 per
976 1632 1093 1673 viam
1117 1633 1250 1685 origi-

173 1754 175 1756 ,
206 1708 288 1749 nis.
312 1707 400 1749 Hoc
432 1707 653 1761 speculum
685 1704 955 1759 componitur
973 1717 1027 1745 ex
1052 1705 1250 1745 omnibus

206 1779 430 1830 creaturis,
454 1782 500 1820 ut
524 1779 675 1832 patuit.
697 1777 786 1819 Hoc
815 1789 996 1828 nomen,
1023 1776 1070 1816 in
1105 1776 1250 1817 anima

205 1852 432 1905 scriptum,
455 1851 636 1892 illustrat
656 1862 751 1891 eam
776 1864 785 1890 ι
807 1849 1080 1902 Augustinus
1104 1853 1118 1874 ²
1135 1849 1248 1890 enirn

206 1924 266 1966 sic
295 1924 494 1978 explanat
518 1939 526 1966 ε
563 1939 582 1963 c<
603 1923 686 1966 Nos
725 1925 869 1964 autem
893 1922 906 1943 ³
926 1922 1110 1964 revelata
1145 1921 1250 1962 facie

208 1996 393 2049 gloriam
411 1996 581 2037 Domini
596 1994 861 2049 speculantes
874 2026 884 2046 ,
907 2010 926 2032 »
950 2006 1038 2034 non
1054 2007 1080 2034 a
1097 2006 1248 2047 prope,

207 2067 281 2109 sed
312 2068 363 2109 de
393 2068 545 2120 longe,
579 2067 736 2108 scilicet
765 2079 791 2107 a
820 2065 990 2119 speculo
1024 2080 1033 2105 ε
1064 2064 1136 2106 sed
1170 2065 1251 2106 hoc

208 2139 431 2194 speculum
465 2142 527 2181 est
564 2151 663 2180 cum
697 2138 930 2191 aenigmate
959 2136 1124 2187 adhuc,
1150 2137 1250 2190 quia

209 2211 245 2251 si
280 2212 496 2253 videretur
531 2211 622 2251 sine
664 2210 895 2263 aenigmate
920 2241 933 2260 ,
967 2211 1076 2249 esset
1119 2208 1250 2250 homo

210 2284 373 2326 beatus.
406 2283 494 2326 Hoc
521 2283 741 2338 speculum
769 2283 926 2324 format
944 2281 1245 2334 Augustinus,

186 2409 192 2413 -
210 2357 285 2410 qui
303 2356 452 2398 volens
473 2356 693 2398 ostendere
713 2354 920 2396 unitatem
941 2355 984 2394 et
1014 2353 1249 2394 trinitatem

214 2428 306 2478 Dei,
336 2428 436 2469 dicit
465 2427 584 2468 sici:
615 2442 634 2466 «
665 2426 812 2480 Neque
845 2425 963 2467 enim
999 2425 1250 2467 divinorum

213 2500 422 2541 librorum
457 2499 685 2541 auctoritas
716 2496 1015 2538 tantummodo
1048 2497 1253 2555 praed-icat

214 2584 304 2613 esse
325 2571 458 2613 Deum
478 2583 658 2621 verum;
681 2569 754 2611 sed
774 2569 914 2610 omnis
928 2600 939 2619 ,
958 2580 1055 2622 quae
1076 2581 1154 2610 nos
1174 2569 1252 2609 cir-

214 2645 395 2684 cumstat
412 2675 423 2695 ,
456 2642 509 2684 ad
540 2654 671 2695 quam
697 2653 775 2682 nos
800 2640 930 2681 etiam
958 2639 1250 2693 pertinemus,

214 2715 416 2757 universa
434 2726 582 2756 rerum
606 2716 762 2754 natura
784 2711 1019 2766 proclamat
1046 2724 1090 2752 se
1120 2712 1251 2753 habe-

215 2799 261 2828 re
286 2786 689 2841 praestantIssimum
717 2784 1007 2834 conditorem,
1030 2783 1105 2837 qui
1131 2784 1253 2825 nobis

216 2862 404 2901 mentem
435 2859 730 2911 rationemque
765 2856 907 2907 dedit,
942 2868 1027 2910 qua
1062 2855 1255 2898 viventia

216 2944 305 2974 non
322 2931 590 2982 viventibus,
608 2942 736 2971 sensu
755 2929 934 2982 praedita
963 2940 1051 2969 non
1070 2928 1252 2970 sentien-

216 3003 330 3045 tibus
344 3036 355 3055 ,
376 3003 658 3055 intelligentia
677 3013 766 3043 non
786 2999 1148 3052 intelligentibus,
1170 3000 1252 3040 im-

216 3075 412 3117 mortalia
431 3074 681 3116 mortalibus
693 3106 703 3125 ,
726 3071 1032 3126 impotentibus
1051 3071 1252 3124 potentia,

214 3146 384 3200 injustis
410 3147 527 3200 justa
548 3178 559 3196 ,
593 3144 780 3199 speciosa
809 3142 1072 3184 deformibus
1097 3173 1111 3192 ,
1142 3142 1255 3184 bona

215 3218 362 3271 maiis,
385 3217 722 3272 incorruptibilia
743 3214 1107 3268 corruptibilibus,
1133 3214 1255 3255 beata

215 3291 384 3333 miseris
413 3290 676 3345 praeferenda
706 3289 946 3332 videamus.
968 3286 1020 3329 Et
1048 3298 1124 3340 per
1144 3286 1226 3328 hoc
1241 3319 1252 3338 ,

215 3364 419 3417 quoniam
440 3364 569 3405 rebus
585 3362 739 3404 creatis
760 3361 1000 3403 Creatorem
1023 3360 1113 3400 sine
1133 3359 1257 3401 dubi-

215 3437 372 3478 tatione
406 3436 696 3491 praeponimus
715 3467 728 3487 ,
761 3435 929 3488 oportet
966 3434 1015 3473 ut
1048 3444 1177 3483 eum,
1215 3434 1256 3472 et

260 3520 271 3542 ¹
296 3519 420 3561 Exod„
445 3528 504 3561 111,
536 3521 586 3552 14.
613 3536 652 3544 —
683 3520 694 3538 2
723 3521 824 3560 Aug,
849 3516 888 3549 de
920 3516 1053 3557 Trina„
1086 3515 1144 3548 lib.
1179 3516 1254 3556 XV,

377 3596 462 3626 'rom
489 3595 545 3626 ix.

1321 274 1489 304 summe
1509 262 1678 312 vivere,
1701 264 1742 303 et
1763 265 1913 304 cuncta
1941 265 2094 307 sentire
2108 297 2118 317 ‚
2140 270 2268 322 atque
2288 271 2354 312 in-

1321 332 1515 386 telligere
1536 365 1546 385 ,
1580 336 1621 375 et
1652 334 1761 375 mori
1792 337 1834 375 et
1864 338 2079 391 corrumpi
2113 341 2359 395 mutarique

1321 417 1409 446 non
1441 417 1584 458 posse,
1612 418 1689 446 nec
1722 418 1876 460 corpus
1906 419 1996 449 esse
2016 442 2026 461 ,
2060 411 2131 452 sed
2161 412 2358 466 spiritum

1323 477 1807 531 omnipotentissimum,
1829 479 2207 535 speciosissimum,
2231 489 2271 526 et
2290 498 2360 540 op-

1293 593 1298 598 ·
1321 549 1501 601 timum,
1523 550 1884 604 verissimumque
1905 552 2127 595 fateamur.
2154 569 2172 592 n
2196 556 2359 599 Duode-

1323 621 1406 661 cim
1426 623 1545 675 ponit
1575 623 1838 664 conditiones
1862 638 1869 664 z
1900 639 1919 662 «
1937 626 2149 677 aeternus,
2177 627 2356 669 immor-

1322 692 1416 733 talis
1437 725 1447 744 ,
1476 693 1813 748 incorruptibilis
1831 727 1844 746 ,
1881 696 2186 748 immutabilis3
2217 715 2234 737 n
2267 712 2360 742 6006

1322 767 1507 817 quatuor
1538 780 1546 805 ε
1584 766 1685 807 item
1719 781 1738 805 «
1766 766 1894 808 vivus
1917 800 1926 818 ,
1961 768 2153 820 sapienS,
2186 772 2359 823 potens,

1323 836 1538 889 speciosus
1551 852 1560 888 ;
1582 852 1601 875 ›)
1628 840 1669 878 et
1689 850 1783 879 ecce
1804 841 1991 891 quatuor
2013 854 2021 879 ε
2047 839 2146 881 item
2170 843 2358 895 «justus,

1323 907 1483 960 honus,
1507 910 1677 961 beatus,
1698 913 1870 951 sanctus
1891 911 2082 964 spiritus;
2104 927 2123 950 ›)
2150 926 2243 955 ecce
2262 927 2363 968 qua-

1324 983 1435 1022 tuor.
1454 981 1511 1023 De
1526 982 1664 1035 primo
1680 982 1953 1035 quaternario
1974 984 2208 1037 accipiatur
2224 999 2361 1027 unum

1323 1065 1504 1104 nomen,
1528 1055 1685 1096 scilicet
1710 1070 1730 1093 «
1750 1057 1961 1107 aeternus,
1986 1071 2004 1093 »
2031 1057 2143 1110 quod
2177 1058 2258 1099 alia
2286 1059 2364 1100 tria

1325 1125 1647 1178 comprehendit
1670 1140 1678 1167 :
1702 1127 1802 1181 quia
1829 1128 1862 1167 si
1884 1130 1947 1168 est
1966 1130 2174 1180 aeternus,
2197 1141 2247 1171 eo
2275 1131 2363 1184 ipso

1325 1199 1387 1236 est
1416 1196 1670 1239 immortalis
1698 1214 1705 1239 ε
1741 1201 1782 1239 et
1813 1199 1848 1239 si
1880 1199 2159 1252 immortalis,
2191 1213 2240 1242 eo
2274 1202 2364 1255 ipso

1324 1267 1659 1322 incorruptibilis
1679 1285 1687 1310 :
1711 1273 1752 1311 et
1773 1270 1808 1311 si
1828 1270 2181 1324 incorruptibilis,
2205 1285 2254 1314 eo
2273 1273 2365 1326 ipso

1323 1339 1616 1381 immutabilis.
1653 1341 1709 1382 De
1738 1343 1923 1383 secundo
1956 1344 2228 1396 quaternario
2255 1345 2362 1385 acci-

1324 1411 1466 1464 piatur
1492 1428 1511 1451 <‹
1543 1412 1710 1466 sapiens
1734 1428 1742 1454 :
1773 1429 1792 1451 »
1818 1426 1925 1466 ergo
1957 1414 2083 1455 vivus
2109 1430 2116 1455 :
2153 1416 2187 1456 si
2208 1416 2361 1468 vivus,

1324 1495 1431 1535 ergo
1451 1487 1600 1536 potens
1619 1498 1626 1524 :
1646 1484 1680 1524 si
1695 1487 1867 1535 potens,
1888 1497 1994 1537 ergo
2015 1486 2245 1539 speciosus,
2265 1489 2367 1542 quia

1325 1556 1531 1608 sapientia
1554 1559 1616 1597 est
1635 1557 1773 1597 forma
1803 1557 2107 1610 pulcherrima.
2142 1558 2259 1601 Unde
2290 1560 2365 1602 Sa-

1324 1627 1445 1680 piens
1479 1628 1579 1668 dicit
1599 1628 1611 1650 ⁵
1636 1643 1644 1669 :
1671 1645 1688 1667 (ι
1714 1630 1892 1670 Amator
1923 1630 2059 1671 factus
2092 1644 2188 1672 sum
2217 1633 2365 1675 formae

1323 1700 1455 1742 illius,
1481 1714 1499 1738 ›)
1525 1700 1584 1741 De
1604 1703 1729 1743 tertio
1750 1702 2023 1756 quaternario
2057 1704 2288 1757 accipiatur
2313 1706 2364 1746 il-

1324 1771 1399 1813 lud
1431 1785 1588 1813 nomen
1617 1789 1635 1812 «
1663 1774 1833 1825 beatus,
1858 1789 1876 1812 n
1904 1774 2015 1828 quod
2048 1776 2368 1829 comprehendit

1325 1844 1406 1885 alia
1428 1845 1512 1885 tria
1535 1859 1543 1885 :
1569 1846 1669 1899 quia
1696 1845 1730 1886 si
1758 1846 1927 1897 beatus,
1951 1858 2055 1899 ergo
2081 1847 2238 1899 bonus,
2262 1861 2367 1902 ergo
2402 1895 2405 1898 s

1319 1917 1489 1969 justus,
1523 1929 1629 1970 ergo
1661 1920 1830 1959 sanctus
1862 1919 2049 1971 spiritus.
2085 1919 2132 1959 In
2163 1919 2230 1960 his
2262 1933 2366 1974 ergo

1328 1989 1486 2042 tribus,
1510 1991 1667 2031 scilicet
1687 1991 1938 2042 aeternitate,
1962 1991 2183 2045 sapientia,
2208 1996 2249 2034 et
2266 1994 2364 2035 bea-

1324 2061 1508 2103 titudine
1529 2094 1539 2112 ,
1574 2075 1663 2103 una
1694 2062 1853 2104 relucet
1891 2062 2072 2104 Trinitas
2104 2079 2112 2104 :
2152 2066 2366 2106 aeternitas

1326 2133 1479 2185 Patri;
1517 2135 1722 2189 sapientia
1758 2135 1863 2177 Filio
1891 2151 1901 2187 3
1939 2136 2155 2178 beatitudo
2191 2136 2366 2191 Spiritui

1325 2210 1482 2248 sancto.
1511 2207 1662 2248 Adhuc
1682 2208 1813 2248 etiam
1835 2208 1993 2260 redigit
2023 2208 2074 2249 ad
2104 2221 2244 2250 unum
2273 2210 2366 2252 haec

1324 2278 1426 2330 tria,
1451 2281 1492 2320 et
1524 2279 1676 2332 accipit
1702 2294 1721 2318 c(
1752 2279 2003 2332 sapientiam
2022 2312 2032 2332 ‚
2066 2295 2084 2317 n
2113 2284 2154 2321 et
2181 2281 2366 2322 ostendit

1323 2348 1572 2391 Trinitatem
1593 2362 1603 2390 ε
1627 2351 1728 2404 quia
1760 2363 1928 2392 necesse
1949 2355 2034 2403 est,
2059 2352 2094 2393 si
2114 2355 2174 2393 est
2202 2353 2365 2406 sapien-

1324 2421 1404 2471 tia,
1426 2425 1474 2463 ut
1493 2422 1546 2463 sit
1577 2434 1720 2474 mens,
1745 2435 1843 2476 quae
1864 2426 2091 2477 cognoscat
2120 2436 2184 2475 se,
2208 2427 2249 2465 et
2269 2425 2364 2466 dili-

1326 2496 1400 2545 gat
1419 2505 1485 2542 se,
1518 2496 1559 2534 et
1584 2494 1679 2534 alia.
1711 2493 1796 2535 Nec
1827 2497 1971 2536 tamen
2003 2494 2331 2547 intelligendum
2350 2528 2360 2546 ‚

1325 2565 1440 2618 quod
1473 2565 1529 2605 ita
1561 2565 1613 2605 sit
1648 2564 1773 2606 Pater
1802 2578 1944 2618 mens,
1974 2566 2087 2620 quod
2118 2565 2252 2607 Filius
2277 2579 2363 2608 non

1326 2637 1407 2688 sit,
1430 2638 1519 2678 imo
1539 2641 1598 2679 est
1617 2639 1811 2689 insania3
1834 2639 1920 2680 imo
1951 2639 2051 2692 quia
2069 2638 2195 2680 Pater
2216 2651 2334 2681 mens
2348 2673 2359 2692 ,

1325 2708 1458 2750 Filius
1478 2712 1540 2750 est
1562 2722 1703 2761 mens,
1725 2710 1910 2764 Spiritus
1929 2713 2103 2752 sanctus
2132 2713 2194 2752 est
2225 2723 2361 2754 mens,

1327 2780 1432 2822 Item
1466 2781 1598 2824 Filius
1628 2783 1796 2834 notitia;
1833 2782 1956 2824 Pater
1986 2783 2158 2833 notitia,
2179 2782 2365 2836 Spiritus

1327 2856 1498 2895 sanctus
1531 2855 1705 2905 notitia,
1731 2857 1773 2895 et
1800 2854 1860 2894 sic
1889 2854 1940 2895 de
1973 2854 2079 2895 aliis.
2101 2853 2190 2895 Hoc
2219 2856 2364 2895 autem

1326 2926 1372 2966 in
1391 2927 1534 2967 anima
1554 2939 1641 2967 non
1659 2927 1736 2976 est,
1754 2926 1856 2980 quia
1875 2938 1999 2967 mens
2016 2938 2102 2966 non
2117 2928 2179 2967 est
2199 2926 2360 2967 notitia.

1327 2997 1544 3052 Sapientia
1574 3010 1681 3051 ergo
1712 2998 1756 3038 in
1783 2998 2031 3050 cognitione
2051 3000 2113 3038 est
2135 3012 2143 3038 :
2167 2997 2241 3038 ubi
2261 3010 2365 3050 ergo

1327 3073 1389 3112 est
1403 3071 1607 3123 cognitio,
1621 3082 1790 3112 necesse
1805 3073 1866 3112 est
1891 3072 1939 3111 ut
1956 3070 2009 3110 sit
2029 3069 2256 3123 emanatio,
2275 3070 2365 3110 sive

1329 3144 1548 3196 generatio
1557 3141 1699 3193 Verbi3
1717 3154 1771 3182 ex
1787 3154 1871 3195 qua
1884 3141 2161 3194 generatione
2174 3141 2366 3193 sequitur

1326 3213 1546 3269 productio
1569 3213 1727 3254 amoris
1753 3212 1974 3254 nectentis.
1998 3211 2049 3252 Et
2073 3211 2107 3252 si
2127 3212 2363 3265 producens

1328 3289 1390 3328 est
1409 3286 1554 3335 Pater,
1575 3284 1766 3341 Verbum
1787 3286 1848 3325 est
1868 3283 1999 3324 Filius
2012 3298 2021 3333 3
2045 3294 2206 3334 nexus,
2230 3282 2364 3337 Spiri-

1327 3361 1397 3401 tus
1429 3360 1630 3398 sanctus:
1662 3356 1707 3396 in
1737 3355 1890 3407 quibus
1927 3357 1989 3395 est
2019 3352 2202 3395 Trinitas
2231 3366 2360 3407 vera,

1329 3476 1358 3498 c.
1380 3473 1457 3506 vm,
1474 3474 1512 3497 11.
1530 3465 1623 3496 44.-
1643 3463 1656 3485 ³
1679 3464 1706 3496 ΙΙ
1727 3463 1816 3504 Cor„
1838 3470 1892 3503 111,
1914 3463 2008 3494 18.-
2026 3462 2038 3482 ⁴
2052 3463 2153 3503 Aug„
2173 3461 2213 3494 de
2231 3462 2364 3504 Trinit„

1328 3513 1387 3546 lib.
1406 3513 1478 3553 XV,
1499 3522 1528 3543 0.
1553 3519 1597 3550 iv,
1616 3514 1697 3541 11.st
1719 3529 1758 3534 -—
1774 3511 1788 3533 ⁵
1808 3511 1901 3551 Sale„
1922 3516 1997 3550 vm,
2021 3509 2051 3541 2.

2180 3572 2207 3611 6
