2633 3878
109 2268 187 2294 Scire

98 2311 180 2342 quate
189 2323 201 2327 -

121 2358 177 2375 nu}

81 2393 211 2426 oporteat

239 243 311 281 122

233 327 419 368 studium
451 322 703 372 sanctitatis,
733 323 773 362 et
800 333 824 361 a
851 319 989 361 studio
1026 315 1256 358 sanctitatis

233 399 283 439 ad
304 396 492 437 studium
523 393 751 446 sapientiae.
788 393 844 432 De
871 390 1028 443 quibus
1057 388 1115 428 ait
1149 386 1256 426 Pro-

233 468 356 521 pheta
383 468 392 489 ¹
417 482 424 506 z
456 481 475 504 «
507 464 742 505 Bonitatem
768 494 778 513 ,
813 466 853 503 et
881 460 1146 512 disciplinam
1171 489 1182 507 ,
1216 459 1257 496 et

231 538 448 580 scientiam
470 537 569 577 doce
591 547 672 575 me.
692 548 710 572 n
738 533 923 585 lncipita
941 541 1132 579 summo,
1156 528 1257 581 quia

231 609 354 651 vellet
378 611 550 661 gustare
564 612 577 632 2
593 638 605 657 ,
628 621 647 644 ((
663 617 791 658 quam
811 604 948 644 bonus
967 605 1008 642 et
1031 600 1176 641 suavis
1196 602 1258 640 est

231 680 449 722 Dominus,
472 694 490 716 n
516 678 579 719 Ad
602 676 848 729 sapientiam
876 677 1019 714 autem
1045 670 1257 726 perveniri

231 764 316 793 non
336 754 502 805 potest,
536 749 615 789 nisi
651 760 725 800 per
758 745 1037 798 disciplinam.
1070 743 1162 785 Non
1196 744 1258 782 est

231 834 337 876 ergo
367 820 676 875 praefcrendum
706 817 907 859 ultimum
941 815 1090 868 primo,
1124 813 1259 854 Malus

233 897 339 935 esset
356 895 576 939 mercator,
594 889 669 943 qui
689 892 889 929 stannum
903 886 1120 939 praeferret
1137 896 1256 925 auro.

234 965 311 1014 Qui
332 975 419 1004 non
439 963 608 1015 praefert
628 960 815 1001 scientiae
840 958 1101 998 sanctitatem
1115 987 1128 1006 ,
1153 967 1260 996 nun-

231 1047 360 1090 quam
397 1032 728 1087 prosperabitur.
760 1028 1034 1081 Augustinus
1065 1026 1178 1074 dicit,
1209 1024 1260 1066 cle

235 1107 417 1150 Ciuitate
440 1106 515 1147 Dei
538 1106 576 1155 ³,
600 1103 714 1157 quod
733 1101 874 1153 angeli
896 1101 994 1140 sunt
1014 1097 1114 1139 boni
1135 1097 1259 1150 spiri-

231 1183 312 1220 tus.
336 1177 388 1219 Hi
409 1177 520 1218 enim
550 1175 749 1217 dicuntur
777 1171 941 1224 angeli,
973 1169 1129 1210 scilicet
1148 1180 1257 1208 nun-

231 1250 308 1298 tii,
342 1248 443 1301 quia
478 1247 528 1287 de
565 1244 804 1285 humilitate
837 1240 1040 1293 gaudent.
1081 1238 1262 1292 Spiritus

231 1331 415 1373 nequam
442 1319 652 1358 vocantur
685 1314 919 1363 daemoneS,
952 1312 994 1352 id
1016 1312 1103 1361 est,
1127 1310 1259 1350 scien-

231 1392 320 1433 tes*
342 1423 351 1440 ,
369 1390 468 1443 quia
502 1389 555 1429 ab
586 1386 699 1427 illius
724 1387 834 1425 statu
854 1383 1003 1424 volunt
1032 1381 1259 1422 nominari.

233 1463 314 1504 Sed
336 1460 569 1502 verendum
602 1460 663 1499 est
692 1456 804 1510 quod
834 1456 933 1496 dicit
957 1454 1034 1496 Job
1055 1454 1106 1495 de
1126 1453 1262 1494 136116-

232 1533 377 1575 moth⁵
400 1545 410 1573 ε
432 1531 631 1572 «Sternet
651 1529 731 1569 sibi
753 1539 909 1568 aurum
930 1524 1050 1579 quasi
1069 1525 1257 1566 lutum.»

234 1605 314 1648 Per
334 1603 550 1644 scientiam
577 1604 639 1641 est
657 1599 832 1641 tentatio
850 1598 983 1638 facilis
1003 1597 1055 1638 ad
1075 1596 1261 1636 ruinam.

234 1676 351 1718 Unde
371 1676 383 1696 ⁶
408 1689 417 1715 z
445 1690 463 1713 α
495 1673 620 1715 Eritis
649 1673 758 1712 sicut
788 1671 872 1720 Dii,
896 1670 1074 1710 scientes
1104 1669 1265 1709 bonum

234 1751 275 1788 et
305 1747 463 1787 malum
483 1777 495 1796 ,
532 1759 550 1782 1)
588 1744 686 1785 dicit
719 1755 904 1796 serpens.
945 1740 1059 1782 Unde
1091 1740 1265 1793 quidam

235 1830 432 1872 suprema
463 1824 627 1857 naturae
655 1814 809 1856 volunt
840 1812 1127 1866 perscrutari,
1161 1811 1267 1852 sicut

237 1892 287 1932 de
307 1888 665 1941 contingentibus.
687 1886 840 1927 Beatus
860 1884 1100 1925 Bernardus
1120 1883 1263 1932 dicit7,

237 1962 287 2004 cle
303 1961 514 2004 Graclibzcs
536 1958 764 2012 Superbioe,
779 1957 893 2009 quod
908 1956 1096 2009 primum
1113 1954 1267 1996 vitium

238 2037 300 2074 est
319 2032 560 2081 curiositas,
585 2043 660 2083 per
681 2029 791 2082 quod
809 2028 976 2069 Lucifer
998 2026 1143 2068 cecidit
1163 2041 1171 2066 :
1193 2038 1267 2078 per

238 2104 317 2144 hoc
346 2103 470 2143 etiam
507 2103 646 2143 Adam
677 2100 839 2142 cecidit.
879 2099 1100 2153 Appetitus
1133 2098 1269 2150 igitur

240 2175 424 2216 scientiae
458 2174 763 2215 modificandus
795 2174 880 2221 est;
915 2170 1178 2224 praeferenda
1209 2171 1271 2209 est

241 2247 279 2286 ei
302 2245 505 2298 sapientia
525 2248 565 2286 et
587 2245 799 2285 sanctitas.
827 2242 1017 2292 Qualiter
1045 2253 1150 2293 ergo
1180 2245 1270 2281 stu-

240 2317 424 2357 dendum
459 2319 520 2357 est
555 2316 760 2365 scientiae,
782 2318 823 2355 et
855 2313 1095 2363 sanctitati,
1129 2315 1170 2352 et
1203 2323 1271 2351 sa-

241 2388 434 2442 pientiae?
458 2387 627 2440 Oportet
657 2387 783 2438 scire,
805 2389 853 2426 ut
881 2386 932 2426 de
965 2383 1170 2424 fructibus
1200 2394 1271 2422 sa-

243 2459 412 2513 pientiae
452 2459 685 2506 habeatur,
728 2460 767 2498 et
801 2468 876 2510 per
912 2457 1055 2509 portas
1092 2454 1272 2495 civitatis

244 2532 453 2586 possimus
497 2530 687 2571 introire.
727 2528 834 2570 Nam
879 2527 1082 2580 scriptum
1120 2528 1181 2566 est
1211 2525 1224 2546 Β
1261 2539 1269 2566 :

249 2618 267 2641 a
289 2602 424 2642 Labor
455 2601 679 2642 stultorum
710 2599 856 2653 perdet
887 2610 980 2649 eos,
1016 2611 1035 2635 ›)
1069 2597 1141 2649 qui
1171 2608 1272 2636 nes-

244 2674 360 2713 ciunt
389 2673 434 2712 in
464 2672 614 2712 urbem
634 2683 836 2724 pergere,
860 2671 940 2710 hoc
961 2672 1047 2718 est,
1072 2669 1146 2721 qui
1175 2679 1271 2708 nes-

246 2744 362 2783 ciunt
390 2743 558 2783 studere
581 2744 626 2783 in
655 2742 811 2795 quibus
840 2742 1017 2793 oportet.
1053 2740 1099 2780 In
1129 2740 1276 2781 Genesi

247 2815 419 2865 dicitur,
443 2813 555 2866 quod
573 2817 586 2838 ⁹
613 2828 631 2851 «
652 2812 809 2853 creavit
832 2811 940 2851 Deus
968 2810 1187 2850 hominem
1203 2841 1212 2857 ,
1235 2811 1277 2849 et

248 2885 387 2938 posuit
408 2885 452 2924 in
472 2883 687 2937 paradiso,
709 2886 757 2923 ut
784 2883 1052 2935 operaretur,
1076 2883 1116 2921 et
1135 2883 1277 2921 custo—

249 2956 357 2997 diret
376 2955 511 2995 illum.
535 2969 553 2991 »
573 2954 742 3006 Oportet
757 2952 921 3005 operari
939 2952 984 2992 in
1003 2964 1122 2992 sacra
1142 2951 1276 3004 Scrip-

248 3028 370 3074 tura,
394 3026 436 3064 et
466 3022 689 3063 exercitari
717 3022 989 3062 intellectum.
1013 3020 1093 3061 Sed
1123 3019 1279 3060 multos

250 3094 394 3135 inveni
431 3093 708 3134 exercitantes
748 3104 900 3144 corpus
922 3123 932 3142 ,
967 3103 1124 3143 paucos
1156 3091 1278 3140 inge-

250 3165 389 3205 nium.
413 3164 513 3205 Haec
536 3162 780 3204 exercitatio
800 3165 862 3201 est
881 3162 1052 3213 spiritus
1072 3160 1123 3200 ad
1146 3160 1277 3212 pieta-

251 3239 352 3276 tem.
383 3235 499 3277 Unde
528 3235 573 3274 in
603 3232 845 3275 Proverbiis
877 3232 1029 3272 dicitur
1052 3234 1081 3256 ¹0
1117 3245 1125 3271 :
1155 3246 1174 3268 <‹
1204 3230 1282 3271 Per

256 3318 410 3358 agrum
444 3305 630 3347 hominis
660 3304 775 3357 pigri
812 3302 1009 3352 transivi,
1040 3305 1080 3342 et
1107 3313 1182 3354 per
1213 3301 1280 3343 vi-

298 3390 308 3409 1
330 3388 419 3419 Psal.
440 3397 558 3427 cxviii,
579 3390 674 3420 ssss.-
697 3387 708 3405 ²
728 3385 817 3417 Psal.
843 3393 967 3424 xxxin,
987 3387 1062 3416 9.-
1083 3384 1188 3415 ³121).
1206 3384 1282 3425 ΧΗ,

256 3445 286 3467 c.
308 3442 355 3466 lx.
370 3453 409 3458 —
430 3436 439 3453 ⁴
461 3436 593 3467 scilicet
612 3444 631 3466 a
643 3443 729 3466 voce
744 3442 856 3475 graeca
869 3433 976 3471 Λάϊος,
991 3432 1173 3472 ρσνίίιιε.-
1189 3430 1284 3470 ⁵Job,

256 3491 313 3515 xri
327 3507 335 3520 ,
356 3485 407 3514 21.
431 3500 471 3505 —
488 3484 499 3500 ὓ
523 3482 616 3522 Gen„
636 3490 684 3521 ιιι,
702 3483 731 3513 5.
747 3498 787 3504 -
808 3482 816 3499 ⁷
840 3481 951 3520 Rern„
971 3479 1011 3510 cle
1031 3478 1133 3510 Grad.
1157 3478 1282 3509 Hamil.

258 3532 288 3561 et
301 3529 484 3569 Superb.-
498 3530 508 3548 ⁸
528 3529 649 3568 Eccle..
665 3536 699 3569 X,
722 3529 842 3561 15.—⁹
858 3528 951 3568 Gen„
966 3535 1004 3566 ιι,
1025 3528 1119 3559 15.-
1133 3527 1158 3548 ¹·
1172 3526 1282 3565 Prov„

929 223 1376 271 ILLUMlNA'l‘lONES
1407 222 1668 266 ECCLESIAE

1331 325 1479 365 neam,
1502 315 1544 354 et
1572 324 1666 354 ecce
1697 314 1836 353 totum
1861 311 2128 364 repleverant
2153 311 2301 353 urticae
2319 312 2360 352 et

1332 384 1479 436 spinae.
1504 398 1523 422 n
1548 382 1636 423 Hoc
1656 383 1702 423 sit
1723 382 1891 436 quando
1910 381 2039 423 homo
2056 380 2185 422 habet
2202 380 2359 422 bonam

1332 453 1676 507 dispositionem,
1718 455 1759 491 et
1797 464 1884 493 non
1921 453 2088 492 exercet
2126 461 2220 490 eam
2244 480 2255 498 ‚
2289 450 2360 490 sed

1333 527 1527 565 crescunt
1554 523 1612 564 ibi
1645 523 1696 576 (a)
1725 523 1873 563 urticae
1905 520 2206 574 malignitatis,
2228 519 2362 572 spinae

1333 595 1584 648 cupiditatis.
1609 594 1787 635 Maceria
1817 594 2007 646 lapidum
2037 593 2249 634 virtutum
2268 591 2359 631 des-

1333 667 1491 707 truitur
1511 669 1681 718 propter
1695 665 2013 717 dissipationem
2037 664 2360 717 cogitationum.

1334 737 1384 778 Et
1412 737 1510 777 hinc
1540 737 1691 777 dicitur
1711 736 1756 776 in
1783 735 2019 778 Proverbiis
2043 736 2068 757 ¹¹
2090 749 2099 776 ε
2127 749 2146 774 ε(
2166 734 2365 786 Praepara

1334 809 1434 850 soris
1451 820 1557 861 opus
1570 810 1715 858 tuum,
1733 809 1774 848 et
1793 806 2020 858 diligenter
2039 817 2188 846 exerce
2206 815 2363 857 agrum

1334 884 1474 920 tuum.
1502 893 1521 917 ι)
1542 878 1689 920 Modus
1709 878 1904 919 studendi
1933 878 2055 918 debet
2080 877 2237 918 habere
2257 887 2361 929 qua-

1335 954 1431 992 tuor
1460 951 1748 1001 conditiones,
1771 950 1926 990 scilicet
1950 949 2165 1000 ordinem,
2188 946 2363 989 assidui-

1335 1024 1481 1071 tatem,
1504 1022 1867 1075 complacentiam,
1889 1020 2361 1061 commensurationem.

1337 1093 1446 1134 Ordo
1474 1093 1756 1134 diversimode
1789 1092 1970 1133 traditur
1998 1105 2023 1132 a
2053 1090 2255 1140 diversiS,
2292 1089 2365 1130 sed

1338 1166 1499 1218 oportet
1520 1164 1711 1205 ordinate
1731 1163 1980 1216 procedere,
2002 1174 2057 1203 ne
2083 1162 2133 1203 de
2152 1162 2290 1215 primo
2310 1161 2368 1201 fa-

1338 1236 1449 1276 ciant
1477 1236 1706 1288 posterius,
1731 1235 1800 1276 vel
1820 1247 1843 1275 e
1871 1244 2089 1276 converso.
2125 1231 2233 1273 Sunt
2261 1243 2368 1284 ergo

1338 1308 1521 1359 quatuor
1553 1317 1714 1358 genera
1747 1304 2063 1357 Scripturarum
2085 1335 2096 1355 ,
2130 1304 2241 1344 circa
2271 1313 2369 1355 quae

1338 1379 1500 1430 oportet
1522 1365 1981 1429 ordinate'procedere,
2003 1377 2045 1415 et
2063 1374 2266 1415 exerceri.
2283 1373 2372 1415 Pri-

1339 1449 1398 1489 mi
1430 1448 1527 1488 libri
1561 1450 1660 1488 sunt
1691 1460 1822 1488 sacrae
1860 1445 2116 1499 Scripturae;
2154 1445 2199 1485 in
2232 1443 2372 1485 Testa-

1340 1522 1483 1560 mento
1496 1519 1650 1568 Veteri,
1668 1518 1902 1559 secundum
1917 1517 2227 1570 Hieronymum
2243 1518 2290 1567 ¹²,
2305 1515 2369 1556 vi·

1342 1591 1451 1643 giuti
1483 1591 1568 1632 duo
1602 1591 1721 1640 libri3
1754 1590 1798 1630 in
1829 1589 1947 1631 Novo
1978 1588 2246 1629 Testamento
2278 1589 2371 1628 octo

1341 1665 1453 1703 sunt.
1478 1661 1660 1703 Secundi
1690 1661 1787 1701 libri
1817 1663 1918 1702 sunt
1946 1660 2175 1712 originalia
2206 1662 2369 1700 sancto-

1340 1746 1454 1774 rum.
1477 1733 1632 1784 Tertii,
1655 1732 1871 1773 sententiae
1891 1731 2212 1784 magistrorum.
2236 1730 2373 1780 Quar-

1341 1805 1396 1855 ti,
1430 1804 1721 1845 doctrinarum
1754 1803 2059 1852 mundialium,
2078 1803 2166 1843 sive
2192 1801 2374 1855 philoso-

1343 1877 1541 1930 phorum.
1587 1876 1666 1925 Qui
1706 1888 1811 1928 ergo
1849 1876 1943 1917 vult
1978 1874 2135 1915 discere
2159 1906 2169 1925 ,
2213 1874 2375 1927 quaerat

1343 1948 1560 1988 scientiam
1591 1947 1637 1987 in
1663 1947 1801 1997 fonte,
1826 1946 1927 1999 quia
1959 1945 2071 1998 apud
2104 1944 2375 1997 philosophos

1343 2033 1430 2061 non
1462 2022 1526 2060 est
1564 2019 1736 2060 scientia
1773 2019 1825 2059 ad
1863 2018 2044 2059 dandam
2081 2016 2375 2058 remissionem

1344 2093 1612 2145 peccatorum
1637 2104 1647 2139 3
1680 2101 1758 2130 nec
1786 2089 1899 2141 apud
1930 2099 2120 2128 summas
2149 2087 2376 2139 magistro-

1344 2175 1464 2212 rum,
1487 2162 1589 2215 quia
1614 2161 1674 2200 illi
1701 2160 1754 2201 ab
1774 2159 2060 2212 originalibus
2080 2160 2374 2200 extraxerunt.

1346 2234 1578 2286 Originalia
1614 2234 1757 2273 autem
1786 2244 1811 2272 a
1842 2243 1960 2272 sacra
1992 2230 2224 2284 Scriptura.
2260 2230 2378 2272 Unde

1345 2305 1444 2346 dicit
1465 2304 1761 2356 Augustinus,
1786 2302 1899 2356 quod
1929 2302 2019 2355 ipse
2049 2301 2182 2355 decipi
2212 2304 2374 2354 potest,

1346 2379 1386 2418 et
1407 2377 1504 2426 alii;
1528 2375 1599 2416 sed
1618 2374 1678 2414 ibi
1698 2375 1759 2414 est
1778 2373 1881 2414 fides
1912 2374 2049 2423 tanta,
2070 2372 2183 2424 quod
2213 2371 2271 2411 ibi
2291 2384 2379 2412 non

1345 2450 1483 2501 potest
1493 2458 1582 2488 esse
1593 2444 1793 2498 deceptio.
1808 2444 1858 2485 Et
1870 2444 1969 2484 hinc
1981 2442 2079 2483 dicit
2091 2442 2317 2495 Dionysius
2332 2442 2375 2492 ¹⁸,

2417 888 2525 916 Modus

2383 928 2520 957 studendi

2391 972 2516 1006 quatuor

2383 1011 2524 1040 conditio-

2383 1061 2437 1081 nes
2477 1060 2525 1080 re-

2384 1095 2483 1131 quirit.

1348 2520 1398 2561 cle
1413 2519 1592 2561 Divinis
1608 2515 1884 2566 Nominibus,
1904 2514 2018 2568 quod
2038 2513 2145 2554 nihil
2162 2525 2397 2554 assumem.

1347 2590 1450 2631 dum
1472 2592 1554 2640 est,
1582 2587 1664 2628 nisi
1693 2586 1805 2640 quod
1835 2597 1889 2626 ex
1921 2584 2100 2637 eloquiis
2128 2583 2276 2634 sacris,
2298 2585 2375 2625 etc.

1349 2661 1526 2702 Studere
1563 2659 1685 2700 debet
1723 2657 1874 2698 Christi
1913 2656 2145 2708 discipulus
2181 2656 2226 2695 in
2260 2666 2379 2696 sacra

1351 2732 1587 2783 Scriptura,
1604 2729 1711 2770 sicut
1732 2728 1851 2781 pueri
1872 2727 2009 2780 primo
2029 2726 2250 2767 addiscunt
2267 2738 2315 2776 a,
2332 2726 2374 2776 h,

1350 2815 1392 2853 c,
1415 2802 1464 2852 d,
1487 2803 1583 2851 etc.;
1608 2802 1752 2854 postea
1783 2797 2052 2851 syllabicare,
2081 2799 2123 2837 et
2148 2799 2292 2849 postea
2319 2796 2380 2836 le·-

1353 2885 1477 2926 gere,
1500 2876 1541 2913 et
1565 2874 1709 2925 postea
1728 2870 1830 2923 quid
1851 2868 2064 2921 significet
2083 2878 2194 2920 pars.
2217 2865 2376 2908 Simili-

1351 2948 1416 2985 ter
1434 2945 1477 2984 in
1497 2955 1614 2984 sacra
1640 2941 1880 2994 Scriptura,
1905 2951 2017 2992 saepe
2038 2938 2176 2991 primo
2197 2937 2292 2990 quis
2313 2936 2381 2978 de-

1353 3017 1422 3056 bet
1453 3015 1622 3056 studere
1656 3013 1701 3053 in
1728 3014 1849 3053 textu
1867 3042 1880 3061 ,
1910 3012 1952 3051 et
1977 3009 2121 3062 ipsum
2149 3008 2307 3049 habere
2336 3007 2383 3048 in

1353 3088 1582 3140 promptu,
1616 3087 1657 3124 et
1692 3082 1932 3134 intelligere
1968 3079 2083 3133 quod
2121 3079 2270 3120 dicitur
2306 3089 2383 3131 per

1355 3168 1525 3206 nomen,
1548 3166 1635 3195 non
1656 3153 1793 3194 solum
1820 3152 1927 3192 sicut
1952 3150 2147 3200 Judaeus,
2169 3148 2244 3202 qui
2270 3159 2380 3188 sem-

1356 3239 1431 3281 per
1449 3226 1582 3266 tendit
1601 3224 1652 3266 ad
1669 3222 1893 3265 litteralem
1913 3232 2101 3262 sensum.
2125 3218 2225 3259 Tota
2246 3217 2384 3270 Scrip-

1356 3300 1454 3338 tura
1472 3298 1533 3337 est
1554 3295 1675 3349 quasi
1705 3306 1790 3335 una
1817 3292 1990 3333 cithara.
2013 3290 2064 3332 Et
2088 3289 2210 3330 sicuti
2229 3288 2386 3330 chorda

1359 3418 1453 3446 xxiV,
1470 3411 1563 3441 30.-
1585 3408 1604 3426 ‘¹
1621 3407 1718 3445 ibid„
1740 3407 1835 3438 22—
1852 3405 1874 3426 ¹²
1895 3404 2050 3442 Hieron„
2067 3401 2216 3443 Proloq...
2230 3400 2265 3433 in
2281 3400 2386 3432 libros

1360 3459 1490 3500 aequm.
1509 3473 1545 3479 —-
1569 3455 1595 3477 ¹³
1612 3455 1726 3494 Dion.,
1743 3453 1782 3485 de
1802 3453 1878 3484 Div.
1897 3451 2007 3491 Nom„
2027 3459 2059 3482 c.
2082 3457 2104 3481 1.

1401 3523 1445 3564 (α)
1464 3521 1555 3554 Edit.
1581 3520 1656 3553 Ven.
1677 3519 1747 3552 tibi.

2410 3227 2539 3263 Scriptu-

2403 3277 2436 3296 ra
2472 3268 2547 3296 sicut

2405 3310 2527 3338 cithara.
