2633 3878
140 2941 195 2965 Lex
216 2945 259 2964 re-

126 2979 254 3007 verenda

121 3021 212 3047 tribus
224 3021 259 3047 de

275 207 351 244 386

275 292 340 329 alii
373 292 460 326 sunt
491 286 668 333 litigiosi,
694 285 759 322 alii
780 285 983 330 bellicosi,
1006 285 1071 321 alii
1099 286 1179 320 tam
1207 284 1300 328 Deo,

275 363 394 400 quam
424 349 650 386 hominibus
681 348 808 384 odiosi
832 360 840 383 :
862 358 1033 395 quorum
1062 345 1179 392 primi
1214 347 1302 381 sunt

273 412 512 455 inutilitate&
541 410 703 446 secundi
733 412 822 445 sunt
864 408 1159 452 intractabiles3
1201 406 1301 442 tertii

273 480 361 511 sunt
388 473 686 510 irrationabiles.
711 474 758 507 De
779 471 914 518 primis
936 471 942 490 ¹
969 483 976 505 :
1009 485 1025 503 α
1047 471 1144 505 lnter
1165 478 1299 514 super-

271 537 344 574 bos
361 547 514 583 semper
530 534 662 581 jurgia
676 537 763 569 sunt
779 545 786 569 :
801 547 817 565 »
843 544 929 569 ecce
947 531 1106 578 superbi
1127 529 1297 576 litigiosi.

272 601 322 635 De
344 597 524 634 secundis
541 598 554 617 “³
577 609 584 632 :
611 612 627 630 «
650 600 765 632 Arma
786 597 822 631 et
846 593 968 640 gladii
1000 593 1040 629 in
1072 593 1135 628 via
1171 602 1301 638 super·

271 660 312 696 bi
342 661 389 707 (ιι)
428 672 435 695 :
466 673 482 692 »
513 669 601 694 ecce
619 656 778 704 superbi
809 654 1000 692 bellicosi.
1030 656 1079 691 De
1112 653 1232 690 tertiis
1253 655 1265 676 ³
1290 665 1298 689 :

275 737 292 755 «
312 724 385 758 Nec
404 721 563 768 superbi
584 720 817 767 placuerunt
839 717 909 753 tibi
930 717 980 753 ab
1000 716 1136 762 initio;
1157 729 1175 750 »
1201 718 1237 752 et
1255 714 1267 735 ³
1290 727 1298 751 :

275 798 293 818 α
311 787 398 820 Tres
419 782 567 829 species
593 781 716 817 odivit
745 779 877 816 anima
909 790 1011 824 mea,
1045 782 1079 814 et
1109 787 1302 823 aggravor

273 845 384 881 valde
416 844 555 881 animae
572 842 758 887 illorum,
778 851 995 889 pauperem
1015 839 1246 887 superbum,
1265 841 1300 874 et

272 908 432 944 divitem
462 906 715 947 mendacem,
748 908 783 942 et
803 915 936 942 senem
959 904 1107 940 fatuum
1135 915 1143 938 :
1172 916 1189 936 »
1212 911 1298 938 ecce

271 969 430 1017 superbi
451 973 529 1006 tam
551 971 626 1005 Deo
641 996 653 1015 ,
673 978 793 1015 quam
812 966 1041 1004 hominibus
1061 964 1202 1002 odiosi.

579 1073 769 1108 Articuli&
795 1070 981 1107 secundus.

319 1156 496 1194 Secunda
516 1165 634 1191 causa
654 1154 839 1201 aperitur,
859 1163 949 1188 cum
967 1151 1125 1188 additur
1144 1161 1152 1186 τ
1172 1151 1299 1196 Inique

272 1221 421 1265 offocant
442 1227 702 1263 usquequaque.
732 1216 767 1251 Si
797 1215 931 1261 inique
962 1213 1153 1259 agebant,
1174 1212 1299 1259 iniqui

273 1283 381 1317 erant
400 1291 407 1314 :
427 1279 521 1315 tales
554 1282 684 1314 autem
714 1277 865 1313 ferendi
897 1278 1007 1318 sunt,
1038 1275 1132 1322 quia
1163 1285 1300 1310 secun—

272 1343 368 1379 dum
388 1340 670 1386 Gregorianum
690 1339 894 1386 eloquium
914 1339 926 1360 ⁵
941 1366 950 1383 ,
972 1337 1068 1374 boni
1089 1347 1169 1372 non
1192 1339 1297 1382 sunt,

272 1405 340 1452 qui
378 1404 503 1440 malos
540 1402 640 1438 ferre
675 1411 756 1438 non
794 1402 970 1448 possunt.
1003 1402 1045 1436 Et
1080 1398 1300 1435 notandum

271 1468 373 1504 eirca
393 1464 579 1502 scandala
607 1464 856 1511 iniquorum,
877 1461 986 1509 quod
1019 1461 1203 1507 leguntur
1234 1460 1300 1496 tri-

269 1530 421 1578 pliciter
449 1528 582 1575 inique
614 1537 730 1573 agere
758 1538 765 1562 :
799 1528 935 1561 contra
967 1534 1127 1570 regem;
1163 1524 1300 1559 contra

270 1592 418 1639 legem;
450 1593 585 1627 contra
615 1598 803 1636 gregem:
832 1590 967 1624 contra
995 1597 1194 1622 summum
1228 1586 1300 1622 Re-

271 1665 359 1700 gem
380 1682 391 1700 ,
432 1651 655 1689 recedendo
694 1660 764 1697 per
802 1648 1096 1686 irreverentiam
1116 1661 1127 1694 3
1165 1649 1302 1684 contra

270 1716 427 1763 legem,
458 1714 656 1751 deviando
690 1723 758 1760 per
790 1710 1128 1755 inobedientiam3
1164 1711 1302 1746 contra

271 1779 335 1814 Dei
372 1787 548 1823 gregem,
571 1773 817 1812 dominando
855 1784 926 1820 per
963 1772 1207 1819 injustitiam.
1249 1773 1298 1807 De

269 1839 406 1887 primis
433 1838 671 1884 intelligitur,
708 1836 818 1884 quod
849 1835 990 1881 legitur
1007 1834 1046 1871 ⁶:
1074 1848 1091 1868 «
1118 1834 1299 1870 Peccavi-

270 1914 357 1939 mus
376 1906 412 1938 et
431 1901 565 1948 inique
586 1900 760 1946 egimus,
784 1898 1010 1934 recedentes
1038 1908 1061 1933 a
1080 1900 1115 1933 te
1138 1908 1146 1932 ;
1170 1910 1187 1930 »
1212 1906 1301 1932 eece

270 1964 456 2011 iniquitas
474 1962 751 1999 recedentium.
778 1962 826 1996 De
857 1959 1040 1996 secundis
1074 1958 1300 2004 ascribitur,

272 2029 382 2076 quod
417 2027 596 2064 scribitur
615 2027 628 2048 ⁷
651 2037 658 2061 :
685 2039 702 2059 «
732 2024 848 2069 Novi,
877 2022 988 2070 quod
1020 2025 1109 2070 post
1134 2024 1302 2059 mortem

270 2103 401 2128 meam
421 2090 554 2137 inique
575 2088 715 2135 agetis,
737 2089 773 2123 et
790 2085 1038 2123 declinabitis
1060 2085 1134 2121 cito
1153 2084 1201 2120 de
1221 2083 1300 2130 via,

272 2165 393 2202 quam
414 2152 568 2190 ostendi
586 2151 702 2188 vobis
724 2161 732 2186 :
755 2163 773 2184 »
799 2159 888 2186 ecce
920 2147 1105 2194 iniqnitas
1136 2145 1301 2182 devian«

271 2218 382 2254 tium.
405 2218 454 2252 De
475 2214 593 2251 tertiis
625 2212 831 2260 exponitur
845 2238 854 2254 ,
873 2209 983 2257 quod
1003 2208 1236 2256 proponitur
1255 2208 1268 2229 ⁸
1291 2220 1300 2243 z

277 2293 294 2314 «
316 2281 397 2315 Haec
424 2277 517 2313 dicit
537 2275 745 2318 Dominus,
764 2272 955 2320 quoniam
975 2271 1131 2307 ablatus
1151 2273 1207 2307 est
1230 2281 1301 2317 po‘

268 2343 386 2389 pultis
417 2350 528 2376 meus
559 2338 676 2385 gratis
697 2365 709 2382 ,
743 2336 1010 2373 dominatores
1052 2334 1136 2380 ejus
1168 2332 1302 2380 inique

270 2406 417 2450 agunt:
440 2417 456 2436 »
480 2412 567 2438 ecce
587 2399 774 2447 iniquitas
798 2396 1103 2435 dominantium.

608 2504 795 2540 Articulus
823 2503 964 2538 tertius.

320 2592 443 2630 Tertia
468 2600 586 2627 causa
618 2586 881 2630 subinfertur,
904 2594 994 2620 cum
1020 2582 1270 2630 subjungitur
1293 2594 1301 2617 :

274 2658 307 2692 Α
329 2657 400 2701 leae
429 2656 545 2689 autem
567 2656 647 2697 tua,
682 2660 769 2697 quae
790 2650 845 2684 est
869 2645 1086 2683 reverenda
1120 2645 1302 2691 scientia,

274 2718 354 2754 imo
375 2714 578 2753 reverendi
598 2712 778 2756 scientia3
809 2708 1028 2746 reverenda
1055 2707 1096 2743 in
1116 2706 1225 2744 omni
1247 2717 1305 2743 re-

275 2779 472 2823 verentia3
496 2788 542 2813 ex
564 2775 673 2821 quus
692 2771 910 2811 reverentia
928 2769 1106 2807 redditur
1136 2768 1223 2806 aliis
1243 2779 1304 2804 re-

277 2843 472 2887 verentia,
506 2841 588 2876 sine
629 2839 740 2885 eujus
777 2835 966 2873 sententia
1001 2833 1102 2870 nulli
1140 2832 1306 2868 debetur

277 2904 508 2943 reverentia.
542 2903 583 2938 Et
616 2903 734 2945 nota,
768 2898 878 2946 quod
903 2896 964 2933 lex
1000 2899 1055 2932 est
1085 2894 1305 2941 specialiter

278 2964 496 3005 reverenda
512 2963 635 2999 tribus
655 2962 703 2997 de
725 2960 850 2997 causis
873 2972 880 2996 :
904 2958 997 3006 quia
1016 2957 1181 3004 regalis;
1210 2956 1305 3004 quia

278 3025 656 3077 irreprehensibilis5
679 3023 772 3071 quia
789 3021 998 3069 spiritualis
1021 3033 1029 3057 ι
1051 3021 1194 3067 regalis
1216 3020 1303 3067 pla-

140 3075 153 3089 Α
177 3071 225 3089 ω’
278 3105 347 3139 ne,
371 3092 562 3139 quantum
594 3086 646 3123 ad
665 3085 850 3122 mandata
878 3083 1106 3129 J'udicialia;
1140 3083 1306 3130 irrepre-

279 3153 502 3197 hensibilis,
524 3152 716 3198 quantum
736 3147 787 3184 ad
806 3146 992 3182 mandata
1010 3146 1202 3191 moralia3
1225 3145 1306 3192 spi-

278 3217 452 3260 ritualis,
478 3215 670 3262 quantum
697 3210 749 3247 ad
777 3208 964 3245 mandata
993 3206 1305 3252 caeremonialia,

280 3291 348 3318 seu
369 3276 564 3325 figuralia.
594 3277 643 3311 De
663 3272 791 3321 primo
813 3272 826 3293 ⁹
860 3282 868 3307 :
905 3284 922 3303 «
956 3269 991 3306 Si
1019 3271 1148 3306 tamen
1179 3267 1306 3314 legem

325 3381 329 3395 ¹
355 3379 462 3414 Proin,
490 3382 571 3411 xiii,
603 3375 649 3404 10.
676 3389 717 3395 —
740 3371 753 3392 ²
780 3371 888 3409 Pron,
913 3375 1004 3407 xxti,
1026 3369 1055 3398 ὅ.
1089 3384 1125 3389 -
1150 3365 1306 3404 ³Jurlitli‚

281 3432 336 3463 ix,
366 3427 414 3454 tt'..
437 3440 476 3445 -
504 3421 518 3443 Β
541 3421 657 3454 Era-li..
685 3426 765 3457 XXV,
800 3420 828 3448 4.
859 3434 898 3440 —
924 3417 935 3434 ⁵
958 3416 1073 3455 Greg,
1101 3414 1136 3445 in
1163 3413 1305 3453 Ευαηφ,

281 3471 377 3503 honi.
399 3477 507 3508 xxxx]
528 3469 671 3507 Pastor„
690 3469 775 3506 part.
800 3466 854 3504 ΙΙΙ,
872 3473 902 3495 c.
924 3471 960 3495 x.
975 3479 1016 3486 —
1032 3463 1044 3484 ⁶
1063 3461 1163 3500 Dan„
1185 3468 1234 3500 111,
1255 3461 1306 3491 29.

968 193 1241 238 EXPOSlTlO
1273 193 1325 236 IN
1354 194 1712 236 PSALTERIUM.

1376 283 1559 330 perficitis
1595 283 1769 330 regalem
1807 282 2025 319 secundum
2060 285 2296 334 Scripturas3
2327 292 2406 326 »et

1376 345 1477 383 infra
1500 359 1508 382 :
1535 360 1553 381 «
1575 349 1674 383 Bene
1702 343 1825 382 facitis
1853 355 1862 380 :
1891 358 1909 378 »
1934 355 2023 381 ecce
2058 346 2121 382 lex
2158 350 2314 395 regalis.
2356 354 2404 388 De

1376 409 1549 445 secundo
1578 408 1718 444 dicitur
1747 406 1966 444 secundum
1998 407 2118 444 aliam
2151 408 2317 448 litteram
2344 414 2402 449 1⁰:

1379 483 1397 503 «
1435 474 1512 508 Lex
1559 470 1711 507 Domini
1756 469 2138 517 irreprehensibilis,
2177 476 2405 510 convertens

1376 532 1559 568 animas:
1588 545 1605 566 »
1629 543 1715 568 eece
1747 532 1809 568 lex
1847 531 2217 579 irreprehensibilis.
2250 535 2301 570 De
2326 536 2406 571 ter-

1375 593 1429 630 tio
1445 595 1470 616 ¹¹
1491 606 1499 630 :
1518 593 1697 631 «Scimus
1713 593 1903 641 quoniam
1919 592 1984 629 lex
2003 593 2213 641 spiritualis
2231 597 2287 631 est
2301 608 2312 642 5
2334 606 2408 642 ego

1378 657 1510 692 autem
1542 655 1710 692 carnalis
1727 665 1815 691 sum
1837 666 1845 691 z
1866 668 1884 690 »
1917 666 2006 692 ecce
2026 655 2090 692 lex
2110 656 2335 704 spiritualis.

1705 759 1894 795 Articulus
1921 762 2086 805 quartus.

1425 843 1568 885 Quarta
1595 851 1714 878 causa
1742 840 1946 887 subditur,
1977 852 2068 877 cum
2099 842 2277 889 sequitur
2298 856 2307 881 :
2329 846 2410 883 Non

1377 903 1570 939 declinavi.
1593 905 1662 940 Per
1691 903 1964 949 negationem,
1985 914 2074 950 quae
2097 904 2281 952 additur,
2307 905 2410 943 affir-

1375 965 1496 1002 matio
1534 965 1768 1002 subauditur
1800 978 1808 1001 :
1841 976 1921 1002 non
1953 965 2191 1012 declinavit,
2219 967 2410 1015 quoniam

1376 1026 1579 1064 inclinavit
1606 1039 1614 1063 :
1649 1037 1731 1064 non
1763 1026 1976 1064 declinavit
2004 1038 2026 1064 a
2058 1027 2143 1074 lege
2168 1055 2181 1073 ,
2217 1030 2411 1076 quoniam

1378 1089 1589 1126 declinavit
1609 1100 1632 1126 a
1652 1093 1777 1136 Rege;
1800 1089 1870 1126 sed
1897 1088 2100 1126 inclinavit
2121 1100 2161 1126 se
2183 1090 2235 1127 ad
2253 1090 2382 1138 legem
2397 1120 2408 1138 ,

1378 1151 1569 1198 quoniam
1598 1151 1798 1189 inclinavit
1824 1162 1862 1188 se
1893 1152 1945 1188 ad
1975 1154 2133 1198 Regem.
2153 1154 2297 1189 Notans
2317 1163 2410 1200 ergo

1376 1213 1656 1250 adhaerentiam
1687 1213 1786 1260 legis
1810 1242 1821 1259 ,
1862 1213 2089 1251 subnotavit
2129 1214 2410 1252 adhaerentiam

1377 1276 1491 1322 Regis
1514 1288 1522 1312 ε
1545 1275 1754 1323 equidem,
1777 1276 1844 1323 qui
1865 1286 1946 1312 non
1968 1278 2164 1313 noverunt
2182 1287 2317 1323 regem
2336 1276 2411 1313 nisi

1376 1349 1447 1385 per
1483 1338 1613 1385 legem
1627 1366 1638 1384 ,
1679 1338 1878 1374 adhaerent
1913 1338 1998 1384 regi
2036 1338 2275 1375 adhaerendo
2314 1338 2404 1385 legi.

1377 1401 1454 1437 Sed
1471 1404 1585 1446 nota,
1608 1400 1710 1437 circa
1730 1400 1827 1447 legis
1849 1400 2166 1447 declinationem,
2185 1399 2296 1448 quod
2313 1411 2406 1437 con-

1381 1463 1494 1509 tingit
1513 1473 1536 1499 a
1555 1463 1642 1510 lege
1667 1463 1868 1511 tripliciter
1900 1462 2098 1499 declinare
2120 1474 2128 1499 ε
2150 1461 2335 1499 videlicet
2359 1462 2412 1499 ad

1382 1535 1554 1561 errorem
1569 1552 1581 1570 ,
1604 1525 1656 1562 ad
1686 1525 1885 1570 favorem,
1907 1524 1959 1561 ad
1978 1524 2166 1561 furorem.
2199 1523 2327 1561 Prima
2346 1523 2413 1561 de-

1379 1587 1537 1624 clinatio
1557 1587 1726 1634 pertinet
1745 1587 1795 1624 ad
1811 1587 1892 1623 vim
1911 1586 2202 1632 rationabilem3
2219 1585 2410 1632 secunda,

1378 1650 1430 1686 ad
1451 1649 1801 1697 concupiscibilem
1823 1661 1831 1686 :
1853 1649 1985 1695 tertia,
2007 1649 2060 1685 ad
2088 1648 2338 1685 irascibilem.
2361 1650 2413 1686 Dc

1377 1713 1507 1760 primo
1528 1712 1555 1734 ¹²
1578 1725 1586 1748 :
1604 1726 1621 1746 «
1635 1714 1686 1749 Ne
1707 1712 1909 1749 declinetis
1928 1712 1979 1749 ad
1998 1723 2151 1759 magoe,
2168 1723 2240 1749 nec
2261 1711 2413 1759 aliquid

1380 1775 1430 1811 ab
1450 1775 1614 1812 hariolis
1632 1774 1879 1812 sciscitemini
1901 1786 1909 1811 z
1925 1787 1943 1810 »
1962 1774 2025 1811 hic
2039 1774 2273 1822 prohibetur
2293 1773 2414 1811 decli-

1379 1837 1485 1879 natio
1510 1837 1562 1874 ad
1582 1848 1769 1875 errorem.
1792 1839 1844 1874 De
1870 1836 2045 1873 secundo
2075 1837 2103 1860 ¹⁸
2125 1848 2134 1874 :
2168 1849 2185 1870 «
2202 1836 2358 1874 Judices
2378 1837 2416 1874 et

1380 1899 1588 1946 magistros
1621 1899 1830 1936 constitues
1849 1911 1857 1935 :
1880 1913 1898 1935 »
1923 1901 1959 1935 et
1982 1898 2083 1935 infra
2107 1910 2115 1934 :
2141 1910 2160 1933 «
2181 1900 2223 1935 Ut
2238 1898 2415 1945 judicent

1378 1962 1571 2009 populum
1590 1961 1695 2008 justo
1722 1961 1894 2008 Judicio,
1915 1972 1989 1998 nec
2014 1960 2055 1997 in
2078 1960 2242 1997 alteram
2261 1963 2414 2008 partem

1382 2023 1579 2060 declinent
1600 2036 1608 2060 :
1631 2037 1648 2058 »
1671 2023 1735 2060 hic
1751 2023 1984 2071 prohibetur
2004 2022 2216 2060 declinatio
2234 2023 2286 2060 ad
2304 2022 2414 2060 favo-

1379 2096 1477 2122 rem.
1501 2088 1552 2122 De
1576 2086 1688 2123 tertio
1709 2087 1737 2108 ¹¹*
1760 2098 1768 2122 ;
1791 2098 1809 2120 «
1829 2087 1930 2123 Cave
1945 2113 1957 2131 ,
1979 2095 2028 2122 ne
2058 2084 2231 2122 declines
2260 2085 2312 2122 ad
2338 2084 2413 2121 ini-

1381 2148 1569 2195 quitatem
1589 2160 1597 2185 :
1619 2149 1721 2185 hanc
1752 2148 1859 2185 enim
1890 2147 2039 2195 coepisti
2056 2147 2166 2195 sequi
2185 2148 2274 2194 post
2292 2145 2413 2183 mise-

1379 2211 1480 2248 riam
1501 2222 1510 2247 ε
1533 2223 1550 2246 »
1572 2211 1636 2248 hic
1653 2210 1887 2258 prohibetur
1914 2209 2126 2247 declinatio
2147 2209 2199 2246 ad
2223 2208 2410 2246 furorem.

1809 2316 1981 2358 Epilogus.

1428 2398 1472 2433 Et
1488 2396 1565 2434 hoc
1595 2398 1650 2433 est
1677 2395 1787 2444 quod
1809 2396 1862 2433 ait
1893 2395 2086 2443 Propheta
2100 2423 2114 2441 ,
2132 2394 2196 2432 vel
2216 2395 2413 2432 scandalis

1380 2459 1636 2506 impugnatus
1651 2487 1662 2504 ,
1680 2469 1761 2495 non
1782 2460 2027 2505 expugnatus
2040 2484 2052 2502 ,
2081 2467 2179 2494 voce
2209 2457 2412 2504 propheti-

1381 2532 1425 2558 ca
1444 2532 1454 2558 ι
1473 2521 1649 2568 Superbi,
1681 2520 1972 2558 considerando
2002 2519 2210 2556 stultorum
2231 2518 2414 2555 differen-

1380 2583 1498 2629 tiam,
1521 2583 1632 2631 quod
1663 2585 1720 2619 est
1749 2583 2074 2629 bonum31m'que
2100 2582 2251 2627 aqebant
2284 2591 2413 2627 usque-

1381 2657 1542 2692 quaque,
1577 2645 1867 2682 considerando
1898 2643 2096 2681 malorum
2131 2642 2411 2688 sufferentiam,

1382 2708 1493 2755 quod
1523 2710 1578 2744 est
1608 2707 1778 2754 melius;
1807 2708 1840 2743 A
1873 2708 1945 2753 leqe
1972 2710 2092 2743 autem
2118 2708 2204 2750 tua,
2231 2705 2412 2742 conside-

1380 2770 1507 2806 rando
1535 2770 1630 2816 legis
1664 2769 1923 2806 reverentiam
1938 2797 1950 2813 ,
1972 2767 2083 2815 quod
2103 2769 2158 2804 est
2189 2767 2384 2814 optimum
2398 2778 2409 2812 ;

1380 2833 1461 2869 Non
1476 2833 1666 2876 declinavi,
1686 2830 1975 2868 considerando
1987 2830 2101 2877 Regis
2115 2828 2410 2873 adhaerentiam,

1382 2894 1492 2943 quod
1513 2896 1568 2931 est
1586 2893 1867 2941 peroptimum.

1748 3039 1966 3067 VERSICULUS
1993 3040 2043 3066 lv.

1430 3147 1486 3180 52.
1503 3146 1635 3180 Memor
1646 3145 1703 3187 fui
1709 3143 1931 3189 judiciorum
1946 3144 2099 3187 tuorum,
2115 3142 2186 3177 etc.
2199 3141 2410 3177 Memorato

1381 3207 1464 3253 spei
1482 3206 1621 3243 solatio
1644 3205 1695 3243 ad
1720 3204 2010 3251 subjectionum
2026 3231 2038 3249 ,
2060 3202 2325 3249 abjectionum
2339 3228 2352 3246 ,
2374 3203 2410 3236 et

1380 3325 1422 3332 —
1441 3309 1451 3326 ⁷
1471 3308 1582 3346 Deut„
1603 3315 1701 3347 xxxi,
1722 3308 1773 3338 29.
1802 3323 1836 3328 —
1858 3307 1869 3325 ⁸
1886 3305 1965 3345 ssa„
1986 3311 2048 3344 Lu,
2074 3305 2104 3335 5.
2122 3319 2163 3326 —
2181 3302 2193 3321 ⁹
2212 3302 2298 3335 Jacu
2319 3308 2357 3340 ιι,
2377 3301 2409 3332 8.

1380 3372 1420 3378 —
1434 3354 1461 3376 ¹⁰
1476 3354 1565 3386 Psal.
1581 3362 1681 3395 xvin,
1700 3355 1728 3386 8.
1741 3371 1782 3376 —
1801 3354 1825 3374 ¹¹
1843 3353 1945 3387 Rom„
1968 3359 2028 3390 vii,
2050 3351 2098 3381 ¹4.
2111 3366 2153 3372 —
2168 3348 2191 3368 ¹²
2206 3348 2409 3386 Levit.‚x1x,

1382 3405 1432 3433 31.
1454 3419 1490 3425 -
1515 3402 1538 3423 ¹³
1558 3402 1668 3440 Dent„
1689 3409 1763 3440 xvi,
1780 3401 1830 3431 19.
1853 3416 1887 3421 —
1911 3399 1932 3418 ¹⁴
1951 3397 2023 3438 λοῦ,
2044 3403 2168 3436 xxxw,
2189 3396 2241 3427 21.

1424 3460 1467 3500 (a)
1497 3461 1589 3501 Γαίῃ.
1610 3459 1777 3501 perversi.
