2633 3878
267 247 351 286 322
967 232 1242 278 EXPOSITIO
1272 231 1327 274 ΙΝ
1357 231 1710 274 PSALTERIUM.

266 329 509 370 deviantium
528 337 648 375 prena
676 326 726 363 ab
753 325 877 373 ipsius
900 323 1114 373 quadrupli
1135 323 1299 359 circum-

263 392 403 429 stantia
423 402 430 426 :
453 389 639 425 videlicet-
655 416 667 433 ,
689 387 783 435 quia
801 386 1047 424 rationabilis
1062 413 1073 429 ,
1093 383 1300 420 inaestima-

262 454 351 490 bilis
370 481 382 498 ,
421 450 698 488 inexcusabilis
713 478 723 495 ,
766 447 1079 486 interminabilis
1123 448 1298 490 Quorum

262 515 439 562 primum
459 512 615 559 respicit
644 511 898 557 sententiam3
921 508 1139 546 secundum
1152 535 1164 552 ,
1185 506 1298 543 susti-

266 576 459 621 nentiam5
482 575 657 618 tertium,
676 573 859 620 culpam;
880 574 1086 619 quartum,
1110 569 1233 616 eulpae
1254 579 1298 605 ac

265 649 391 685 pcenae
410 637 721 673 consonantiam.
738 635 911 671 Primum
927 635 1082 670 notatur
1095 642 1165 679 per
1183 631 1299 667 ratio-

265 700 397 736 nalem
415 699 732 745 conjunctionem
754 697 763 717 ¹
780 709 791 742 3
807 695 1041 740 secundum,
1061 704 1131 741 per
1150 692 1296 740 iniqui-

262 761 350 797 tatis
370 760 663 808 operationem3
686 758 841 795 tertium
858 768 929 805 per
947 757 1104 793 viarum
1124 754 1297 791 declina-

263 823 410 859 tionem
423 835 432 867 3
465 824 670 868 quartum,
692 831 763 867 per
783 819 1027 866 suppositam
1061 815 1296 855 ambulatio-

259 894 363 921 nem.

594 931 790 966 Articulus
809 931 963 976 primus.

308 1009 525 1055 Ostendens
545 1010 678 1056 itaque
702 1008 893 1055 Propheta
913 1003 1151 1042 necessitatis
1181 1002 1296 1039 ratio-

261 1083 350 1108 nem
370 1083 440 1119 per
471 1070 750 1108 rationabilem
776 1068 1043 1116 punitionem,
1062 1066 1115 1101 ait
1141 1077 1149 1101 :
1173 1066 1294 1110 Enim,

260 1135 372 1181 quasi
395 1134 498 1170 dicat
523 1145 531 1169 :
551 1136 644 1169 Eece
664 1132 784 1176 ratio,
800 1130 945 1166 scilicet
963 1126 1208 1165 rationabilis
1227 1136 1297 1172 pu-

259 1197 372 1241 nitio;
404 1198 439 1231 et
459 1195 646 1231 fundatur
671 1194 752 1229 hzec
779 1193 878 1229 ratio
899 1219 911 1237 ,
940 1201 1060 1238 quam
1090 1187 1297 1237 praetendit

258 1257 458 1294 rationalis
479 1256 725 1302 conJ'unctio,
759 1265 875 1302 super
904 1255 1006 1299 justo
1036 1251 1101 1288 Dei
1130 1249 1294 1297 J'udicio.

259 1319 362 1356 L'nde
376 1318 610 1363 notandum,
636 1316 749 1364 quod
770 1316 950 1352 divinum
965 1313 1156 1360 judicium
1173 1312 1296 1348 tribus

259 1382 307 1418 de
326 1381 450 1418 causis
466 1380 616 1427 justum
635 1378 778 1415 dicitur
807 1389 815 1413 :
833 1379 966 1423 utpote
987 1375 1081 1423 quia
1103 1376 1201 1411 Deus
1223 1384 1296 1410 nec

257 1444 444 1490 injustitia
473 1443 656 1488 vincitur,
703 1452 775 1478 nec
804 1440 980 1488 potentia
1010 1439 1190 1484 flectitur,
1223 1448 1295 1474 nec

257 1506 452 1554 imperitia
479 1505 710 1552 impeditur.
741 1506 793 1539 De
817 1503 947 1550 primo
966 1503 980 1523 2
1003 1514 1011 1538 :
1038 1513 1056 1535 «
1079 1503 1165 1539 Non
1191 1500 1296 1537 enim

258 1572 314 1606 est
333 1569 433 1605 alius
456 1570 555 1604 Deus
570 1595 581 1613 ,
603 1577 725 1614 quam
744 1568 808 1607 tu,
831 1565 893 1601 cui
913 1575 1007 1601 cura
1027 1565 1084 1600 est
1103 1563 1152 1600 de
1172 1562 1297 1600 omni-

259 1633 334 1669 bus
346 1659 358 1677 ,
378 1634 420 1668 ut
441 1631 648 1676 ostendas,
671 1629 862 1677 quoniam
881 1639 964 1665 non
983 1628 1124 1674 injuste
1141 1626 1296 1673 judicas

257 1693 453 1740 judicium
477 1705 485 1728 :
509 1706 527 1727 »
551 1703 595 1729 ac
616 1693 647 1727 si
668 1694 801 1739 aperte
831 1691 935 1728 dicat
956 1702 965 1726 z
987 1691 1122 1733 Enim,
1143 1688 1186 1724 id
1210 1690 1294 1734 est,

263 1766 353 1792 eece
386 1754 606 1800 rationem3
642 1755 723 1791 Non
751 1758 801 1789 cst
837 1755 930 1789 alius
962 1754 1056 1788 Deus
1087 1761 1195 1797 quam
1233 1754 1294 1795 tu,

261 1818 337 1854 hoc
365 1816 506 1852 dicitur
533 1818 725 1863 quantum
753 1815 805 1851 ad
836 1813 1095 1859 creationem;
1123 1815 1182 1848 cui
1209 1823 1296 1848 cura

262 1885 313 1917 est
335 1880 377 1915 de
397 1879 559 1915 ommibus
579 1878 655 1914 hoc
676 1877 816 1913 dicitur
845 1878 1037 1923 quantum
1070 1875 1122 1911 ad
1149 1884 1298 1911 recrea-

262 1942 409 1978 tionem
436 1953 446 1986 3
494 1942 535 1976 ut
589 1939 755 1975 ostendas
797 1940 966 1984 quoniam
1004 1938 1151 1983 judicas
1190 1936 1296 1982 judi-

261 2006 355 2039 cium
369 2031 379 2048 ,
420 2003 495 2039 hoc
533 2000 674 2037 dicitur
710 2003 903 2048 quantum
939 1999 991 2035 ad
1015 1997 1295 2045 particularem

260 2065 323 2101 vel
369 2063 633 2100 universalem
676 2062 898 2099 animarum
944 2059 1267 2106 dijudicationem
1283 2071 1294 2105 ς

260 2127 341 2161 Non
376 2126 538 2170 injuste,
583 2125 658 2161 hoc
689 2124 826 2160 dicitur
858 2125 1050 2170 quantum
1091 2122 1143 2158 ad
1173 2122 1297 2168 injus-

262 2187 350 2223 titiae
372 2187 688 2223 declinationem.
717 2188 769 2222 De
794 2185 968 2222 secundo
991 2184 1173 2220 scribitur
1197 2194 1297 2230 prae-

261 2249 373 2285 dictis
392 2249 495 2285 libro
523 2251 559 2285 et
582 2248 707 2295 capite
722 2249 736 2270 ³
759 2259 768 2283 ε
800 2260 818 2281 ι(
837 2247 928 2291 Quis
948 2246 1054 2283 enim
1074 2246 1174 2282 dicet
1193 2245 1262 2281 tibi
1285 2256 1294 2281 ε

263 2310 361 2357 quid
392 2310 539 2354 fecisti,
568 2312 634 2346 aut
667 2310 755 2356 quis
788 2309 904 2345 stabit
935 2310 1070 2344 contra
1102 2307 1296 2353 judicium

263 2372 406 2407 tuum?
430 2385 446 2405 »
486 2373 566 2408 Hoc
603 2373 697 2407 enim
729 2373 806 2416 est,
836 2369 946 2417 quod
981 2369 1153 2405 insinuat
1180 2368 1298 2405 ratio-

263 2443 366 2469 nem.
390 2435 478 2478 Quis
511 2433 604 2469 dicet
627 2433 696 2468 tibi
723 2445 734 2468 :
755 2432 843 2478 quid
863 2433 1016 2476 fecisti?
1044 2433 1122 2467 Hoc
1156 2430 1296 2466 dicitur

264 2498 455 2543 quantum
491 2496 542 2532 ad
579 2494 718 2541 judicii
754 2494 1087 2541 prosecutionem.
1108 2494 1187 2529 Aut
1216 2496 1298 2539 quis

265 2559 380 2594 stabit
418 2562 541 2593 contra
592 2558 770 2602 judicium
821 2560 921 2592 tuum
937 2560 954 2592 ἱ)
992 2556 1137 2593 scilicet
1166 2556 1297 2592 rebel-

263 2619 412 2664 lando,
439 2619 503 2655 vel
532 2619 772 2666 appellando
788 2631 799 2664 3
832 2618 907 2654 hoc
934 2618 1075 2654 dicitur
1103 2620 1296 2665 quantum

265 2682 316 2718 ad
332 2680 471 2728 judicii
491 2680 866 2727 promulgationem.
890 2683 940 2716 De
970 2680 1081 2717 tertio
1096 2680 1109 2701 ἶ*
1131 2692 1139 2716 :
1165 2692 1184 2713 ι(
1204 2681 1296 2716 Om-

264 2753 332 2778 nes
349 2743 383 2778 ei
402 2743 474 2779 viae
495 2746 567 2778 tuae
585 2744 730 2789 paratae
750 2745 853 2788 sunt,
873 2745 910 2779 et
926 2744 994 2778 tua
1009 2741 1159 2788 judicia
1174 2741 1215 2778 in
1232 2744 1297 2778 tua

264 2805 512 2851 providentia
554 2804 770 2851 posuisti.»
808 2807 888 2841 Istae
918 2806 988 2839 vz‘oe
1021 2806 1109 2840 sunt
1133 2803 1295 2849 judicia,

267 2866 373 2912 quia,
396 2867 494 2902 sicut
513 2866 553 2902 in
573 2866 729 2902 Cantico
750 2865 1039 2902 Deuteronomii
1058 2867 1233 2902 cantatur
1251 2866 1264 2887 ⁵
1286 2877 1295 2901 :

270 2941 288 2961 «
307 2929 372 2963 Dei
390 2927 560 2974 perfecta
580 2931 669 2964 sunt
685 2939 821 2975 opera,
839 2931 877 2964 et
893 2938 1028 2965 omnes
1046 2927 1121 2964 viae
1138 2927 1221 2973 ejus
1237 2927 1297 2973 ju-

267 2989 383 3025 dicia.
415 3003 432 3024 »
470 2991 554 3025 Hoec
583 2993 714 3026 autem
740 2990 883 3035 judicia
916 2989 1098 3025 dicuntur
1133 2992 1294 3035 parata,

266 3050 359 3097 quia
379 3050 580 3098 expedita3
598 3053 633 3086 et
652 3053 692 3086 in
704 3051 937 3096 providentia
947 3052 1085 3097 posita,
1101 3050 1196 3097 quia
1214 3059 1296 3087 non

263 3122 334 3159 per
352 3112 588 3160 imperitiam
609 3112 811 3159 impedita.

578 3217 766 3252 Articulus
792 3216 980 3252 secundm.

317 3299 605 3346 consequenter
651 3298 856 3336 declarans
899 3297 1092 3345 Propheta
1135 3307 1295 3344 poenam

263 3360 504 3407 praemissam
523 3372 605 3398 esse
619 3360 946 3406 inaestimahilem,
956 3358 1112 3396 subdit:
1132 3360 1203 3402 Qut·
1216 3370 1295 3406 ope-

307 3445 314 3462 ¹
338 3445 484 3486 Gaffice,
503 3446 709 3487 conjonction
725 3444 869 3477 causale.
886 3462 926 3469 —
946 3444 957 3463 ²
975 3443 1070 3484 Sap„
1089 3449 1159 3483 XII,
1181 3444 1231 3474 13.
1254 3459 1294 3465 ——-

263 3490 393 3534 ³1bid„
411 3494 462 3525 12.
481 3510 522 3517 -
538 3493 549 3513 ⁴
564 3493 698 3533 judith,
718 3501 775 3534 ix,
796 3496 827 3526 5.
846 3510 887 3518 —
903 3493 916 3516 5
934 3493 1047 3532 Deae„
1067 3498 1185 3531 xxxii,
1203 3491 1234 3523 4.
1254 3507 1294 3513 —-

1374 324 1502 358 rantur
1529 323 1774 368 iniquitatem.
1802 321 1864 357 Isti
1883 320 2095 368 iniquitatis
2125 325 2291 371 operarii
2312 327 2400 363 sunt

1377 383 1570 429 damnati,
1595 383 1635 419 in
1654 382 1760 419 malo
1782 382 2024 429 confirmati,
2052 383 2101 420 de
2128 385 2272 431 quibus
2302 387 2402 434 legi-

1376 455 1465 481 mus
1478 446 1514 481 ⁶:
1537 457 1555 479 «
1568 444 1755 481 Discedite
1776 455 1799 481 a
1817 455 1895 491 mc,
1917 455 2053 481 omnes
2073 447 2243 492 operarii
2261 447 2403 495 iniqui-

1374 508 1475 545 tatis.
1491 521 1510 543 »
1527 509 1570 544 Hi
1589 508 1784 555 siquidem
1803 512 2014 556 operantur
2032 508 2297 556 iniquitatem,
2317 522 2404 558 quoe

1373 580 1455 606 non
1474 572 1624 606 tantum
1644 573 1699 606 est
1718 569 1926 617 iniquitas,
1947 570 2017 606 sed
2035 570 2249 618 iniquitatis
2269 582 2406 618 poena-

1373 631 1472 669 litas.
1494 633 1601 668 Unde
1622 631 1825 678 operando
1845 631 2091 678 iniquitatem
2104 660 2114 677 ,
2135 631 2305 669 tolerant
2323 643 2405 680 poe-

1371 694 1592 738 nalitatem3
1628 692 1832 739 peccando
1862 693 2073 739 vapulant,
2105 695 2142 730 et
2170 694 2401 741 vapulando

1372 757 1556 802 pcccant3
1580 756 1617 790 et
1635 754 1733 790 sicut
1752 754 1880 791 totalis
1899 765 2038 791 eorum
2056 755 2138 792 vita
2158 757 2214 792 est
2232 756 2402 803 poenali-

1371 818 1453 862 tas,
1480 816 1534 852 sic
1560 817 1596 852 et
1621 815 1828 863 iniquitas,
1856 826 1943 863 quae
1963 818 2019 853 est
2037 815 2322 854 inaestimabilis
2341 828 2405 855 ca-

1370 877 1537 915 lamitas.
1568 878 1792 925 specialiter
1819 880 1950 915 autem
1971 880 2182 925 operantur
2209 878 2404 926 triplicem

1371 939 1617 987 iniquitatem
1639 952 1647 977 :
1669 939 1852 976 videlicet
1871 940 2117 988 iniquitatem
2136 940 2403 989 impatientiae,

1371 1001 1724 1049 incompatientiae,
1761 1002 2054 1050 impoenitentiae
2086 1015 2095 1039 :
2126 1013 2197 1050 per
2235 1014 2404 1050 quarum

1371 1063 1540 1110 primam
1560 1064 1845 1101 deordinantur
1875 1066 2069 1112 quantum
2095 1065 2148 1101 ad
2167 1067 2288 1102 Deum
2300 1078 2311 1112 3
2332 1076 2404 1113 per

1371 1125 1611 1170 secundam,
1639 1128 1833 1173 quantum
1860 1126 1912 1163 ad
1939 1126 2193 1173 proximum3
2225 1137 2296 1173 per
2327 1128 2403 1163 ter-

1371 1187 1489 1233 tiam,
1526 1187 1695 1234 quilibet
1726 1189 1918 1235 quantum
1949 1188 2000 1225 ad
2028 1188 2214 1235 seipsum.
2248 1190 2300 1224 De
2329 1188 2405 1224 hac

1371 1249 1575 1297 iniquitate
1593 1249 1734 1296 triplici
1752 1250 1853 1286 illud
1865 1250 2140 1297 propheticum
2155 1252 2280 1297 potest
2292 1249 2405 1286 intel-

1370 1311 1440 1358 ligi
1456 1312 1499 1347 ἵε
1525 1325 1542 1344 «
1558 1310 1829 1358 Iniquitatem,
1856 1311 2102 1358 iniquitatem
2118 1339 2130 1356 ,
2157 1311 2404 1359 iniquitatem

1370 1383 1519 1420 ponam
1552 1383 1663 1418 eam,
1683 1385 1701 1407 »
1732 1373 1877 1409 seilicet
1900 1373 2166 1419 reproborum
2192 1373 2314 1410 vitam
2323 1386 2334 1420 3
2367 1376 2402 1410 et

1370 1435 1446 1471 hoc
1463 1445 1545 1471 non
1563 1434 1652 1480 fiet,
1673 1437 1886 1482 antequam
1903 1434 2060 1480 veniat,
2084 1435 2195 1480 cujus
2221 1437 2276 1471 est
2294 1435 2399 1481 judi-

1372 1497 1476 1532 cium
1497 1507 1505 1531 :
1527 1497 1639 1544 quasi
1658 1496 1762 1533 dicat
1784 1509 1793 1533 :
1816 1498 1901 1533 Haec
1926 1496 2137 1534 obduratio
2164 1507 2246 1534 non
2268 1496 2335 1533 fiet
2359 1496 2399 1533 in

1370 1560 1454 1606 via,
1474 1559 1543 1596 sed
1561 1559 1603 1596 in
1621 1559 1803 1596 termino.

1712 1663 1901 1700 Articuzus
1928 1664 2068 1699 tertius.

1421 1745 1565 1782 Deinde
1585 1746 1797 1792 designans
1821 1745 1967 1782 dictam
1989 1755 2149 1791 poenam
2177 1755 2258 1781 esse
2285 1744 2398 1781 inex-

1372 1808 1609 1852 cusabilem,
1639 1807 1778 1844 addit:
1806 1808 1849 1843 In
1873 1809 1946 1842 viis
1972 1807 2058 1852 eJ'us.
2090 1805 2209 1842 Valde¹
2239 1807 2401 1854 quidem

1371 1869 1635 1906 inexcusabile
1662 1871 1718 1906 est
1745 1868 1830 1906 vias
1858 1868 2013 1905 Domini
2040 1868 2239 1904 declinare
2268 1880 2277 1904 :
2303 1878 2403 1915 prae-

1372 1932 1483 1968 dictae
1496 1942 1670 1978 namque
1681 1931 1752 1967 viae
1767 1932 1856 1967 sunt
1869 1932 1996 1976 rectae,
2015 1932 2051 1966 et
2070 1929 2161 1966 ideo
2176 1929 2401 1977 breviores3

1370 2005 1499 2041 purae,
1519 1996 1556 2031 et
1579 1994 1670 2030 ideo
1691 1993 1860 2030 leviores
1868 2005 1879 2040 3
1906 1993 2100 2040 pulchrae,
2133 1995 2169 2029 et
2193 1993 2285 2030 ideo
2313 2003 2402 2030 sua-

1370 2057 1500 2092 viores
1522 2068 1531 2092 :
1555 2058 1668 2092 rectae
1683 2084 1694 2101 ,
1716 2058 1910 2102 quantum
1929 2056 1981 2092 ad
1999 2054 2232 2092 intentiones
2240 2068 2250 2102 3
2272 2065 2380 2103 purae
2388 2083 2402 2102 ,

1371 2120 1564 2164 quantum
1584 2117 1637 2154 ad
1650 2117 1899 2164 affectiones;
1920 2117 2118 2164 pulchrae,
2140 2119 2332 2164 quantum
2349 2117 2402 2154 ad

1371 2179 1641 2226 cogitationes.
1664 2182 1715 2216 De
1735 2179 1865 2227 primo
1879 2180 1892 2200 8
1913 2191 1921 2215 :
1948 2191 1965 2213 «
1983 2181 2108 2216 Rectae
2127 2180 2217 2215 sunt
2235 2179 2307 2215 viae
2326 2180 2400 2216 Do-

1370 2241 1491 2286 mini,
1514 2243 1551 2277 et
1569 2240 1663 2287 justi
1683 2241 1946 2278 ambulabunt
1965 2241 2007 2276 in
2026 2241 2094 2276 eis.
2113 2253 2132 2276 »
2155 2242 2207 2276 De
2227 2239 2401 2277 secundo

1371 2303 1512 2339 dicitur
1537 2304 1550 2324 9
1574 2314 1583 2338 :
1609 2317 1626 2336 «
1646 2305 1744 2339 Deus
1770 2313 1908 2348 meus,
1939 2302 2148 2349 impolluta
2166 2302 2232 2340 via
2262 2302 2358 2349 eJus.
2378 2315 2396 2337 »

1371 2367 1422 2401 De
1442 2365 1552 2401 tertio
1575 2366 1628 2401 1⁰:
1657 2377 1675 2399 «
1692 2365 1768 2400 Viae
1787 2364 1897 2411 ejus,
1917 2364 1990 2401 viae
2011 2364 2198 2412 pulchrae.
2219 2378 2237 2400 »

1697 2470 1887 2506 Articulus
1914 2472 2079 2515 quartus.

1419 2553 1592 2600 Denique
1613 2552 1805 2589 denotans
1831 2562 1991 2599 poenam
2009 2551 2211 2599 praefatam
2236 2562 2318 2589 esse
2339 2552 2400 2589 in-

1370 2614 1686 2659 terminabilem,
1716 2613 1944 2660 superaddit
1966 2626 1975 2650 :
2007 2616 2089 2652 Non
2113 2615 2399 2651 ambulaverunt.

1370 2679 1444 2715 Ista
1462 2676 1620 2723 negatio
1640 2674 1943 2712 affirmationem
1969 2675 2176 2722 supponit,
2207 2676 2300 2722 quia
2318 2686 2400 2713 non

1370 2742 1487 2786 negat
1519 2737 1830 2775 ambulationem
1867 2737 2094 2784 simpliciter
2106 2740 2127 2782 ⁶,
2161 2737 2232 2774 sed
2264 2748 2399 2774 secun-

1371 2801 1468 2837 dum
1489 2799 1598 2847 quid.
1619 2799 1726 2835 Unde
1743 2799 1927 2845 negando
1943 2799 2255 2835 ambulationem
2267 2799 2309 2836 in
2326 2799 2399 2836 viis

1354 2852 1600 2906 dominicis,
1624 2860 1812 2907 supponit
1830 2860 2142 2897 ambulationem
2157 2860 2199 2896 in
2218 2860 2319 2905 aliis,
2336 2860 2399 2897 vel

1368 2923 1499 2971 potius
1518 2923 1559 2959 in
1576 2922 1705 2958 inviis.
1725 2922 2035 2958 Ambulaverunt
2050 2922 2182 2969 igitur,
2205 2926 2242 2959 et
2260 2922 2399 2959 ambu-

1367 2985 1490 3022 lando
1511 2985 1740 3021 erraverunt
1759 2983 1800 3020 in
1818 2983 1955 3030 inviis,
1976 2986 2012 3020 et
2044 2994 2126 3021 non
2144 2984 2231 3020 viis.
2251 2983 2398 3020 Ambu-

1368 3048 1549 3085 laverunt
1567 3047 1673 3083 enim
1692 3046 1976 3094 imprudenter,
1999 3045 2264 3093 impudenter,
2285 3048 2322 3082 et
2341 3046 2398 3082 in·

1370 3111 1604 3155 desinenter,
1625 3108 1844 3145 secundum
1864 3108 1937 3144 tria
1956 3107 1997 3143 in
2017 3109 2179 3154 peccato
2200 3110 2397 3154 contenta,

1369 3183 1458 3219 quae
1473 3174 1562 3208 sunt
1577 3175 1685 3208 actus
1695 3199 1707 3217 ,
1726 3171 1876 3216 reatus,
1891 3172 1928 3206 et
1940 3170 2110 3206 macula.
2130 3169 2396 3216 Imprudentia

1368 3234 1535 3280 pertinet
1564 3233 1616 3269 ad
1644 3234 1793 3279 actum3
1821 3231 2066 3279 impudentia
2094 3231 2147 3268 ad
2172 3230 2393 3275 maculam3

1369 3295 1631 3332 indesinentia
1647 3295 1701 3332 ad
1718 3296 1885 3330 reatum.
1901 3295 1952 3329 De
1969 3293 2099 3340 primo
2116 3291 2142 3315 ²¹
2164 3303 2173 3328 ε
2192 3303 2211 3326 ε(
2231 3291 2395 3336 Quieve-

1367 3395 1381 3416 ⁶
1398 3395 1488 3433 Luc„
1514 3402 1598 3434 xm,
1617 3393 1670 3424 27.
1689 3408 1729 3416 —
1755 3392 1769 3414 ⁷
1786 3390 1920 3431 Ezech„
1944 3397 2024 3430 xxl,
2043 3390 2097 3420 27.
2117 3405 2159 3412 ——
2183 3390 2194 3407 ⁸
2215 3388 2304 3429 Osca,
2323 3395 2395 3429 xw,

1370 3443 1422 3473 10.
1434 3458 1474 3465 —
1488 3443 1500 3460 ‘³
1517 3440 1606 3474 Psczl.
1627 3446 1714 3481 xvn,
1733 3439 1787 3471 31.
1803 3455 1845 3463 —-
1864 3438 1890 3461 ¹⁰
1905 3437 2019 3475 Prov„
2035 3443 2086 3475 ΠΙ,
2106 3437 2155 3470 Π.
2173 3452 2214 3460 -
2234 3435 2258 3458 ¹¹
2274 3435 2395 3476 Judc'c„

1368 3495 1401 3528 v,
1423 3491 1455 3521 6.

2623 628 2633 686 «ᾳ.
2631 605 2633 612 .
