2633 3878
218 287 293 324 330

216 370 512 419 respirantibus,
532 371 630 406 sicut
647 370 687 406 in
708 369 959 416 quaternario
979 368 1169 405 secundo.
1188 368 1246 404 Ad

215 434 303 477 hoe,
343 433 436 479 quia
469 432 705 479 suspirantes
739 430 935 467 interdum
972 430 1167 476 suspirant
1198 440 1246 465 ex

217 494 353 530 dolore
375 494 513 541 culpae,
545 493 743 529 interdum
772 504 819 528 ex
850 493 989 528 timore
1019 502 1164 538 poenae,
1190 491 1247 527 iu-

215 555 371 591 terdum
388 566 436 591 ex
454 555 617 591 horrore
641 555 809 600 malitiae,
827 553 1024 589 interdum
1043 563 1091 588 ex
1111 562 1246 588 amore

213 617 387 663 justitiae,
421 616 568 652 ideirco
603 616 773 653 seriatim
802 615 965 660 singulis
996 614 1140 661 singuli
1168 625 1247 651 res-

216 679 393 726 pondent
421 678 614 714 versiculi.
637 678 786 714 Primus
813 688 906 723 ergo
931 676 1147 713 versiculus
1167 687 1247 712 res-

216 741 367 787 pondet
386 741 660 788 psrnitentibus
681 751 729 776 ex
750 740 889 776 dolore
910 739 1033 786 culpae
1052 739 1249 786 suspiran-

218 802 336 847 tibus,
351 803 390 838 in
405 813 484 849 quo
500 805 668 849 quatuor
684 804 938 838 annotantur:
955 801 1097 848 primo,
1113 804 1249 847 stupor

218 864 397 909 rationis,
419 863 608 909 secundo,
630 863 744 899 dolor
764 863 1001 908 affectionis3
1025 862 1158 907 tertio,
1178 872 1249 908 pu-

219 926 293 961 dor
326 925 602 971 consessionis3
624 927 792 972 quarto,
824 925 940 961 labor
962 923 1246 960 satisfactionis.

217 989 392 1031 Quorum
405 987 579 1034 primum
592 988 765 1024 innuitur
779 987 818 1023 in
839 998 899 1032 co,
917 987 1026 1033 quod
1040 985 1249 1022 consilium

218 1049 421 1096 quaeritur3
445 1049 661 1085 secundum
682 1049 722 1084 in
742 1060 803 1094 eo,
829 1048 938 1095 quod
957 1050 1138 1095 peccator
1157 1057 1249 1094 pro-

219 1110 342 1155 ‹litur3
374 1111 529 1146 tertium
550 1111 588 1147 in
610 1122 678 1156 eo,
700 1111 809 1158 quod
828 1112 1030 1157 peccatum
1056 1108 1250 1156 proponi-

218 1175 297 1218 tur3
320 1175 505 1219 quartum
524 1173 564 1209 in
585 1184 646 1217 co,
666 1172 778 1220 quod
797 1171 1019 1208 remedium
1043 1171 1247 1218 reperitur.

555 1279 741 1314 Articulus
764 1280 918 1324 primus.

265 1359 322 1395 Ad
355 1359 527 1406 primum
557 1359 766 1396 articulum
796 1360 985 1406 pertinet,
1022 1359 1133 1406 quod
1159 1359 1252 1396 dicit

217 1421 408 1468 Propheta
437 1432 481 1457 ex
511 1422 754 1469 paenitentis,
782 1422 989 1469 stupentis,
1018 1424 1055 1458 et
1083 1422 1251 1458 dolentis

217 1493 409 1529 persona:
432 1485 474 1519 In
489 1495 556 1529 quo
571 1486 750 1529 corrz'qz't?
765 1485 860 1520 Ecce
873 1484 1082 1521 consilium
1098 1484 1248 1531 quaerit.

219 1546 258 1580 Et
280 1547 387 1588 nota,
410 1545 519 1591 quod
535 1545 617 1581 lizec
637 1545 798 1592 quaesiio
821 1548 877 1581 est
895 1545 1079 1590 difficilis,
1100 1547 1157 1582 est
1176 1546 1251 1582 uti-

219 1606 279 1651 lis,
301 1609 527 1643 nontamen
548 1611 603 1643 est
621 1607 864 1644 insolubilis:
884 1608 1068 1653 difficilis,
1089 1610 1251 1655 propter

219 1668 467 1704 correctionis
505 1668 791 1705 difficultatem:
818 1669 935 1715 utilis,
969 1672 1131 1717 propter
1163 1680 1251 1705 cor-

218 1729 398 1766 rectionis
417 1730 645 1772 utilitatem;
667 1731 735 1767 sed
758 1731 958 1775 solubilis,
979 1734 1141 1778 propter
1162 1741 1252 1767 eor—

219 1793 400 1829 rectionis
419 1793 732 1840 possibilitatem.
760 1796 811 1829 De
831 1793 960 1840 primo
978 1795 1013 1829 ¹:
1040 1807 1057 1827 «
1077 1794 1251 1830 Perversi

220 1854 378 1891 difficile
409 1855 676 1901 corriguntur3
703 1869 721 1889 »
753 1866 841 1892 ecce
871 1855 1121 1892 correctionis
1148 1855 1252 1891 diffi-

219 1916 353 1952 cultas.
388 1918 438 1952 De
471 1916 644 1952 seeundo
673 1918 712 1952 2:
740 1929 756 1949 «
786 1916 918 1953 Melius
946 1919 1002 1952 est
1029 1927 1053 1953 a
1079 1916 1252 1962 sapiente

219 1977 383 2024 corripi,
413 1988 533 2024 quam
562 1978 769 2014 stultorum
800 1978 1027 2015 adulatione
1060 1978 1208 2025 decipi3
1230 1991 1248 2012 »

219 2050 307 2075 ecce
342 2040 591 2076 correctIonis
619 2040 774 2076 utilitaS.
809 2043 858 2076 De
891 2041 1023 2085 tertio,
1056 2039 1252 2087 praedietis

219 2101 321 2137 libro
343 2103 379 2137 et
399 2101 570 2148 capitulo
591 2103 628 2138 3:
655 2114 674 2136 «
693 2104 763 2138 Per
783 2102 975 2138 tristitiam
996 2102 1143 2146 vultus,
1166 2112 1252 2138 eor-

218 2163 354 2209 rigitur
383 2163 537 2199 animus
563 2164 845 2211 delinquentis3
870 2178 888 2199 »
912 2174 999 2200 ecce
1028 2163 1253 2210 quaestionis

219 2225 460 2271 solubilitas,
483 2237 551 2262 seu
571 2226 822 2262 correctionis
840 2226 1094 2273 possibilitas.

535 2331 723 2366 Artz‘culus
748 2330 934 2366 secundus.

265 2413 323 2449 Ad
338 2413 555 2449 secundum
571 2413 779 2449 articulum
793 2412 972 2459 pertinet,
988 2411 1100 2459 quod
1118 2410 1250 2448 addit:

218 2477 497 2513 Adolescentior.
515 2479 609 2512 Ecce
623 2478 805 2523 peccator
817 2475 1015 2523 proditur:
1036 2485 1123 2511 ecce
1137 2474 1253 2510 dolor

219 2539 432 2576 affectionis
464 2539 670 2585 promitur.
691 2540 787 2575 Nam
813 2540 997 2585 peccator
1024 2536 1256 2573 adolescen-

219 2602 325 2637 tioris
361 2600 521 2637 nomine
554 2600 793 2646 designatur.
826 2602 869 2636 Et
899 2602 1012 2645 nota,
1046 2599 1157 2646 quod
1183 2609 1254 2646 per

219 2663 570 2699 adolescentiorem
590 2662 867 2698 convenienter
888 2661 1058 2697 insinuat
1076 2663 1253 2708 peccato-

220 2736 302 2761 rem
316 2753 326 2769 ,
371 2728 531 2772 propter
574 2724 767 2771 triplicem
812 2723 1005 2760 rationem
1027 2735 1035 2759 :
1071 2723 1255 2759 videlicet

221 2789 380 2833 propter
405 2786 670 2830 aversionem,
696 2785 1020 2830 conversionem,
1046 2787 1081 2821 et
1099 2795 1255 2830 perver-

223 2848 374 2883 sionem
393 2859 400 2882 :
426 2858 496 2894 per
517 2847 762 2883 aversionem
783 2858 806 2882 a
824 2846 932 2882 bono
953 2846 1165 2891 reeeditur3
1185 2856 1255 2892 per

225 2908 523 2944 conversionem
553 2908 604 2943 ad
632 2908 783 2943 malum
814 2907 1029 2952 aceeditur;
1067 2917 1137 2953 per
1168 2916 1256 2952 pcr-

224 2969 445 3005 versionem
484 2969 525 3003 in
561 2968 667 3004 malo
701 2968 940 3014 proceditur.
974 2970 1023 3004 De
1055 2968 1185 3014 primo
1214 2967 1227 2988 ¹0
1245 2979 1253 3003 :

229 3045 246 3063 «
267 3030 365 3066 uixit
384 3029 668 3065 adolescentior
688 3030 811 3075 patri.-
835 3032 956 3074 Pater,
979 3029 1031 3066 da
1049 3029 1145 3065 mihi
1167 3039 1257 3075 por-

226 3092 375 3128 tionem
394 3091 633 3135 substantiae,
651 3102 738 3137 quse
753 3102 816 3127 me
837 3091 1034 3137 contingit.
1058 3105 1074 3124 n
1091 3092 1119 3127 Ο
1136 3101 1257 3137 quam

226 3153 332 3190 mala
349 3153 478 3199 portio
491 3181 502 3198 ,
525 3163 646 3199 quam
665 3152 771 3188 mala
790 3152 980 3198 portionis
999 3153 1152 3198 petitio!
1181 3151 1257 3188 Ab·

229 3215 378 3251 dicatur
399 3215 505 3250 enim
523 3214 677 3250 bonum
695 3216 951 3261 perpetuum,
974 3218 1010 3250 et
1027 3213 1258 3249 vendicatur

229 3276 380 3312 bonum
394 3276 674 3312 transitorium.
689 3276 776 3312 Tale
791 3276 942 3312 bonum
957 3274 1151 3322 peccatori
1169 3284 1258 3310 con-

230 3337 355 3383 tingit,
376 3337 470 3384 quia
491 3338 587 3373 dum
604 3337 701 3373 boni
727 3336 936 3373 transitorii
956 3336 1182 3372 fruitionem
1203 3338 1258 3371 at-

232 3399 362 3444 tingit,
381 3399 431 3435 ad
450 3398 676 3435 fruitionem
695 3399 792 3436 boni
819 3398 997 3446 perpetui
1016 3408 1097 3434 non
1115 3397 1261 3444 pertin-

282 3529 291 3549 ¹
310 3527 430 3568 Eccle„
452 3536 481 3568 1,
506 3531 554 3561 15.
578 3545 616 3553 —-
638 3529 648 3547 ²
675 3529 796 3566 Eccle„
814 3536 880 3569 vn,
904 3530 935 3561 6.
955 3544 996 3552 -
1017 3527 1030 3549 ³
1047 3527 1145 3568 ibid„
1171 3530 1200 3560 4.
1221 3543 1260 3550 —

906 277 1183 320 EXPOSITIO
1214 277 1264 320 IN
1295 277 1647 320 PSALTERIUM.

1319 368 1386 414 git.
1409 370 1495 405 Hoec
1515 378 1610 415 ergo
1631 366 1951 405 adolescentioris
1968 367 2102 415 petitio
2123 370 2193 414 est,
2211 379 2347 416 pecca-

1318 430 1412 467 toris
1425 431 1576 467 aversio
1589 430 1639 467 ab
1652 428 1965 466 incommutabili
1974 429 2096 465 bono.
2109 431 2159 466 De
2173 432 2345 469 secundo

1319 492 1500 528 scribitur
1527 492 1676 528 eisdem
1704 492 1806 527 libro
1838 494 1874 527 ct
1906 491 2075 538 capitulo
2093 490 2131 528 ⁵:
2158 492 2344 538 (Adoles-

1320 553 1466 590 centior
1484 553 1613 598 filius)
1639 566 1655 585 α
1676 563 1838 599 peregre
1858 552 2053 599 profectus
2082 554 2138 588 est
2162 552 2202 588 in
2221 552 2347 599 regio-

1318 625 1410 650 nem
1428 614 1735 661 longinquam.»
1753 615 1781 650 Ο
1799 624 1920 660 quam
1938 614 2043 650 mala
2063 614 2342 661 peregrinatio!

1320 677 1348 712 O
1369 686 1489 722 quam
1507 675 1613 711 mala
1631 674 1842 721 profectio!
1865 674 1945 711 imo
1961 675 2091 711 verius
2112 675 2296 712 defectio!
2319 678 2347 713 (t

1321 747 1441 784 quam
1461 736 1680 782 longinqua
1698 736 1822 781 regio,
1838 746 1919 771 non
1937 736 2088 781 localis,
2102 737 2172 773 sed
2186 738 2348 774 moralis

1321 797 1532 843 elongatio,
1554 807 1633 844 qua
1653 797 1768 833 distat
1784 807 1807 832 a
1825 797 2116 844 pulchritudine
2135 799 2351 845 turpitudo,

1321 871 1344 896 a
1365 859 1498 895 divina
1517 859 1771 895 similitudine
1792 858 2086 896 dissimilitudo!
2109 862 2193 896 Hoec
2219 860 2351 907 itaque

1320 920 1526 968 peregrina
1559 920 1879 957 adolescentioris
1903 920 2093 967 profectio
2125 923 2181 958 est
2211 932 2353 968 pecca-

1320 983 1415 1019 toris
1453 983 1505 1019 ad
1543 983 1824 1019 commutabile
1856 983 2009 1019 bonum
2047 983 2263 1020 conversio.
2300 986 2352 1021 De

1320 1044 1481 1081 tertiossz
1509 1057 1527 1079 «
1557 1044 1894 1081 Adolescentiores
1913 1045 2055 1082 viduas
2081 1045 2233 1092 devita5
2262 1056 2354 1082 cum

1323 1107 1429 1143 enim
1455 1106 1660 1142 luxuriatae
1686 1106 1828 1143 suerint
1857 1107 1898 1142 in
1919 1107 2088 1152 Christo,
2114 1108 2264 1144 nubere
2282 1118 2355 1144 vo-

1322 1169 1434 1214 lunt,
1474 1169 1665 1206 habentes
1703 1169 2022 1217 damnationem,
2062 1171 2155 1218 quia
2184 1171 2356 1218 primam

1322 1230 1446 1266 fidem
1469 1230 1619 1267 irritam
1643 1231 1843 1268 fecerunt:
1865 1245 1883 1267 »
1905 1243 1950 1269 ac
1974 1232 2005 1268 si
2030 1235 2162 1280 aperte
2183 1233 2353 1270 diceret:

1328 1306 1345 1326 «
1365 1293 1510 1328 Viduas
1529 1292 1876 1339 adolescentiores.
1899 1307 1918 1329 »
1935 1293 2081 1330 scilicet
2095 1297 2287 1341 quantum
2305 1295 2357 1331 ad

1323 1358 1489 1401 oetatem,
1503 1355 1684 1402 «devita,
1703 1370 1720 1389 »
1741 1356 1885 1392 scilicet
1905 1359 2064 1403 propter
2080 1357 2356 1394 lubricitatem.

1328 1430 1347 1452 «
1366 1419 1464 1453 Cum
1485 1417 1593 1454 enim
1611 1418 1816 1454 luxuriatae
1839 1417 1983 1454 fuerint
2007 1417 2048 1453 in
2066 1417 2227 1463 Christo,
2247 1430 2266 1453 »
2288 1418 2359 1454 sci-

1323 1480 1414 1517 licet
1427 1482 1620 1527 quantum
1636 1480 1688 1516 ad
1701 1480 1960 1524 voluntatem,
1979 1481 2152 1516 «nubere
2168 1480 2320 1525 volunt,
2338 1494 2356 1514 υ

1324 1542 1470 1578 scilicet
1509 1545 1700 1589 quantum
1731 1542 1784 1579 ad
1822 1542 2086 1589 voluptatem,
2122 1554 2140 1575 ‹<
2170 1542 2358 1578 habentes

1326 1604 1622 1641 damnationem
1652 1618 1670 1639 >³
1694 1605 1854 1652 propter
1882 1604 2192 1651 instabilitatem,
2226 1619 2244 1638 «
2265 1604 2358 1651 quia

1324 1667 1495 1714 primam
1525 1667 1648 1703 fidem
1672 1667 1820 1703 irritam
1843 1666 2024 1712 [fecerunt
2048 1680 2066 1702 »
2087 1668 2248 1714 propter
2271 1676 2361 1713 pec-

1326 1728 1441 1765 candi
1460 1729 1711 1776 pronitatem.

1669 1833 1860 1868 Articulus
1887 1835 2027 1869 tertius.

1372 1914 1432 1950 Ad
1452 1914 1605 1950 tertium
1626 1916 1793 1961 spectat,
1814 1915 1925 1961 quod
1943 1914 2076 1951 subdit
2094 1916 2223 1952 :Viam
2241 1925 2356 1951 suam.

1326 1976 1395 2012 Via
1425 1975 1746 2012 adolescentioris
1765 1967 1835 2012 est
1865 1975 1983 2022 culpa
2008 1976 2243 2023 peccatoris,
2273 1987 2360 2024 quae
2419 1989 2520 2015 Pecca-

2379 2029 2450 2056 toris
2470 2029 2519 2056 vi:

2379 2069 2483 2105 qualis.

1325 2037 1561 2085 proponitur
1588 2037 1740 2084 pudore
1762 2037 2027 2074 confessionis.
2049 2039 2092 2074 Et
2115 2040 2229 2083 nota,
2249 2039 2360 2086 quod

1326 2098 1541 2147 peccatoris
1568 2099 1632 2135 via
1656 2100 1712 2135 est
1738 2099 1966 2145 tenebrosa,
1992 2099 2168 2144 lubrica,
2195 2103 2232 2136 et
2257 2100 2358 2147 lapi-

1327 2161 1447 2207 dosa,
1478 2160 1686 2196 tenebrosa
1716 2160 1857 2196 dicitur
1884 2163 2046 2208 propter
2071 2161 2356 2208 ignorantiam;

1326 2225 1492 2268 lubrica,
1512 2226 1673 2271 propter
1689 2223 2002 2270 immunditiam,
2024 2224 2218 2271 lapidosa,
2240 2235 2360 2272 prop-

1327 2290 1382 2322 ter
1395 2286 1524 2322 cordis
1538 2285 1736 2330 duritiam,
1748 2296 1815 2320 seu
1830 2285 2099 2332 pertinaciam.
2115 2288 2166 2321 De
2183 2286 2312 2333 primo
2323 2288 2356 2322 ⁷:

1332 2361 1350 2381 «
1368 2348 1437 2384 Via
1464 2347 1678 2394 impiorum
1705 2346 1938 2383 tenebrosa:
1968 2347 2147 2383 nesciunt
2174 2347 2244 2383 ubi
2273 2358 2359 2383 cor-

1325 2411 1453 2445 ruant.
1478 2421 1495 2443 »
1519 2408 1739 2444 Tenebrosa
1769 2407 1911 2444 dicitur
1938 2411 2099 2455 propter
2128 2408 2359 2455 impruden-

1327 2471 1440 2516 tiam;
1473 2470 1543 2506 sed
1572 2483 1590 2504 «
1618 2469 1796 2506 nesciunt
1825 2469 1895 2505 ubi
1925 2471 2130 2515 corruant,
2161 2472 2362 2517 »propter

1327 2531 1569 2578 injustitiam.
1603 2533 1654 2567 De
1688 2530 1864 2567 secundo
1895 2531 1940 2567 ⁸:
1977 2545 1995 2563 «
2023 2531 2092 2567 Via
2122 2541 2260 2568 eorum
2291 2531 2363 2568 erit

1329 2593 1441 2641 quasi
1468 2593 1668 2629 lubricum
1693 2593 1734 2628 in
1760 2592 1942 2628 tenebris.
1964 2606 1982 2626 »
2006 2594 2057 2628 De
2077 2593 2245 2639 utroque
2265 2603 2361 2629 vero

1329 2655 1471 2692 dicitur
1489 2656 1529 2691 ⁹:
1555 2668 1574 2688 «
1594 2655 1675 2691 Fiat
1698 2654 1764 2690 via
1791 2654 1951 2690 illorum
1978 2653 2149 2690 tenebrae
2178 2655 2215 2690 et
2239 2653 2362 2690 lubri-

1329 2729 1433 2754 cum.
1463 2732 1480 2750 »
1514 2717 1676 2753 Tenebrae
1701 2718 1877 2763 spectant
1901 2715 1953 2752 ad
1978 2715 2264 2762 ignorantiam,
2291 2716 2362 2752 sed

1330 2781 1503 2816 lubricum
1531 2779 1584 2815 ad
1612 2777 1918 2814 immunditiam.
1949 2779 1999 2813 De
2032 2778 2140 2813 tertio
2170 2777 2227 2813 ¹⁰:
2258 2789 2275 2811 ι(
2293 2777 2361 2813 Via.

1328 2841 1573 2888 peccantium
1597 2839 1849 2886 complanata
1868 2841 1925 2875 est
1941 2839 2163 2885 lapidibus,
2192 2840 2228 2874 ct
2253 2838 2293 2874 in
2312 2839 2360 2874 fi-

1329 2913 1421 2938 nem
1441 2901 1599 2938 illorum
1620 2900 1748 2944 inferi,
1770 2903 1806 2936 et
1823 2901 2006 2944 tenebrae,
2027 2902 2216 2947 etpoenae.
2232 2913 2249 2934 »
2263 2901 2363 2944 Quo-

1329 2975 1418 3000 rum
1444 2963 1617 3010 primum
1640 2962 1805 3009 pertinet
1828 2962 1880 2997 ad
1900 2962 2082 3008 culpam,
2103 2961 2248 2998 scilicet
2271 2971 2361 3008 pcr-

1331 3024 1515 3061 tinaciam
1532 3038 1543 3070 3
1574 3023 1792 3060 secundum
1826 3023 1878 3058 ad
1905 3033 2093 3070 pcenam:
2127 3033 2221 3059 nam
2250 3024 2364 3066 inferi

1332 3090 1506 3134 spectant
1522 3087 1573 3123 ad
1592 3096 1753 3133 poenam
1772 3085 2028 3130 exteriorem,
2058 3095 2145 3131 qua}
2165 3086 2221 3121 est
2245 3093 2364 3131 poena

1332 3149 1433 3195 ignis
1446 3162 1456 3195 3
1479 3149 1629 3185 teizebroe
1649 3147 1702 3184 ad
1730 3157 1890 3194 poenam
1917 3146 2180 3193 superiorem,
2202 3156 2290 3193 quae
2308 3147 2364 3181 est

1331 3222 1450 3258 poena
1489 3210 1647 3254 damni,
1685 3219 1753 3245 seu
1790 3208 1961 3245 carentia
1998 3208 2141 3245 divinae
2175 3206 2360 3251 visionis;

1333 3284 1443 3320 poenoe
1475 3283 1568 3309 vero
1599 3272 1650 3309 ad
1671 3282 1830 3319 poenam
1851 3272 2097 3315 interiorem,
2118 3280 2205 3316 quae
2223 3268 2363 3305 dieitur

1333 3345 1450 3382 poena
1469 3334 1628 3371 vermis.

1337 3432 1347 3449 ⁴
1366 3433 1454 3468 Luc„
1474 3439 1533 3470 xv,
1556 3432 1605 3462 12.
1630 3447 1671 3453 -
1697 3431 1708 3448 ⁵
1736 3428 1905 3468 thid.,1⁰.
1927 3444 1965 3451 -
1986 3428 2147 3466 ⁶1Tz'm.,
2173 3434 2203 3467 v,
2234 3428 2284 3467 ll,
2309 3428 2360 3457 ¹12.

1335 3496 1376 3502 —
1403 3480 1411 3497 ⁷
1436 3479 1546 3518 prov„
1574 3485 1618 3516 iv,
1647 3479 1698 3509 19.
1723 3493 1759 3499 —
1783 3477 1794 3494 ¹³
1816 3476 1950 3514 Jerem„
1977 3482 2084 3514 xxm,
2109 3476 2158 3506 12.
2181 3489 2215 3497 —-
2238 3475 2250 3492 υ
2271 3474 2359 3505 I'sal.

1335 3533 1453 3558 xxxw.
1474 3528 1506 3557 6.
1526 3542 1566 3548 -
1590 3525 1619 3547 ¹⁰
1637 3523 1756 3563 Eccli.‚
1776 3530 1848 3563 xxi,
1871 3525 1920 3554 11.
