2633 3878
58 675 171 703 Forata-

29 723 108 744 cere.

22 2253 153 2286 Quercus

1042 205 1282 248 PSALMUS
1311 206 1485 252 CXVIII.

187 298 384 347 pudorem
411 299 698 337 confessionis:
731 309 781 336 ne
805 296 953 335 scilicet
986 304 1058 343 per
1088 294 1221 342 pudo-

186 371 272 398 rem
290 361 443 410 aliquid
461 361 652 399 mendose
671 361 890 406 subticeas3
908 357 979 394 sed
998 357 1040 394 in
1058 357 1221 394 veritate

187 425 349 470 peccata
383 426 449 460 tua
480 434 755 471 recognoscas,
788 424 826 459 et
860 420 993 467 agnita
1017 429 1088 467 per
1116 418 1221 456 salu-

188 485 301 521 brem
341 486 626 523 confessionem
664 485 785 521 dicas.
833 482 959 521 Tertia
993 481 1221 518 rectificatio

189 547 412 594 figuratur¹
441 560 450 584 :
478 562 496 581 ι(
525 549 690 593 Statera,
712 547 858 594 inquit,
890 545 1032 582 dolosa
1059 553 1141 580 non
1166 544 1223 580 est

191 610 297 646 bona
332 622 340 646 ι
377 621 400 646 a
438 610 603 647 Domino
639 609 862 657 diriguntur
895 617 1049 655 gressus
1078 605 1167 642 viri.
1200 618 1218 641 »

191 672 336 708 statera
368 672 486 708 dolosa
512 673 568 708 est
598 671 727 718 magis
756 671 990 716 forefacere,
1023 671 1061 706 et
1091 668 1222 706 minus

189 734 423 779 satisfacere,
461 734 542 771 sive
579 744 653 781 pro
691 733 834 780 maj0ri
872 732 989 780 culpa
1025 731 1222 769 minorem

188 807 349 844 poenam
375 796 553 833 reddere.
579 797 663 832 Viri
686 798 817 833 autem
843 795 1027 831 dicuntur
1046 794 1222 831 satisfac-

189 861 292 895 tores
310 858 487 895 virtuosi.
506 858 549 895 ni
567 858 751 895 dicuntur
769 869 791 894 a
807 859 956 893 Domino
971 857 1086 902 cliriqt'
1102 857 1221 903 digne

188 920 463 958 satisfaciendo
497 933 506 957 :
549 930 636 957 ecee
670 919 944 957 satisfactionis
978 919 1219 957 rectificatio.

187 983 322 1031 Liquet
341 993 437 1030 ergo
456 982 597 1031 triplex
617 982 870 1021 affectionum
887 982 1130 1028 rectificatio,
1152 992 1222 1020 seu

188 1044 374 1092 directio,
406 1056 528 1094 quam
550 1046 698 1093 justitia
722 1045 814 1082 facit
840 1045 882 1082 in
914 1044 1094 1091 ingressu
1113 1055 1186 1082 suo
1209 1058 1219 1083 :

187 1108 294 1145 unde
328 1108 498 1156 legimus
525 1108 575 1146 ²:
619 1120 637 1143 «
673 1108 824 1147 sustitia
860 1107 1049 1157 simplicis
1088 1107 1222 1156 dirigit

186 1171 293 1209 viam
313 1171 410 1218 eJus.
431 1184 450 1207 »

503 1271 694 1308 Articulus
711 1269 897 1308 secundus.

232 1363 430 1408 Quantum
448 1361 501 1400 ad
522 1361 762 1407 secundum,
780 1359 962 1398 subditur
984 1373 995 1396 ε
1022 1359 1101 1398 Vz'ae
1121 1371 1220 1407 meae,

186 1435 268 1462 non
283 1426 349 1462 via
364 1435 474 1470 mea,
499 1424 613 1472 quasi
633 1423 804 1460 diceret:
824 1422 979 1471 plureS,
999 1432 1083 1459 non
1107 1433 1187 1460 una
1208 1435 1217 1460 :

185 1498 274 1525 eece
288 1487 464 1534 viarum,
483 1498 553 1524 seu
572 1486 826 1524 affectionum
851 1486 1077 1522 nostrarum
1095 1485 1221 1533 pluri-

183 1550 329 1588 ficatio.
365 1552 410 1587 Et
445 1551 554 1595 nota,
594 1548 706 1596 quod
737 1549 780 1585 in
815 1558 1030 1596 progressu
1063 1547 1220 1593 justitiae

182 1612 386 1660 tripliciter
427 1611 740 1659 multiplicantur
783 1610 1011 1648 affectiones
1050 1611 1220 1657 nostrae,

182 1674 366 1713 videlicet
396 1685 420 1711 a
455 1675 566 1721 parte
603 1672 822 1721 superiori,
852 1682 924 1721 per
954 1671 1220 1720 frequentiam

183 1736 566 1785 compunctionum;
602 1734 803 1781 inferiori,
850 1744 922 1782 per
957 1733 1220 1782 frequentiam

183 1799 578 1847 contemplationum3
614 1797 816 1845 interiori,
849 1808 920 1845 per
955 1797 1220 1845 frequentiam

183 1861 514 1900 consolationum.
534 1863 632 1898 Nam
654 1871 746 1898 cum
762 1860 987 1908 justificatio
1011 1870 1219 1908 prospera·

183 1928 259 1970 tur,
281 1923 525 1972 frequentius
551 1923 685 1960 anima
715 1923 1020 1971 compungitur,
1039 1925 1217 1960 contem-

180 1987 333 2036 platur,
360 1986 615 2023 confortatur.
644 1987 696 2022 De
720 1985 851 2034 primo
877 1985 1095 2033 figuraliter
1120 1985 1218 2023 dici-

181 2052 243 2086 tur
271 2051 285 2073 ³
309 2061 318 2085 ε
350 2051 447 2086 Unus
470 2058 621 2094 cuncus,
642 2048 685 2084 id
705 2049 762 2085 est
788 2047 1044 2085 affectionum
1072 2050 1216 2095 coetus,

180 2114 279 2149 venit
290 2123 357 2159 per
372 2113 482 2154 viam,
502 2111 647 2148 scilicet
663 2111 979 2158 compunctionis
994 2122 1003 2148 ε
1021 2122 1085 2156 per
1103 2113 1217 2158 viam,

180 2175 370 2223 inquam,
397 2185 478 2221 quae
507 2175 659 2220 respicit
682 2183 870 2220 quercum,
898 2172 941 2209 id
966 2174 1042 2220 est,
1070 2173 1218 2211 vitiosi-

179 2239 299 2275 tatem
327 2237 542 2274 actionum.
570 2237 743 2281 Quercus
770 2236 876 2273 enim
906 2236 1061 2283 lignum
1087 2236 1217 2274 ferens

177 2298 348 2336 fructum
370 2298 501 2346 porcis
527 2298 717 2337 duntaxat
740 2298 1065 2346 convenientem,
1100 2299 1218 2346 signi-

162 2361 271 2398 ·ficat
295 2363 426 2398 actum
442 2360 643 2397 vitiosum.
666 2362 718 2397 De
736 2360 912 2398 secundo
932 2362 947 2385 ⁴
967 2373 976 2399 :
1005 2373 1023 2395 «
1041 2362 1154 2399 Ibant
1174 2362 1216 2399 in

59 2657 161 2682 Vaccae

27 2696 152 2723 mundas

21 2738 160 2765 denotant

28 2787 41 2806 a
48 2778 151 2806 [rectio-

21 2828 84 2847 nes.

41 2873 160 2900 Bethsa-

55 2921 118 2940 mes

51 2954 134 2988 quid.

181 2423 374 2460 directum
393 2433 542 2469 vaccae,
561 2436 580 2459 »
613 2423 657 2460 id
676 2425 751 2469 est,
771 2423 999 2461 affectiones
1029 2425 1191 2462 mundae
1201 2438 1214 2473 3

181 2495 313 2530 arcam,
334 2484 376 2521 id
397 2486 466 2530 est,
481 2484 728 2532 spiritualem
745 2485 936 2531 animam,
956 2486 1213 2533 deportantes,-

180 2558 245 2593 per
278 2549 396 2593 viam,
431 2547 576 2584 scilieet
611 2547 970 2595 contemplationis,
1001 2559 1080 2595 quae
1115 2549 1216 2585 ducit

180 2610 403 2656 Bethsames,
428 2609 471 2646 id
495 2611 575 2657 est,
611 2609 663 2648 ad
696 2610 864 2648 domum
898 2610 1211 2649 illuminationis.

180 2673 252 2709 Per
277 2682 438 2718 vaccaS,
459 2683 547 2720 quae
576 2672 676 2709 inter
701 2672 888 2710 animalia
908 2673 1062 2710 munda
1090 2673 1214 2722 depu-

180 2737 324 2781 tantur,
343 2734 569 2772 affectiones
581 2734 742 2771 mundae
756 2734 993 2772 denotantur
1000 2748 1011 2782 ;
1025 2746 1098 2783 per
1114 2747 1213 2784 quas

178 2798 355 2845 portetur
369 2806 459 2834 arca
474 2795 646 2843 foederiS,
660 2796 700 2832 id
717 2798 785 2842 est,
804 2797 936 2835 anima
948 2797 1078 2835 fidelis
1093 2797 1213 2836 foede-

177 2862 263 2896 rata
275 2870 366 2896 cum
378 2861 456 2896 Deo
471 2858 620 2896 foedere
635 2858 843 2896 charitatis.
860 2859 1083 2897 Bcthsames
1098 2860 1212 2898 inter-

178 2924 352 2968 pretatur
386 2921 530 2958 domus
557 2920 881 2968 illuminationis,
913 2922 956 2958 id
985 2925 1041 2960 est
1069 2923 1212 2961 domus

179 2982 355 3020 coelestis.
369 2985 474 3019 Tunc
494 2983 626 3030 itaque
645 2983 686 3020 in
706 2983 899 3021 directum
917 2985 1069 3022 vadunt
1083 2997 1212 3024 vace-:e

178 3055 250 3092 per
272 3045 381 3082 viam
410 3055 498 3092 quae
524 3045 632 3082 ducit
655 3046 897 3092 Bethsames,
929 3057 1018 3083 cum
1051 3049 1212 3086 mundae

178 3107 404 3144 affectiones
439 3107 682 3155 spiritualem
721 3108 895 3146 animam
932 3109 1184 3158 deportantes
1198 3140 1212 3159 ,

178 3170 324 3207 directe
342 3170 493 3208 vadunt
518 3181 590 3218 per
611 3170 719 3208 viam
739 3172 1100 3220 contemplationis,
1123 3186 1211 3223 quae

178 3233 286 3270 ducit
312 3231 366 3270 ad
394 3233 560 3270 domum
591 3233 900 3271 illuminationis.
935 3238 986 3271 De
1016 3237 1128 3275 tertio
1156 3239 1170 3262 ⁵
1198 3252 1208 3277 :

183 3308 201 3328 «
215 3297 383 3332 Cunctus
402 3296 591 3343 populuS,
606 3309 623 3330 n
647 3296 688 3332 id
708 3299 777 3343 est,
793 3296 1045 3336 affectionum
1061 3302 1210 3339 exerci-

179 3358 239 3393 tus
249 3369 256 3393 :
265 3371 283 3391 «
293 3358 502 3395 incedebat
510 3361 645 3395 contra
655 3359 761 3395 viam
774 3359 902 3406 olivae,
912 3374 928 3394 »
945 3361 986 3397 id
995 3363 1063 3408 est,
1073 3373 1210 3402 versus

223 3438 233 3460 ¹
252 3437 362 3479 Prov.,
382 3449 442 3481 xx,
458 3443 510 3474 23.
527 3459 568 3466 —
591 3442 727 3484 ²P2·ov.,
744 3450 795 3484 x1,
814 3445 846 3476 5.
860 3461 900 3468 --
918 3444 932 3467 ³
945 3444 1066 3484 ludia,
1087 3454 1133 3486 ix,
1155 3449 1207 3480 37.

180 3501 219 3508 -—
239 3484 278 3516 ⁸1
298 3485 388 3527 Κεφ,
407 3494 455 3528 v1,
473 3490 524 3521 ¹2.
544 3505 585 3514 —-
604 3491 617 3512 ¹⁵
639 3491 665 3522 ll
686 3489 776 3532 Κεφ,
793 3499 850 3532 κν,
873 3493 924 3525 23.
947 3509 987 3516 —
1009 3493 1022 3516 ⁰
1043 3493 1138 3536 Gen„
1154 3503 1208 3538 111,

2253 214 2330 252 325

1297 295 1469 334 laetitiam
1507 298 1766 345 spiritualem,
1805 308 1875 347 per
1912 300 2019 338 viam
2049 301 2330 339 consolationis

1295 357 1456 395 internae
1500 361 1537 397 et
1574 359 1797 407 spiritualis
1843 362 2014 409 Populus
2057 374 2150 410 ergo
2193 365 2329 401 contra

1296 419 1403 457 viam
1435 421 1551 458 olivas
1576 422 1705 467 vadit,
1733 433 1824 459 cum
1856 424 2107 461 affectionum
2138 426 2328 463 exercitus

1295 492 1432 519 versus
1464 483 1636 520 laetitiam
1665 484 1907 532 spiritualem
1933 496 2003 534 per
2027 486 2132 524 viam
2153 488 2329 526 consola-

1296 544 1412 581 tionis
1430 546 1622 593 procedit.

1628 650 1820 688 Articulus
1852 652 1994 688 tertius.

1345 735 1542 780 Quantum
1561 734 1613 773 ad
1632 735 1808 782 tertium,
1836 735 1995 773 additur
2015 747 2023 773 :
2045 737 2107 773 Ad
2130 738 2329 776 custodien-

1297 797 1376 835 das.
1398 797 1508 834 Circa
1524 797 1635 845 quod
1653 797 1892 845 notandum,
1910 799 2020 846 quod
2032 800 2330 846 justificationes

1297 859 1440 898 divinae
1465 859 1668 907 tripliciter
1698 862 1788 896 sunt
1817 861 2116 899 custodiendae:
2146 863 2330 903 videlicet

1297 925 1434 960 contra
1461 922 1619 959 hostem
1636 949 1648 968 ,
1683 924 1876 970 quantum
1905 923 1957 960 ad
1987 924 2167 961 vanitatis
2195 926 2327 963 incur-

1295 996 1411 1032 sum3
1435 987 1570 1022 contra
1589 985 1805 1031 mundum,
1824 987 2017 1033 quantum
2037 987 2090 1024 ad
2107 988 2330 1035 cupiditatis

1294 1049 1542 1095 ingressum3
1575 1049 1712 1085 contra
1744 1058 1924 1095 carnem,
1955 1052 2148 1097 quantum
2173 1050 2226 1088 ad
2255 1062 2329 1089 vo-

1293 1108 1454 1157 luptatis
1480 1109 1682 1146 insultum.
1713 1111 1764 1146 De
1791 1120 1964 1158 quorum
1982 1112 2114 1159 primo
2134 1113 2147 1135 ⁶
2170 1125 2178 1149 :
2207 1126 2224 1147 «
2244 1113 2332 1151 Col-

1295 1172 1442 1210 locavit
1460 1173 1561 1209 Deus
1589 1173 1679 1210 ante
1697 1173 1931 1220 paradisum
1949 1174 2163 1222 voluptatis
2184 1175 2330 1214 Cheru·

1294 1235 1379 1274 bim
1399 1264 1411 1282 ,
1432 1235 1514 1273 »id
1533 1236 1590 1272 est
1612 1264 1624 1282 ,
1645 1235 1906 1273 sinceritatem
1936 1236 2226 1285 intelligentiae3
2254 1250 2272 1273 «
2296 1241 2332 1276 et

1295 1298 1529 1335 flammeum
1547 1297 1747 1346 gladium,
1763 1300 1880 1346 atque
1896 1298 2140 1346 versatilem,
2155 1313 2175 1336 »
2196 1301 2238 1337 id
2259 1303 2330 1342 est,

1294 1360 1540 1398 severitatem
1562 1360 1770 1408 eustodiae3
1798 1373 1816 1395 «
1833 1360 1885 1398 ad
1905 1362 2205 1400 custodiendam
2224 1365 2331 1403 viam

1295 1422 1393 1469 ligni
1410 1422 1523 1469 vitae,
1543 1435 1561 1458 »
1584 1422 1627 1460 id
1644 1424 1719 1469 est,
1745 1423 1920 1461 studium
1949 1425 2150 1471 sapientire
2159 1454 2173 1473 ,
2194 1428 2331 1466 contra

1295 1485 1498 1522 incursum
1516 1495 1629 1523 vanoe
1650 1485 1800 1533 gloriae.
1822 1487 1894 1523 Per
1925 1486 2101 1523 studium
2129 1498 2301 1538 namque
2316 1519 2329 1536 ‚

1295 1550 1487 1597 tanquam
1511 1559 1583 1597 per
1601 1548 1731 1596 viam,
1750 1549 1978 1597 pervenitur
1998 1550 2049 1587 ad
2068 1552 2328 1601 sapientiam3

1294 1621 1366 1659 per
1394 1610 1549 1657 lignum
1576 1612 1711 1648 autem
1737 1610 1846 1657 vitae,
1867 1611 2061 1659 sapientia
2089 1613 2328 1662 designatur,

1296 1673 1517 1711 secundum
1543 1674 1655 1711 illam
1674 1674 1867 1722 Sapientis
1886 1675 2120 1713 sententiam
2133 1677 2146 1699 ⁷
2167 1688 2176 1713 ε
2204 1689 2222 1711 «
2243 1679 2330 1726 Lig-

1294 1745 1392 1773 num
1422 1736 1512 1773 vitae
1543 1738 1617 1783 est,
1647 1749 1666 1772 ³>
1695 1736 1842 1773 scilicet
1876 1737 2069 1785 sapientia
2089 1765 2101 1783 ,
2134 1750 2153 1773 «
2183 1738 2230 1775 iis
2262 1742 2331 1788 qui

1295 1799 1631 1847 apprehenderint
1650 1810 1760 1838 eam:
1779 1801 1817 1837 et
1845 1801 1915 1848 qui
1942 1802 2108 1838 tenuerit
2128 1812 2216 1839 eam
2234 1803 2329 1841 bea-

1292 1862 1405 1899 tus.»
1430 1863 1481 1899 De
1514 1863 1689 1900 secundo
1707 1863 1721 1886 ⁸
1743 1875 1752 1900 :
1778 1874 1796 1897 «
1821 1862 1906 1899 Dixi
1933 1863 2098 1909 Levitis,
2127 1877 2146 1899 »
2178 1865 2220 1902 id
2245 1870 2330 1912 est,

1294 1923 1499 1960 affectibus
1530 1924 1632 1961 bene
1653 1924 1864 1971 ordinatis,
1892 1927 1969 1962 «ut
1986 1925 2287 1974 mundarentur,
2308 1944 2325 1963 »

1292 1986 1476 2023 sciliceta
1499 1986 1741 2034 quotidianis
1759 1987 2020 2025 immunditiis
2034 1999 2106 2036 per
2124 1989 2328 2028 lavacrum

1293 2048 1580 2096 confessionis3
1625 2061 1643 2084 «
1679 2051 1717 2086 et
1749 2049 1930 2086 venirent
1960 2050 2013 2086 ad
2048 2051 2328 2090 custodiendas

1290 2113 1426 2159 portas
1453 2111 1638 2159 civitatis,
1658 2125 1676 2147 n
1700 2111 1743 2149 id
1769 2114 1847 2159 est,
1867 2123 2003 2149 sensus
2034 2114 2236 2151 exterioris
2254 2115 2328 2152 ho-

1290 2173 1409 2211 minis
1446 2176 1583 2211 contra
1627 2174 1850 2222 ingressum
1887 2174 2122 2222 cupiditatis.
2164 2178 2216 2214 De
2253 2178 2328 2214 ter-

1293 2236 1347 2274 tio
1367 2237 1381 2260 ⁹
1403 2249 1413 2274 :
1438 2248 1458 2273 «
1477 2237 1648 2285 Reliquit
1673 2247 1745 2274 rex
1766 2236 1904 2274 decem
1924 2237 2109 2275 mulieres
2141 2239 2328 2277 concubi-

1291 2310 1387 2348 nas,
1405 2313 1424 2335 n
1458 2299 1501 2337 id
1532 2302 1608 2348 est,
1628 2300 1854 2337 affectiones
1884 2300 2121 2348 depurgatas
2146 2301 2217 2350 (a),
2241 2303 2328 2340 «ad

1292 2362 1596 2400 custodiendam
1628 2362 1795 2400 domum
1809 2391 1821 2409 ,
1842 2374 1861 2398 >³
1883 2362 2030 2401 scilicet
2055 2364 2324 2412 eonscientiae,

1290 2427 1428 2463 contra
1454 2425 1645 2462 insultum
1665 2425 2003 2473 concupiscentiae.
2026 2429 2096 2463 Per
2115 2427 2325 2465 denarium

1289 2497 1504 2524 numerum
1532 2487 1708 2534 intellige
1740 2487 2010 2535 decalogum3
2042 2499 2114 2536 per
2140 2489 2326 2527 mulieres

1290 2549 1534 2588 concubinas
1572 2549 1735 2587 denario
1771 2553 2016 2588 mensuratas
2047 2579 2058 2598 ‚
2099 2551 2324 2592 affectiones

1288 2613 1488 2660 purgatas.

1617 2708 1807 2744 Articulus
1833 2711 1997 2754 quartus.

1336 2806 1534 2850 Quantum
1561 2804 1614 2842 ad
1634 2806 1840 2853 quartum,
1860 2806 2091 2854 superaddit
2111 2818 2122 2846 ε
2142 2809 2323 2855 Ιαειῑῇοα-

1288 2869 1403 2905 tiones
1421 2870 1514 2904 tuas.
1535 2867 1834 2905 Justificationes
1866 2867 1947 2905 istae
1980 2872 2070 2906 sunt
2098 2869 2323 2917 tripartitae,

1286 2930 1423 2977 utpote
1452 2939 1535 2966 non
1566 2929 1754 2977 desertae,
1773 2933 2048 2978 praesumptae,
2078 2931 2229 2969 ablatae.
2252 2934 2322 2970 De-

1288 2994 1407 3031 sertio
1434 2994 1605 3041 pertinet
1637 2993 1690 3030 ad
1721 2993 2030 3041 negligentiam3
2065 2997 2319 3044 praesumptio

1288 3056 1342 3093 ad
1360 3056 1656 3102 arrogantiam
1678 3054 1826 3093 ablatio
1852 3056 1905 3093 ad
1923 3056 2165 3103 injustitiam.
2194 3059 2322 3096 Prima

1283 3118 1510 3165 justificatio
1530 3120 1688 3155 notatur
1701 3118 1728 3140 ¹0
1752 3118 2118 3156 :«Justificationem
2138 3131 2284 3165 meam,
2297 3135 2315 3154 ι)

1285 3181 1327 3217 id
1348 3183 1424 3226 cst,
1449 3181 1740 3228 justificationis
1772 3181 1960 3228 gratiam,
1983 3193 2105 3229 quam
2137 3183 2238 3229 czrpi
2269 3185 2320 3219 tc-

1285 3254 1378 3281 nere
1414 3254 1484 3292 per
1517 3244 1784 3291 diligentiam,
1817 3257 1835 3278 «
1872 3253 1949 3281 non
1968 3244 2174 3290 deseram,
2199 3257 2217 3279 »
2247 3256 2319 3292 per

1285 3306 1580 3354 negligentiam.
1596 3307 1776 3344 Secunda
1793 3307 1966 3354 tangitur
1980 3305 2002 3326 ¹¹
2018 3317 2052 3342 z«
2066 3308 2197 3353 Neque
2213 3307 2317 3343 enim

1285 3397 1339 3428 25.
1359 3413 1401 3420 —
1429 3396 1444 3418 ⁷
1470 3397 1581 3431 Prov..
1612 3403 1667 3435 ιιι,
1695 3395 1745 3427 48.
1769 3412 1810 3419 —
1840 3395 1853 3418 ⁸
1884 3396 1910 3427 ll
1939 3395 2055 3436 Esar„
2086 3403 2173 3436 xiii,
2201 3398 2253 3427 22.
2277 3414 2318 3421 —

1285 3443 1297 3462 ⁹
1314 3444 1342 3476 ll
1363 3444 1457 3485 Κεφ,
1475 3451 1535 3482 xv,
1563 3443 1656 3475 16.—
1681 3443 1706 3465 ¹0
1723 3441 1919 3483 Job‚xxv11‚
1939 3444 2013 3474 6.-
2035 3445 2056 3462 ¹¹
2072 3443 2174 3482 Dan„
2196 3451 2244 3484 ix,
2265 3445 2314 3476 18.

1327 3499 1375 3540 (α)
1395 3499 1476 3532 Coet.
1492 3498 1571 3531 edit.
1593 3498 1780 3539 deputatas.

2381 808 2488 835 sustin-

2355 850 2484 877 cationes

2367 891 2473 918 divina

2373 934 2470 959 custo-

2364 973 2477 1000 diendo

2361 1014 2478 1048 triplici-

2351 1056 2405 1082 ter.
