2633 3878
283 248 360 285 462

283 334 428 369 buntur
464 341 472 365 :
502 342 518 361 n
558 336 645 363 ecce
672 322 858 372 perfectio
892 319 1129 368 temporalis.
1170 320 1219 353 be
1251 327 1310 353 sc-

283 393 413 430 cunda
441 390 632 437 Propheta
660 385 819 435 psallit¹
844 396 853 420 ;
879 398 897 418 «
929 387 967 421 tn
988 386 1174 418 arternum
1204 378 1312 415 exul·

284 456 442 498 tabunt,
474 456 509 488 et
541 449 738 487 habitabis
769 447 808 483 in
835 446 918 483 eis:
950 458 966 477 ι)
1008 455 1095 481 ecce
1126 440 1310 488 perfectio

282 516 471 554 formalis.
507 516 554 549 De
588 511 697 548 tertia
731 506 1059 554 l‘salmographus
1091 502 1224 539 scribit
1254 500 1268 520 ⁹
1301 513 1309 537 :

287 594 303 612 u
343 576 539 614 Hereditas
577 583 715 611 eorum
747 572 787 607 in
807 573 994 606 aeternum
1030 565 1130 602 erit:
1163 578 1180 598 η
1224 573 1312 600 cccc

283 641 468 689 perfectio
490 638 632 676 finalis.

613 740 795 777 Articulus
816 740 980 784 quartus.

333 828 608 866 Perfectionem
628 822 761 859 salutis
777 822 982 858 annotans,
1002 816 1155 854 addidit
1176 828 1183 851 :
1203 817 1315 860 Prop-

286 898 337 928 ter
357 891 636 927 retributionem.
653 887 777 929 Quam
797 881 1108 924 retributionem,
1126 877 1200 913 nisi
1218 886 1312 923 prae-

285 954 442 990 mialein
468 948 777 998 perfectionem?
798 948 895 983 Sane
916 944 982 992 qui
1009 942 1172 978 hilarem
1204 940 1315 975 dato·

285 1027 367 1052 rem
389 1014 528 1060 diligit,
543 1012 633 1059 plus
649 1009 832 1047 tribuenti
848 1008 937 1055 plus
955 1004 1154 1048 retribuit3
1174 1001 1314 1038 eadem

286 1088 468 1114 mensura
505 1074 722 1112 remetiens.
764 1070 831 1118 qui
868 1069 1004 1105 itidem
1036 1074 1194 1102 mensus
1226 1063 1312 1099 fuit.

287 1139 391 1175 [nde
413 1138 604 1186 perfectus
628 1134 826 1178 Dominus,
849 1131 918 1179 qui
950 1128 1117 1177 perfecte
1137 1138 1175 1163 se
1198 1125 1315 1162 nobis

288 1201 443 1245 tribuit,
480 1197 672 1247 perfec-tis,
695 1196 762 1243 qui
797 1195 880 1230 vice
917 1203 1028 1229 vers).
1066 1201 1105 1227 sc
1143 1188 1314 1237 perfecte

285 1263 527 1305 retribuunt,
549 1270 621 1307 pro
649 1257 884 1306 perfectione
906 1253 1186 1302 perfectionem
1205 1250 1315 1287 retri-

286 1326 382 1361 buit.
412 1326 454 1360 Et
482 1327 596 1367 nota,
617 1320 726 1369 quod
758 1318 901 1365 legitur
920 1317 959 1353 in
987 1315 1183 1362 Scriptura
1210 1313 1316 1349 retri-

287 1387 395 1423 butio
432 1384 644 1432 trimrtiOE,
679 1383 818 1429 utputa
854 1377 1056 1416 retributio
1087 1377 1219 1423 justa,
1259 1386 1316 1410 re·-

288 1448 444 1485 tributio
478 1456 649 1492 magna,
685 1442 888 1480 retributio
921 1439 1057 1487 dupla.
1099 1438 1224 1475 Prima
1262 1440 1317 1474 est

286 1510 629 1558 praevaricatorum
645 1520 654 1553 3
671 1505 857 1550 secunda,
876 1502 1054 1539 fidelium
1073 1501 1313 1546 activorum3

289 1579 411 1624 tertia,
433 1575 841 1623 contemplativorum.
865 1574 914 1608 De
934 1571 1062 1618 prima
1080 1571 1093 1592 ³
1115 1583 1124 1605 ε
1151 1568 1317 1605 «Omnis

288 1638 554 1690 praevaricatio
598 1640 634 1673 ct
672 1634 941 1672 inobedientia
984 1631 1132 1679 accepit
1172 1631 1317 1677 justam

289 1702 583 1740 i·etributi‹‡·nem
599 1697 815 1735 mercedis:
838 1710 855 1731 »
878 1706 964 1732 ecce
980 1693 1183 1731 retributio
1198 1693 1314 1739 justa.

291 1768 340 1802 Dc
376 1763 547 1800 secunda
581 1763 590 1782 '⁴
627 1774 634 1797 :
676 1775 693 1794 «
731 1759 891 1795 Benefac
919 1758 1038 1804 justo,
1071 1758 1108 1791 et
1144 1755 1318 1790 invenies

288 1825 586 1863 retributionem
632 1832 818 1868 magnam
865 1834 874 1856 ι
921 1833 937 1852 ι)
985 1829 1072 1855 ecee
1116 1817 1317 1853 retributio

290 1900 445 1935 magna.
489 1890 536 1923 ne
571 1886 680 1922 tertio
705 1886 717 1905 ⁵
751 1896 759 1919 :
799 1898 815 1916 α
843 1885 903 1919 Est
938 1881 1097 1925 datum,
1127 1879 1236 1927 quod
1264 1882 1320 1915 est

290 1951 444 1995 inutile:
468 1953 502 1985 et
523 1952 578 1985 cst
597 1947 746 1991 datum,
769 1945 879 1991 cujus
899 1942 1102 1980 retributio
1120 1941 1280 1989 duplex.
1299 1954 1315 1974 »

292 2016 427 2050 Datum
460 2012 631 2060 primum
661 2012 716 2045 est
746 2007 1043 2051 simulatorum;
1074 2003 1319 2048 secundum,

293 2073 688 2121 contemplativorum
710 2083 718 2108 :
742 2080 830 2107 ecce
849 2067 1054 2105 retributio
1076 2065 1211 2114 dupla.

723 2177 894 2219 Epilogus.

342 2263 398 2299 Ait
412 2272 505 2308 ergo
522 2259 714 2307 Propheta
728 2257 801 2293 sub
816 2265 993 2304 personae
1011 2251 1322 2300 contemplativae

295 2327 421 2371 ligura
441 2337 448 2359 :
471 2324 607 2359 Inclinat
629 2332 687 2357 cor
711 2331 849 2364 meum,
869 2318 1011 2354 scilicet
1033 2327 1054 2352 a
1079 2318 1179 2352 statu
1203 2314 1322 2351 liber-

293 2389 377 2425 tatis
397 2387 611 2436 pertinente
632 2384 683 2421 ad
702 2384 824 2420 vitam
844 2380 1069 2418 saecularem
1085 2392 1095 2425 3
1114 2378 1169 2413 Ad
1187 2379 1324 2422 facien-

293 2453 356 2487 das
392 2450 669 2495 justificationes
713 2450 791 2482 tuas
806 2472 818 2490 ,
862 2444 902 2480 in
947 2445 1047 2479 statu
1090 2438 1323 2477 voluntariae

294 2512 484 2549 servitutis
521 2510 704 2547 attinente
744 2507 796 2544 ad
830 2505 951 2543 vitam
981 2503 1241 2550 .regularem;
1280 2502 1324 2536 In

294 2580 474 2619 aternum.
491 2572 640 2609 eramsi
653 2582 716 2607 me
733 2568 950 2617 oportuerit
964 2565 1157 2604 commori
1175 2567 1319 2609 tecum,

296 2640 486 2685 quantum
516 2635 568 2672 ad
598 2633 878 2681 perfectionem
905 2629 1056 2666 virtutis
1085 2629 1325 2676 spectantem

296 2700 347 2737 ad
379 2699 503 2736 meriti
536 2697 814 2746 quantitatem3
850 2696 1000 2739 Propter
1032 2691 1324 2735 retributionem,

297 2764 487 2809 quantum
507 2760 558 2797 ad
586 2758 864 2807 perfectionem
887 2754 1020 2791 salutis
1054 2752 1327 2800 respicientem

299 2825 447 2872 praeinii
469 2823 711 2870 dignitatem.

555 2979 742 3016 CAPUT
783 2976 1074 3014 OCTAVUM.

616 3099 835 3127 venstcctcs
861 3098 1007 3124 patmus.

355 3201 436 3236 113.
464 3198 609 3243 lniquos
627 3195 708 3231 odio
729 3195 859 3237 habui,
883 3194 954 3228 etc.
987 3189 1207 3237 Capitulum
1230 3191 1332 3224 octa-

305 3271 396 3298 vum
425 3259 579 3307 incipit,
607 3261 642 3294 et
670 3258 852 3293 octavum
884 3252 1076 3290 ferculum
1108 3249 1329 3286 introducit.

305 3321 545 3360 concordate
573 3319 742 3364 fercula,
765 3321 801 3354 et
826 3314 1124 3354 concordabunt
1149 3311 1330 3359 capitula.

308 3386 425 3422 Porro
450 3381 685 3431 praecedenti
711 3378 882 3429 capitulo
902 3378 1133 3426 praesentata
1152 3373 1223 3411 fuit
1242 3372 1333 3410 cha-

1305 3506 1315 3519 C

352 3516 361 3537 ¹
383 3513 474 3546 Psal.
492 3521 524 3553 ν,
549 3515 596 3545 22.
611 3529 653 3537 —-
670 3513 684 3534 ²
704 3511 795 3543 Psal.
817 3517 937 3549 xxm,
957 3509 1009 3541 28.
1025 3525 1065 3531 —
1083 3507 1097 3529 ⁸
1111 3505 1283 3546 Hebr.,11,
1305 3509 1333 3536 A.

979 228 1252 272 ExpostTto
1284 226 1334 269 ΙΝ
1366 227 1712 269 PSAtJt‘EtutJtt.

1386 316 1507 352 ritatis
1537 316 1773 353 intromissio
1800 328 1807 352 ε
1841 316 1881 352 in
1912 317 2091 363 praesenti
2120 328 2212 355 vero
2244 329 2409 367 praesen-

1386 381 1486 415 tatur
1518 379 1729 426 iniquitatis
1766 379 2022 424 intermissio,
2058 381 2095 416 et
2125 381 2232 427 patet
2267 382 2411 420 modus

1387 441 1596 477 ordinandi
1631 441 1785 485 solitus,
1820 441 2039 478 seeundum
2076 441 2257 478 ordinem
2291 453 2410 490 appe-

1387 502 1476 538 titus
1499 515 1506 539 :
1538 503 1728 550 quoniam
1749 503 1800 539 ad
1820 502 2152 540 intromissionem
2177 503 2281 540 iltius
2309 505 2413 541 ordi-

1389 574 1530 600 namur
1550 575 1618 610 per
1644 565 1968 601 intermissionem
1988 564 2109 601 istius.
2141 565 2248 602 Circa
2266 565 2412 613 iniqui--

1388 626 1471 661 tatis
1488 626 1813 669 intermissionem
1828 637 1991 673 pensare
2010 627 2199 664 debemus
2215 627 2414 676 duplicem

1388 688 1580 723 rationem
1612 699 1620 724 :
1661 687 1842 724 videlieet
1878 687 2092 736 iniquitatis
2128 689 2413 737 odibilitatem3

1389 760 1510 796 quam
1531 750 1754 786 octonarius
1782 749 1889 797 prior
1909 750 2137 797 praetendit3
2163 754 2200 788 et
2226 752 2416 799 aequitatis

1389 810 1690 856 amabilitatem,
1718 822 1839 859 quam
1859 812 2082 849 octonarius
2107 812 2202 849 alter
2232 814 2414 851 ostendit.

1388 875 1429 909 ln
1453 872 1575 920 capite
1593 873 1734 920 prioris
1754 874 1943 910 octonarii
1964 874 2115 911 locatur
2135 875 2298 912 Samech
2317 875 2415 913 litte-

1390 945 1452 980 ra,
1485 946 1591 982 qnae,
1626 935 1842 972 secundnm
1873 935 2124 973 Ambrosium
2155 937 2189 983 Β,
2225 937 2416 985 interpre-

1390 999 1491 1033 tatur
1512 997 1634 1043 studi]
1657 997 1696 1033 in
1718 997 1841 1045 eapite
1861 1001 1991 1034 autem
2013 998 2170 1034 alterius
2187 998 2258 1036 Ain
2277 999 2416 1046 littera,

1391 1070 1480 1106 quae
1512 1059 1730 1097 secundnm
1760 1060 1882 1107 ipsius
1908 1059 2195 1106 testimonium,
2232 1061 2419 1110 interpre-

1390 1123 1492 1157 tatur
1520 1121 1672 1158 ocnlns.
1701 1122 1736 1158 Si
1768 1133 1927 1159 causam
1949 1123 2108 1170 qnaeris,
2132 1122 2318 1170 equidem
2347 1123 2420 1160 ini-

1393 1183 1520 1232 quitas
1548 1183 1708 1220 odibilis
1738 1184 1915 1221 auditum
1940 1185 2035 1233 petit
2064 1185 2319 1231 confessoris,
2338 1196 2420 1223 non

1395 1246 1555 1282 oculum
1582 1246 1811 1293 inspectoris
1824 1259 1834 1292 ;
1857 1258 1877 1283 e
1898 1250 2033 1284 eontra
2052 1247 2210 1295 aequitas
2239 1247 2420 1286 amabilis

1392 1319 1474 1345 non
1504 1308 1666 1356 requirit
1694 1319 1831 1345 aurem
1864 1309 2120 1354 confessoris,
2156 1309 2227 1346 sed
2260 1310 2418 1346 oculum

1391 1371 1635 1418 inspectoris.
1681 1371 1742 1406 Vis
1791 1370 2035 1407 octonarium
2074 1371 2248 1419 priorem
2284 1371 2420 1408 distin-

1391 1444 1510 1479 gnere
1521 1435 1538 1469 ἱ)
1560 1433 1680 1469 debes
1701 1443 1860 1469 causam
1880 1432 2110 1469 odibilitatis
2135 1433 2285 1470 videre.
2319 1433 2421 1470 Assi-

1392 1498 1532 1541 gnatur
1553 1497 1683 1532 autem
1702 1506 1819 1532 causa
1848 1495 2090 1533 rationabilis
2107 1523 2119 1540 ,
2141 1495 2236 1543 quia
2255 1494 2420 1533 defectio

1392 1558 1617 1595 naturaliter
1664 1560 1719 1593 cst
1758 1557 2059 1605 contemptibilis
2079 1586 2090 1604 ,
2131 1557 2228 1594 sicut
2266 1560 2422 1606 quater-

1392 1623 1524 1658 narius
1538 1621 1762 1668 praecedens
1776 1620 1918 1668 aperit3
1934 1623 1970 1656 et
1988 1631 2007 1656 e
2025 1620 2219 1658 contrario
2236 1620 2420 1668 perfectio

1393 1686 1634 1733 appetibilis,
1662 1686 1759 1722 sicut
1779 1684 2049 1732 quaternarius
2076 1694 2243 1732 sequens
2272 1683 2418 1721 asserit.

1395 1747 1621 1783 Det'ectionis
1641 1749 1770 1783 autem
1791 1746 2136 1794 contemptibilitas
2161 1746 2316 1794 plenius
2334 1746 2420 1782 elu-

1393 1809 1526 1855 cescit,
1551 1821 1640 1845 cum
1667 1809 1820 1845 animus
1843 1809 2104 1845 desectionem
2133 1807 2422 1853 animadvertit,

1392 1871 1672 1919 perfectionem
1691 1871 1875 1915 advertit,
1897 1870 2112 1907 defectione
2132 1880 2172 1907 se
2193 1869 2349 1917 avertit,
2371 1869 2424 1907 ad

1392 1933 1673 1981 perfectionem
1687 1944 1727 1969 se
1743 1932 1932 1969 convertit
1953 1944 1961 1969 :
1984 1931 2094 1980 quod
2111 1932 2198 1969 luce
2218 1931 2360 1969 clarius
2383 1932 2424 1969 in

1393 1996 1716 2044 primisjquatuor
1734 1995 1909 2032 versibus
1928 1995 2145 2032 innotescit.
2161 1993 2423 2031 Defectionem

1395 2058 1734 2096 animadvertebat
1754 2057 2082 2104 psalmographus
2096 2084 2108 2102 ,
2129 2067 2220 2094 cum
2239 2056 2420 2094 dicebat:

1393 2124 1540 2168 Inz'quos
1568 2122 1649 2158 odio
1677 2122 1787 2157 habui
1802 2134 1813 2165 ,·
1842 2120 1955 2168 quasi
1992 2119 2126 2157 dieat:
2162 2118 2422 2156 Defectionem

1394 2185 1510 2230 sensi,
1533 2184 1602 2219 sed
1621 2183 1797 2228 dissensi,
1820 2183 1914 2230 quia
1932 2181 2116 2230 praesensi
2132 2181 2422 2227 rectitudinem,

1396 2247 1457 2283 cui
1492 2245 1669 2283 consensi
1693 2259 1699 2280 :
1735 2256 1823 2282 ecce
1850 2248 2020 2292 quatuor
2049 2246 2157 2282 actus
2190 2243 2421 2289 Psalmistce,

1396 2320 1497 2357 quos
1543 2309 1713 2346 continet
1759 2319 1892 2345 versus
1934 2308 2031 2354 iste;
2078 2306 2223 2344 scilicet
2259 2305 2420 2352 sentire,

1397 2371 1620 2414 dissentire,
1659 2370 1907 2418 praesentire,
1934 2369 2150 2407 consentire
2185 2382 2192 2403 :
2233 2367 2425 2405 sentiebat

1397 2433 1557 2481 quidem
1583 2433 1800 2470 secundum
1830 2432 2033 2469 hominem
2062 2430 2291 2468 exteriorem
2302 2442 2313 2476 3
2349 2429 2426 2466 dis-

1397 2497 1588 2534 sentiebat
1623 2496 1840 2533 secundum
1871 2494 2096 2531 interiorem
2108 2506 2117 2540 3
2154 2491 2427 2541 praesentiebat

1399 2559 1616 2598 secundum
1648 2558 1841 2595 rationem
1861 2557 2104 2605 superiorem
2123 2567 2133 2602 3
2160 2554 2428 2593 consentiebat

1401 2621 1620 2659 secundum
1637 2621 1830 2658 rationem
1847 2619 2085 2657 inferiorem.

1733 2727 1925 2763 Articulus
1946 2727 2099 2772 primus.

1450 2810 1710 2847 Deiectionem
1743 2809 1880 2855 sensit,
1908 2819 1998 2845 cnm
2028 2807 2124 2844 dixit
2152 2818 2160 2844 :
2188 2807 2358 2853 Iniquos,
2389 2803 2430 2840 id

1406 2877 1484 2919 est,
1505 2872 1721 2920 iniquitatis
1753 2872 1916 2908 amicos.
1946 2870 2067 2908 Sensit
2093 2871 2223 2907 autem
2251 2877 2322 2916 per
2351 2865 2432 2903 vim

1404 2935 1632 2972 sensibilem
1661 2933 1893 2972 exteriorem
1921 2933 1986 2970 vel
2013 2931 2262 2977 interiorem,
2289 2928 2342 2966 ad
2366 2939 2432 2965 ex-

1404 2998 1589 3034 teriorem
1610 2997 1814 3034 hominem
1831 2995 2102 3044 pertinentem.
2124 2996 2167 3031 Et
2189 2994 2302 3039 nota,
2325 2989 2435 3040 quod

1404 3060 1577 3107 legimus
1602 3060 1760 3107 iniquos
1791 3070 1861 3107 per
1892 3057 2175 3095 confessionem
2203 3064 2286 3092 non
2305 3051 2436 3100 cogni-

1406 3125 1489 3169 tos,
1511 3133 1582 3159 nee
1604 3122 1789 3159 contritos
1798 3134 1809 3169 3
1831 3131 1902 3169 per
1927 3119 2214 3157 confessionem
2238 3115 2435 3163 cognitOS,

1407 3190 1443 3224 et
1477 3186 1686 3232 contrit0s3
1717 3196 1786 3233 per
1818 3183 2104 3222 confessionem
2133 3181 2329 3227 cognitos,
2354 3186 2436 3214 non

1409 3249 1607 3286 contritos.
1641 3247 1757 3285 Primi
1788 3257 1859 3295 per
1889 3245 2045 3293 iniquos
2075 3241 2230 3290 figurati
2255 3240 2434 3284 fuerunt,

1409 3311 1476 3358 qui
1499 3313 1587 3347 ante
1607 3310 1752 3347 Judam
1773 3309 1966 3355 exierunt3
1988 3304 2150 3344 secundi
2168 3313 2238 3352 per
2256 3312 2345 3347 eos,
2367 3299 2434 3348 qni

1409 3373 1482 3410 sub
1505 3372 1607 3410 Jnda
1627 3371 1810 3410 obierunt
1818 3384 1830 3416 3
1846 3370 1945 3408 tertii
1962 3379 2033 3417 per
2047 3367 2149 3413 illos,
2167 3364 2235 3413 qui
2251 3363 2324 3401 sub
2336 3361 2437 3400 Juda

1409 3475 1447 3483 —-
1469 3458 1477 3475 ⁴
1500 3456 1622 3495 Eccli.,
1647 3464 1711 3497 xri,
1738 3456 1768 3487 2.
1789 3471 1830 3479 —
1851 3455 1862 3474 ⁵
1882 3451 2002 3491 Eccli„
2020 3458 2080 3491 xx,
2101 3452 2150 3483 10.
2177 3449 2251 3473 ·-·⁰
2266 3447 2437 3487 Ambros„

1410 3505 1442 3537 in
1463 3505 1553 3537 bunc
1575 3504 1695 3545 psalm.

2437 879 2576 905 samech.

2437 1008 2504 1036 Ain.
