2633 3878
138 252 239 278 Domi-

101 299 157 318 nus
177 300 242 327 pro-

101 333 165 366 pter
186 333 242 359 tria

100 373 234 407 speciali-

100 415 145 440 ter
156 422 242 442 vene-

101 455 221 482 raudus.

1101 157 1344 202 PSALMUS
1373 156 1545 198 CXVIII.

260 246 509 283 venerandus
526 250 582 283 est
599 248 819 295 specialiter
839 251 1001 296 propter
1021 248 1093 285 tria
1111 261 1119 284 :
1136 247 1229 295 quia
1249 257 1288 282 se

259 306 534 354 parvipendit3
555 319 628 345 nos
657 309 949 357 magnipendit3
971 313 1144 346 nostrum
1178 302 1289 345 debi-

260 369 343 403 tum
377 369 648 416 apprehendit.
680 372 841 417 Propter
871 371 1045 417 primum
1081 371 1207 406 dictus
1234 372 1290 406 est

259 428 485 474 miserator3
523 433 684 478 propter
719 431 937 467 secundum
966 459 978 477 ,
1014 432 1256 479 ponderator
1276 444 1286 477 3

259 493 421 536 propter
444 491 620 536 tertium,
640 492 841 529 liberator.
871 495 919 529 De
947 493 1077 541 primo
1107 492 1247 529 dicitur
1267 503 1290 528 a

260 550 568 599 psalmographo
591 553 598 573 ¹
623 566 630 589 :
656 566 673 587 «
694 554 921 590 Memoriam
939 555 1028 591 fecit
1047 555 1288 590 mirabilium

260 621 423 648 suorum
442 614 662 651 misericors
683 618 719 652 et
738 616 942 653 miserator
964 617 1163 661 Dominus,
1180 629 1197 650 »
1215 618 1286 652 etc.

259 674 354 710 Vere
372 674 554 712 mirabile
575 679 612 712 et
630 677 863 714 mirabiliter
883 678 1158 724 memorabile,
1175 678 1288 724 quod

259 736 446 772 Dominus
463 747 537 784 pro
557 739 678 774 servis
707 739 862 775 debitor
895 740 1124 776 constitutus
1138 768 1149 785 ,
1173 739 1289 776 nobis

258 797 564 835 misericorditer
591 800 892 846 condescendit,
921 804 958 837 et
989 812 1029 836 sc
1057 801 1288 837 mirabiliter

257 859 536 906 parvipendit.-
558 871 646 898 ecce
674 863 861 898 Dominus
893 862 1112 899 miserator.
1147 865 1197 899 Dc
1228 873 1286 899 se-

258 920 390 956 cundo
418 922 431 942 ἵ
459 932 467 957 ;
504 934 521 955 «
541 923 754 970 spirituum
786 924 1028 971 ponderator
1070 928 1125 961 est
1161 924 1287 961 Domi—

257 991 344 1017 nus.
366 995 384 1016 »
408 983 632 1020 Mirabiliter
652 985 809 1032 spiritus
829 986 1077 1033 ponderavit,
1101 997 1191 1023 cum
1210 987 1288 1033 spi-

256 1042 351 1079 ritus
368 1045 470 1080 servi
489 1045 640 1091 spiritui
659 1047 704 1093 (a)
724 1048 1063 1094 praeponderavit3
1085 1048 1179 1095 quia
1197 1059 1288 1094 pro-

255 1105 388 1150 prium
415 1107 593 1154 spiritum
630 1109 939 1156 parvipendens,
975 1110 1076 1145 servi
1109 1110 1286 1156 spiritum

255 1169 529 1217 magnipendit
559 1181 567 1205 ε
596 1180 685 1206 ecce
716 1171 906 1206 Dominus
942 1171 1198 1218 ponderator.
1235 1174 1286 1207 De

255 1231 368 1268 tertio
407 1230 589 1267 scribitur
619 1232 632 1253 ³
666 1244 674 1266 :
711 1244 729 1265 «
767 1232 954 1268 Dominus
992 1233 1286 1269 firmamentum

255 1304 403 1335 meum,
423 1295 460 1329 et
477 1292 674 1339 refugium
692 1304 841 1339 meum,
858 1296 894 1330 et
910 1294 1098 1330 liberator
1117 1305 1249 1341 meus;
1265 1308 1282 1328 »

256 1357 350 1404 quia
379 1356 555 1404 profecto
596 1358 783 1393 Dominus
821 1358 963 1394 dicitur
993 1358 1286 1394 firmamentum

255 1418 362 1464 vitae,
384 1419 568 1455 meritum
599 1419 874 1466 immittendo3
905 1420 1123 1466 refugium,
1156 1420 1287 1456 deme-

253 1481 371 1518 ritum
400 1481 657 1528 dimittend03
680 1481 751 1518 secl
779 1481 989 1527 liberator,
1014 1482 1151 1518 mortis
1178 1482 1285 1518 debi-

253 1549 336 1583 tum
355 1544 598 1583 admittendo
622 1556 630 1580 :
655 1554 742 1580 ecce
757 1544 946 1580 Dominus
965 1543 1166 1580 liberator.

587 1649 779 1684 Articulus
799 1649 940 1683 tertius.

300 1731 480 1769 Secunda
499 1730 771 1767 misericordia
790 1729 1058 1777 ponderatur,
1079 1741 1169 1767 cum
1192 1732 1284 1769 sub-

248 1793 381 1840 jicitur
399 1805 407 1829 2
428 1793 625 1829 Secundum
652 1792 829 1837 judicium
850 1796 964 1828 tuum.
986 1793 1064 1828 Hoc
1092 1795 1147 1829 est
1174 1794 1283 1839 judi-

252 1855 358 1891 cium
383 1853 488 1890 illius
505 1853 672 1900 judicis,
699 1853 766 1900 qui
787 1864 826 1893 se
848 1853 1043 1890 constituit
1063 1855 1282 1901 persOluto-

249 1928 334 1954 rem
362 1927 436 1964 pro
468 1916 559 1952 reis.
590 1916 757 1960 Quaeris,
778 1926 858 1962 quo
892 1915 1013 1952 modo
1029 1916 1046 1951 ’.Ρ
1067 1916 1108 1951 in
1134 1928 1173 1953 se
1194 1918 1280 1964 ipso

245 1978 443 2025 judicium
462 1977 658 2022 faciendo,
675 1980 711 2013 et
725 1977 920 2023 judicium
934 1978 1137 2024 patiendo.
1154 1979 1278 2015 Judex

249 2040 397 2088 quippe
434 2038 506 2075 fuit
544 2041 642 2074 Deus
663 2051 674 2084 ς
711 2038 833 2075 homo
869 2049 1028 2086 quoque
1066 2039 1138 2076 fuit
1174 2051 1277 2078 reus,

248 2102 418 2139 Christus
444 2100 601 2148 itaque,
625 2111 714 2136 cum
732 2102 831 2136 esset
859 2100 980 2136 homo
1002 2102 1039 2136 et
1070 2103 1188 2147 Deus,
1208 2102 1281 2140 fuit

245 2164 381 2212 utique
394 2162 517 2210 judex
535 2164 570 2199 et
590 2173 692 2199 reus.
715 2162 839 2199 Judex
855 2173 950 2199 vero
970 2162 1086 2199 solvit
1104 2174 1177 2210 pro
1194 2174 1279 2210 reo,

246 2236 337 2262 cum
365 2227 464 2261 Deus
496 2224 537 2260 in
571 2235 617 2261 eo
651 2223 831 2260 satisfecit
860 2235 934 2271 pro
967 2235 1038 2271 eo3
1066 2225 1160 2272 quia
1187 2237 1278 2264 vere

246 2290 345 2324 Deus
364 2287 405 2323 in
424 2287 586 2322 homine
611 2285 794 2322 satisfecit
817 2297 890 2333 pro
912 2286 1087 2322 homine.
1110 2288 1216 2324 Unde
1236 2288 1274 2323 I⁴:

249 2362 267 2383 «
295 2351 396 2385 Deus
421 2351 502 2384 erat
535 2348 577 2383 in
607 2347 754 2384 Christo
787 2346 985 2383 mundum
1015 2348 1276 2385 reconcilians

243 2409 339 2455 sibi,
362 2423 380 2442 »
402 2411 496 2445 teste
515 2408 716 2456 Apostolo.
739 2408 814 2444 Sed
833 2408 1054 2444 notandum
1075 2409 1177 2457 circa
1195 2410 1274 2446 dic-

241 2475 325 2508 tum
342 2471 558 2517 judicium,
583 2470 693 2518 quod
711 2472 841 2518 potest
863 2470 1085 2518 comparari
1104 2471 1156 2507 ad
1177 2471 1273 2507 divi-

242 2543 339 2569 num
359 2532 564 2577 meritum,
589 2532 654 2568 vel
683 2532 905 2568 humanum
931 2532 1188 2578 demeritum,
1210 2533 1273 2569 vel

241 2594 486 2641 persolutum
521 2593 712 2630 debitum.
753 2594 881 2630 Primo
920 2593 1044 2630 modo
1081 2604 1163 2630 non
1200 2594 1272 2630 fuit

239 2667 417 2703 aequum,
437 2656 532 2703 quia
550 2655 736 2692 meritum
766 2665 848 2692 non
869 2655 1049 2702 exigebat
1062 2667 1073 2701 3
1096 2657 1270 2693 secundo

240 2717 364 2754 modo
383 2716 455 2755 fuit
473 2716 649 2762 bonum,
673 2717 767 2764 quia
793 2716 1027 2754 demeritum
1046 2717 1268 2764 indigebat;

238 2780 351 2816 tertio
372 2779 494 2816 modo
516 2779 588 2814 suit
604 2789 762 2826 aequum
775 2807 787 2824 ,
807 2779 902 2826 quia
920 2779 1120 2816 redditum
1135 2779 1268 2816 debito

238 2852 411 2888 congrue
447 2840 728 2888 respondebat.
769 2842 820 2877 De
857 2841 988 2888 primo
1020 2869 1032 2887 ,
1072 2841 1142 2877 ubi
1177 2841 1270 2878 dicit

238 2903 435 2951 Scriptura
467 2902 541 2938 sub
570 2902 842 2949 Redemptoris
870 2902 998 2949 figura
1017 2903 1030 2925 ⁶
1053 2915 1062 2939 ε
1089 2916 1106 2936 «
1125 2903 1269 2940 Intelli-

237 2964 314 3011 gite
335 2992 346 3010 ‚
377 2963 470 3011 quia
498 2964 597 3000 Deus
636 2973 716 3000 non
751 2974 866 3011 aequo
900 2963 1050 3010 judicio
1089 2963 1270 3001 afflixerit

237 3037 300 3062 me
330 3037 373 3062 :»
397 3034 485 3061 ecce
513 3025 707 3071 judicium
732 3035 814 3062 non
845 3035 1004 3072 aequum
1021 3054 1033 3071 ,
1061 3026 1155 3073 quia
1185 3037 1267 3063 non

238 3087 457 3124 secundum
477 3086 713 3133 exigentiam
740 3086 931 3123 Dominici
958 3087 1100 3124 meriti.
1133 3090 1183 3124 De
1207 3099 1267 3125 se-

238 3149 369 3185 cundo
382 3150 418 3184 ⁶:
444 3161 461 3182 «
481 3149 509 3184 Ο
525 3159 632 3185 mors
647 3176 659 3194 ,
683 3158 803 3195 quam
823 3148 977 3184 bonum
997 3151 1053 3184 est
1068 3149 1263 3195 Judicium

236 3212 348 3246 tuum
377 3209 530 3246 homini
563 3209 755 3255 indigenti
778 3210 786 3243 !
809 3222 826 3243 »
851 3219 939 3245 ecce
969 3209 1164 3255 judicium
1191 3210 1264 3247 bo·

235 3281 333 3308 num
346 3299 357 3317 ,
378 3271 473 3319 quia
492 3270 711 3308 secundum
730 3270 990 3316 indigentiam
1012 3271 1177 3308 humani
1197 3271 1265 3309 de—

279 3353 290 3374 ²
310 3354 401 3385 Psal.
423 3363 478 3396 cx,
500 3356 529 3387 4.
551 3371 591 3379 —
610 3355 623 3375 ²
644 3354 757 3393 Prov.‚
780 3361 853 3392 xw,
873 3354 903 3384 2.
921 3369 962 3375 —-
980 3353 994 3375 ³
1015 3353 1102 3386 Psal.
1124 3362 1212 3395 xvii,
1231 3357 1261 3387 2.

237 3416 277 3423 —
302 3399 316 3422 δ
341 3401 368 3432 ll
394 3400 484 3442 Corn,
503 3409 536 3443 v,
559 3403 608 3434 19.
629 3417 670 3425 -
689 3401 702 3423 ⁵
719 3399 787 3440 Job,
811 3408 884 3441 xrx,
904 3401 935 3432 6.
954 3417 996 3424 —
1018 3401 1030 3419 ⁶
1052 3400 1170 3438 Eccli„
1191 3409 1264 3441 xm,

2314 167 2391 205 519

1364 244 1505 280 meriti.
1532 246 1582 280 De
1601 244 1737 281 tertio⁷
1760 258 1768 281 :
1796 258 1813 280 «
1834 248 2003 294 AEquum
2031 248 2224 294 judicium
2253 251 2301 286 sit
2331 251 2391 287 in-

1363 308 1419 342 ter
1436 316 1503 342 vos
1526 318 1534 341 :
1554 318 1572 340 »
1598 315 1686 341 ecce
1702 306 1896 351 Judicium
1924 319 2083 354 aequum
2096 337 2107 354 ,
2128 311 2238 357 quod
2255 311 2394 359 imple-

1364 370 1448 403 tum
1467 368 1523 402 est
1543 377 1565 402 a
1586 366 1764 413 Domino,
1796 368 2001 405 reddendo
2021 370 2217 407 infinitum
2234 383 2308 419 pro
2329 373 2391 409 in-

1364 428 1487 464 finito.
1512 429 1615 465 Sicut
1634 428 1739 464 enim
1766 429 1888 465 homo
1907 429 1978 466 suit
1991 432 2126 468 mortis
2146 432 2305 471 infinitae
2325 434 2392 471 de-

1364 491 1487 536 bitor,
1511 492 1564 528 sic
1584 491 1753 527 Christus
1771 491 1843 527 fuit
1862 492 1998 528 mortis
2023 493 2182 530 infinitae
2200 496 2390 533 redditor.

1365 553 1439 588 Sed
1457 564 1562 589 mors
1581 556 1708 600 potest
1728 553 1804 590 dici
1824 553 2032 601 dupliciter
2045 554 2197 593 infinita
2220 570 2229 593 :
2251 558 2394 596 scilicet
2413 569 2493 594 Mors
2502 568 2555 594 du-

1365 613 1554 650 infinitate
1584 615 1796 662 temporis,
1827 616 1889 652 vel
1923 615 2113 653 infinitate
2153 618 2319 655 virtutis.
2353 623 2393 657 ln
2414 608 2538 677 ἰξέζῇῗ

1365 678 1490 712 morte
1510 675 1672 722 quidem
1692 677 1864 713 hominis
1881 688 1963 714 esse
1978 688 2058 715 non
2077 679 2204 726 potuit
2225 680 2395 718 infinitas
2529 668 2537 676 ’

1364 736 1512 773 virtutis
1535 749 1543 772 :
1564 737 1670 773 unde
1697 737 1833 774 debuit
1864 749 1945 775 esse
1980 739 2152 777 infinitas
2172 742 2361 789 temporis
2383 754 2392 778 ε

1365 808 1457 833 nam
1475 797 1571 834 alias
1591 808 1672 834 non
1693 802 1791 834 esset
1818 799 1873 835 ibi
1893 800 2075 837 infinitaS.
2105 802 2180 839 Sed
2200 803 2242 839 in
2269 806 2394 840 morte

1364 859 1572 895 Salvatoris
1608 859 1680 895 fuit
1715 860 1887 897 infinitas
1923 861 2074 898 virtutis
2106 874 2114 898 :
2156 874 2277 910 quare
2312 875 2394 901 non

1365 921 1561 968 oportuit,
1584 921 1693 968 quod
1721 924 1818 958 esset
1839 922 1893 958 ibi
1913 922 2082 959 infinitas
2107 926 2312 972 temporis3
2335 927 2393 963 sin

1364 983 1473 1028 alias,
1492 984 1546 1020 ibi
1564 994 1645 1020 non
1674 987 1771 1020 esset
1790 985 1966 1032 aequitas.
1997 987 2095 1022 Sane
2114 986 2187 1024 fuit
2201 987 2242 1023 in
2261 988 2394 1025 Salva·
2415 1000 2555 1027 [nebris-

1363 1047 1446 1081 tore
1467 1045 1586 1081 virtus
1605 1045 1769 1092 infinita,
1790 1048 1872 1082 tam
1887 1047 2076 1084 infinitate
2098 1051 2256 1094 naturae,
2273 1060 2393 1097 quam
2413 1040 2554 1110 ζζζῗῐῗέζ

1363 1106 1551 1144 infinitate
1572 1108 1704 1154 gratice
1726 1121 1734 1144 :
1755 1119 1848 1145 nam
1878 1109 2048 1146 infinitas
2076 1112 2224 1147 naturae
2255 1111 2326 1148 suit
2353 1111 2394 1147 in
2413 1124 2442 1149 et
2459 1103 2554 1157 grati}

1364 1168 1583 1214 divinitate,
1618 1172 1654 1206 et
1684 1170 1854 1207 infinitas
1887 1171 2020 1218 gratiae
2047 1172 2089 1208 in
2119 1172 2360 1209 humanitate
2383 1186 2391 1210 :
2412 1165 2536 1194 infinita.

1362 1230 1533 1277 ideoque
1564 1234 1713 1268 tantum
1749 1232 1876 1280 potuit
1907 1233 2060 1270 solvere
2089 1233 2211 1270 virtus
2241 1235 2394 1272 infinita

1362 1294 1539 1339 tempore
1566 1293 1697 1340 finito,
1727 1297 1920 1342 quantum
1948 1295 2069 1332 virtus
2088 1295 2198 1332 finita
2216 1298 2392 1344 tempore

1361 1353 1527 1390 infinito.
1563 1357 1770 1402 Propterea
1801 1356 2131 1404 Psalmographus
2168 1357 2390 1394 misericor-

1362 1414 1470 1452 diam
1490 1416 1700 1454 Salvatoris
1726 1418 1888 1455 viriliter
1907 1418 2162 1465 ponderavit,
2196 1419 2290 1466 quia
2315 1419 2392 1456 vir-

1360 1480 1482 1514 tutem
1494 1479 1637 1525 judicis
1656 1481 1914 1527 persolventis
1933 1491 2006 1528 pro
2031 1481 2107 1518 reis
2119 1481 2287 1518 fideliter
2301 1492 2392 1518 con-

1359 1539 1556 1577 sideravit.

1692 1635 1874 1670 Articulus
1900 1637 2064 1680 quartus.

1407 1727 1531 1764 Tertia
1549 1727 1821 1764 misericordia
1838 1727 2072 1775 postulatur,
2093 1738 2183 1765 cum
2205 1729 2392 1776 superad-

1343 1789 1464 1826 'ditur
1485 1801 1494 1825 :
1519 1791 1673 1835 Vc'vz'fica
1689 1800 1755 1826 me.
1777 1791 1874 1826 Nam
1886 1789 2153 1836 proculdubio
2170 1790 2275 1827 dicta
2293 1791 2389 1827 vivi-

1357 1850 1488 1887 ficatio
1507 1853 1562 1887 est
1578 1850 1715 1887 mortis
1744 1851 1961 1897 absolutio,
1993 1854 2030 1888 et
2058 1851 2145 1888 vitae
2175 1853 2387 1898 restitutio,

1358 1923 1479 1960 quam
1498 1913 1672 1960 postulat
1699 1914 1875 1949 creatura
1899 1913 2120 1960 prolixitate
2147 1913 2313 1950 miseriae
2331 1914 2388 1951 fa-

1355 1975 1487 2022 tigata.
1510 1976 1585 2012 Sed
1603 1978 1720 2021 nota,
1750 1977 1861 2024 quod
1892 1980 1948 2014 est
1975 1977 2187 2014 vivificatio
2213 1988 2282 2013 seu
2300 1976 2387 2013 vitae
2443 1991 2544 2018 Vivifi-

1354 2038 1544 2074 restitutio
1574 2039 1764 2086 tripartita
1786 2051 1795 2076 2
1817 2039 1895 2075 alia
1924 2039 2136 2076 vivificatio
2164 2039 2362 2076 viatorum
2373 2051 2384 2084 3
2405 2031 2480 2107 ἓξὲξ)
2493 2033 2546 2061 tri-

1354 2100 1433 2137 alia
1469 2099 1681 2137 vivificatio
1721 2101 2020 2148 damnatorum3
2063 2101 2140 2138 alia
2173 2101 2385 2137 vivificatio
2475 2093 2483 2101 ’

1352 2162 1573 2198 beatorum.
1606 2162 1735 2199 Prima
1759 2162 1971 2200 vivificatio
2005 2165 2060 2200 est
2087 2163 2276 2200 restitutio
2297 2162 2385 2199 vitae

1351 2224 1600 2271 periculosae5
1642 2224 1815 2261 secunda
1851 2224 2064 2261 vivificatio
2103 2227 2158 2262 est
2195 2225 2383 2261 restitutio

1350 2286 1440 2323 vitae
1471 2286 1720 2334 perniciosae3
1741 2286 1854 2323 tertia
1877 2287 2090 2324 viVificatio
2119 2290 2176 2324 est
2193 2286 2382 2324 restitutio

1351 2348 1438 2384 vitae
1459 2348 1668 2384 deliciosae.
1691 2351 1743 2384 De
1761 2348 1892 2396 primo
1908 2349 1921 2371 ⁸
1944 2360 1953 2385 :
1978 2361 1996 2383 «
2017 2349 2206 2396 Apparuit
2223 2349 2379 2395 mulier,

1349 2410 1460 2455 cujus
1491 2409 1760 2446 vivificaverat
1786 2409 1934 2456 filium,
1962 2423 1981 2445 »
2015 2410 2161 2447 scilicet
2192 2410 2379 2447 Elisaeus:

1349 2481 1438 2507 ecce
1457 2470 1669 2507 vivificatio
1683 2470 1893 2508 viatorum.
1915 2473 1966 2508 De
1986 2472 2176 2518 secundo,
2196 2471 2267 2509 ubi
2287 2472 2380 2508 dicit

1347 2532 1535 2568 Dominus
1556 2532 1605 2568 de
1625 2533 1868 2580 quibusdam
1896 2533 2169 2571 adulatoribus
2187 2534 2201 2556 ⁹
2221 2545 2230 2569 :
2253 2546 2271 2568 (ι
2290 2533 2378 2570 Vio-

1344 2593 1480 2631 labant
1506 2605 1569 2630 me
1605 2594 1657 2630 ad
1676 2594 1872 2642 populum
1891 2605 2045 2642 meum,
2065 2598 2225 2643 propter
2242 2595 2376 2643 pugil-

1344 2656 1428 2693 lum
1448 2656 1588 2693 hordei
1621 2659 1658 2693 et
1683 2656 1863 2704 fragmen
1894 2658 2029 2706 panis3
2050 2661 2092 2695 ut
2116 2659 2378 2704 interficerent

1344 2719 1518 2764 animas,
1554 2729 1641 2766 quae
1673 2729 1755 2755 non
1795 2720 2036 2767 moriuntur,
2067 2723 2104 2758 et
2133 2721 2377 2758 vivificarent

1344 2780 1514 2826 animas,
1547 2791 1635 2828 quae
1663 2791 1746 2817 non
1763 2781 1925 2828 vivunt,
1945 2782 2178 2819 mentientes
2198 2794 2208 2819 ε
2229 2796 2247 2818 »
2265 2783 2375 2830 quod

1342 2844 1470 2890 potest
1488 2842 1612 2890 accipi
1633 2842 1682 2878 de
1703 2842 1897 2879 damnatis
1923 2855 1930 2880 :
1952 2854 2046 2880 nam
2064 2844 2246 2882 nonnulli
2273 2845 2373 2881 vivi-

1342 2904 1476 2950 ficant,
1493 2903 1535 2940 id
1558 2905 1614 2940 est
1631 2903 1815 2940 vivificati
1831 2904 2048 2952 praedicant
2067 2905 2119 2942 ad
2140 2905 2259 2942 vitam
2289 2906 2373 2952 glo-

1341 2965 1408 3002 riae
1427 2965 1592 3012 animas,
1614 2976 1702 3013 quae
1720 2976 1802 3003 non
1819 2966 1959 3003 vivunt
1967 2967 2047 3004 vita
2063 2966 2209 3014 gratiae,
2225 2969 2262 3003 et
2279 2967 2371 3004 ideo

1341 3037 1423 3063 non
1442 3026 1689 3064 vivificantur
1715 3038 1840 3075 usque
1863 3028 1915 3065 ad
1934 3028 2055 3065 vitam
2084 3029 2219 3075 gloriae
2239 3028 2298 3075 (b).
2320 3030 2371 3066 De

1340 3088 1451 3126 tertio
1468 3090 1497 3112 ¹⁰
1517 3101 1526 3126 :
1553 3102 1572 3124 «
1591 3089 1662 3134 Qui
1684 3089 1879 3137 quaesierit
1896 3090 2070 3127 animam
2089 3100 2201 3126 suam
2219 3090 2371 3126 salvam

1339 3150 1480 3196 facere,
1500 3152 1638 3198 perdet
1670 3152 1801 3198 illam3
1835 3154 1872 3188 et
1897 3152 1965 3200 qui
1989 3151 2204 3200 perdiderit
2233 3151 2368 3199 illam,

1340 3212 1553 3249 vivificabit
1583 3223 1670 3249 eam
1699 3225 1707 3250 :
1737 3227 1755 3247 »
1791 3224 1879 3250 ecce
1904 3213 2115 3250 vivificatio
2143 3213 2366 3250 beatorum.

1339 3304 1369 3333 3.
1396 3319 1434 3324 -
1466 3300 1476 3321 7
1511 3301 1627 3336 ιευι“ἰ.,
1663 3308 1756 3339 xxiv,
1782 3302 1833 3332 22.
1862 3318 1903 3324 —
1934 3302 1945 3319 ⁸
1974 3302 2016 3333 lV
2047 3302 2138 3341 Κεφ,
2166 3309 2251 3341 vin,
2273 3305 2303 3334 5.
2328 3319 2368 3326 —

1339 3349 1350 3366 ²⁴
1371 3347 1504 3386 Ezech.‚
1526 3355 1602 3386 xm,
1626 3349 1675 3379 18.
1696 3364 1727 3369 -
1752 3348 1776 3369 ¹⁰
1797 3348 1884 3382 Luc..
1905 3355 1990 3388 xvu,
2012 3348 2065 3380 33.

1382 3403 1428 3445 (a)
1449 3403 1564 3445 Suppl.
1583 3402 1729 3435 Domini.
1745 3419 1785 3426 —
1805 3402 1852 3444 (b)
1872 3403 1953 3436 Caet.
1973 3403 2051 3435 edit.
2073 3404 2234 3440 miseriae.
