2633 3878
244 263 295 301 22
934 251 1379 297 ILLUMlNATIONES
1409 250 1670 294 EGCLESIAE

244 348 458 390 Christum
478 346 669 386 medium
695 359 703 385 :
733 346 796 386 est
811 346 953 386 autem
971 344 1160 386 Christus
1181 354 1268 384 me-

248 420 366 461 dium
385 452 394 469 ‚
414 421 461 459 ut
475 429 560 458 cor.
583 416 700 458 Unde
719 415 881 457 dicebat
896 415 1090 456 Habacuc
1109 415 1121 438 ¹
1145 430 1154 455 :
1183 430 1203 453 «
1223 414 1270 454 In

245 491 382 532 medio
403 489 536 538 duum
569 489 816 529 animalium
850 487 1173 540 cognosceris.»
1196 485 1270 527 Est

247 562 373 603 etiam
389 560 578 602 Christus
591 560 793 610 medium,
807 561 855 600 ut
874 558 935 599 sol
954 572 963 599 :
986 558 1098 598 unde
1117 568 1268 598 secun-

245 633 346 673 dum
367 631 494 673 aliam
514 631 844 681 translationem,
862 630 1015 670 dicitur
1037 645 1055 668 «
1069 629 1111 669 in
1131 628 1269 669 medio

244 716 501 746 annorum.»
517 703 669 744 Totum
687 702 801 743 enim
814 704 982 754 tempus
992 700 1186 742 Ecclesiae
1203 700 1272 740 de-

248 777 395 827 currit,
419 775 651 816 secundum
667 774 778 827 quod
796 775 872 815 iste
887 773 949 814 sol
967 773 1179 814 descendit
1197 783 1272 825 per

247 849 390 891 decem
411 849 570 901 gradus
589 848 633 887 in
656 846 880 899 horologio
900 846 1054 887 Achaz.
1083 845 1272 886 Christus

246 933 352 974 ergo
373 924 435 962 est
456 922 500 961 in
521 920 660 962 medio
679 920 929 960 animalium
943 950 954 969 ‚
977 921 1018 960 et
1037 929 1133 972 quae
1154 918 1274 971 praei-

249 993 374 1043 bant,
397 995 437 1033 et
467 1003 566 1045 quae
593 991 894 1045 sequebantur,
916 989 1149 1032 secundum
1168 988 1273 1042 Sep-

244 1064 441 1117 tuaginta
461 1063 792 1105 translationem.

298 1135 489 1177 Tertium
516 1135 705 1177 medium
732 1137 793 1176 est
818 1133 1007 1175 medium
1039 1132 1270 1184 distantiae,

245 1206 359 1260 quod
390 1209 452 1248 est
481 1206 654 1247 centrali
685 1206 890 1259 positione
924 1204 1199 1258 profundum.
1223 1202 1275 1246 Et

246 1278 327 1319 hoc
357 1278 547 1320 medium
574 1281 637 1319 est
668 1278 719 1319 de
747 1277 1080 1319 consideratione
1110 1276 1271 1317 Mathe-

247 1349 403 1390 matici.
426 1349 554 1402 Cujus
574 1349 746 1403 quidem
766 1349 862 1389 licet
882 1348 1020 1402 prima
1037 1347 1274 1389 considera-

246 1422 303 1462 tio
323 1422 377 1462 sit
397 1422 507 1462 circa
527 1433 771 1462 mensuram
791 1424 937 1471 terrae,
962 1419 1112 1460 ultima
1131 1421 1275 1459 tamen

246 1497 340 1548 eJus
359 1493 636 1536 consideratio
659 1496 720 1534 est
753 1494 862 1534 circa
880 1494 1022 1533 motus
1048 1502 1275 1544 corporum

249 1566 517 1620 superiorum
536 1597 547 1616 ‚
569 1577 666 1619 quae
686 1565 843 1605 habent
863 1564 1084 1616 disponere
1105 1563 1198 1604 haec
1217 1562 1277 1603 in-

245 1638 399 1680 feriora
417 1638 650 1679 secundum
671 1637 952 1678 influentiam.
979 1635 1066 1676 Hoc
1085 1635 1275 1676 medium

247 1711 454 1752 distantiae
474 1710 552 1750 fuit
572 1709 761 1750 Christus
780 1709 826 1749 in
847 1708 1135 1749 crucifixione.
1159 1707 1277 1748 Unde

250 1783 462 1836 Propheta
487 1781 652 1822 dicebat
684 1785 698 1806 2
724 1795 733 1821 z
764 1796 783 1819 (ι
800 1780 890 1822 Rex
908 1783 1049 1820 noster
1077 1782 1173 1820 ante
1202 1791 1278 1820 εὖθ-

249 1855 343 1896 cula
363 1858 560 1909 operatus
583 1857 644 1895 est
666 1854 845 1894 salutem
865 1853 909 1892 in
929 1852 1067 1894 medio
1087 1855 1228 1893 terrae.
1253 1867 1272 1890 1)

250 1928 380 1970 Terra
399 1927 513 1969 enim
529 1926 750 1980 sphaerica,
769 1925 932 1975 infima,
951 1926 991 1965 et
1007 1923 1171 1964 modica
1188 1925 1275 1964 est:

251 1999 460 2054 sphaerica
472 2001 513 2040 et
527 1999 696 2049 infima,
718 1997 819 2050 quia
837 1997 882 2037 in
907 1999 1077 2046 ctntr03
1099 1995 1277 2047 modica,

250 2074 442 2125 respectu
463 2068 828 2111 circumferentiae.
863 2067 1039 2120 Propter
1058 2066 1278 2120 sphaerIci-

251 2145 402 2194 tatem,
440 2142 708 2183 infimitatem
727 2172 737 2192 ,
783 2139 1068 2181 modicitatem
1084 2169 1095 2189 ,
1133 2138 1282 2191 recipit

254 2215 447 2257 omnium
462 2225 688 2267 corporum
702 2212 937 2254 coelestium
953 2210 1213 2254 influentias
1231 2209 1282 2252 Et

253 2287 350 2328 inde
375 2287 541 2337 accidit,
572 2285 686 2339 quod
708 2285 820 2326 fiunt
851 2283 1069 2325 mirabiles
1098 2283 1280 2337 pullula-

254 2359 388 2401 tiones
406 2361 533 2400 terrae
562 2357 842 2407 nascentium,
867 2355 1080 2397 mirabiles
1101 2367 1281 2408 genera·

254 2431 390 2472 tiones
409 2441 636 2483 corporum
656 2429 1048 2470 homometerorum
1068 2427 1096 2468 ⁸.
1130 2426 1201 2467 Sic
1219 2426 1283 2467 Fi-

254 2502 336 2543 lius
354 2501 426 2543 Dei
446 2501 678 2554 sphaericus
697 2501 942 2553 paupertate
955 2531 965 2550 ,
990 2499 1186 2539 infirmus
1204 2498 1285 2539 hu-

258 2573 459 2624 militate,
481 2572 672 2614 modicus
691 2571 957 2612 humanitate
974 2602 984 2620 ‚
1018 2571 1171 2612 limum
1203 2582 1283 2612 no—

259 2649 395 2687 strum
417 2645 648 2698 suscipiens
662 2677 674 2695 ,
695 2644 746 2684 de
766 2644 901 2685 humo
920 2643 1077 2694 sactus,
1100 2655 1186 2684 non
1216 2655 1287 2685 so·-

257 2718 349 2758 lum
369 2718 484 2758 venit
505 2717 556 2757 ad
579 2715 844 2769 superficiem
863 2718 989 2755 terrae
1003 2746 1015 2765 ,
1039 2715 1174 2761 sedin
1191 2727 1284 2768 pro-

260 2788 389 2830 fundo
409 2787 536 2828 centri
559 2820 567 2837 ,
588 2786 651 2827 et¹⁰
674 2802 693 2824 «
711 2787 755 2826 in
769 2789 917 2827 ventre
936 2785 1080 2836 centri,
1099 2785 1144 2825 in
1164 2786 1287 2826 corde

259 2864 399 2911 terrae,
414 2874 432 2897 n
458 2859 638 2899 salutem
652 2861 848 2911 operatus
858 2860 919 2898 est
935 2856 1055 2909 :qnia
1069 2869 1143 2909 per
1154 2857 1287 2897 cruci-

259 2933 463 2973 fixionem
483 2930 625 2971 anima
646 2942 721 2970 sua
741 2929 793 2970 ad
813 2929 1027 2969 infernum
1050 2928 1261 2969 descendit
1276 2962 1285 2979 ‚

261 3007 302 3045 et
321 3002 572 3044 restauravit
592 3001 824 3042 coelestium
845 3000 1008 3041 sedium
1028 3000 1282 3042 vacationes

262 3075 411 3116 Inhoc
430 3073 636 3127 profundo
654 3072 792 3113 medio
813 3072 925 3112 salus
946 3074 1032 3122 est,
1055 3072 1154 3125 quia
1172 3085 1285 3114 recc-

263 3147 365 3188 dens
385 3158 410 3186 a
439 3146 578 3186 medio
596 3143 848 3185 humilitatis
867 3175 877 3193 ‚
910 3144 1151 3185 damnatur.
1174 3143 1292 3186 Unde

267 3218 454 3260 Christus
482 3217 668 3258 dicebat⁵
689 3231 698 3257 ε
730 3231 749 3254 α
770 3216 863 3268 Ego
881 3216 924 3256 in
945 3216 1083 3256 medio
1099 3219 1291 3257 vestrum

267 3302 360 3329 sum
378 3320 388 3339 ‚
411 3289 517 3329 sicut
535 3288 610 3341 qui
629 3288 854 3327 ministrat.
872 3302 891 3325 ›>
918 3287 968 3327 Et
990 3286 1035 3326 in
1060 3287 1293 3340 Evangelio

267 3360 499 3402 secundum
519 3359 761 3403 Matthoeum
781 3359 794 3380 ⁶
817 3370 826 3396 ε
852 3357 976 3398 «Nisi
997 3357 1188 3400 conversi
1208 3358 1295 3399 fue-

316 3491 323 3509 ¹
344 3488 478 3529 Habac„
494 3498 543 3530 111,
555 3493 586 3529 2,
599 3490 783 3522 secundum
795 3497 916 3522 Lxx.-
929 3488 1245 3526 ²Psczl.1,x=<111,t‘2.
1257 3505 1291 3511 -

271 3539 282 3556 ⁵
301 3540 326 3570 Α
348 3547 432 3570 voce
451 3546 563 3580 graeca
582 3541 778 3581 Ομομητωρ,
797 3537 913 3576 latine,
937 3536 1057 3569 eadem
1077 3538 1186 3567 matre
1205 3535 1296 3577 geni-

270 3586 355 3618 tum.
380 3602 419 3608 —
449 3584 460 3602 ⁴
488 3584 623 3626 Manli„
650 3592 718 3625 xii,
751 3587 802 3617 40.
831 3601 868 3608 —
897 3584 908 3602 ⁵
936 3583 1026 3624 Luc„
1052 3590 1148 3622 xxu,
1176 3584 1226 3614 27.
1256 3599 1295 3607 —

1345 341 1438 382 ritis
1452 374 1462 393 ‚
1479 343 1520 383 et
1536 340 1779 382 efficiamini
1799 341 1908 382 sicut
1926 340 2116 394 parvuli,
2136 351 2222 381 non
2240 340 2370 380 intra-

1346 413 1444 454 bitis
1467 414 1512 454 in
1529 425 1716 465 regnum
1739 413 1958 455 coelorum.
1980 426 1999 451 11
2025 411 2073 452 111
2100 411 2239 453 medio
2252 423 2368 452 nem-

1344 496 1396 538 pe
1414 484 1667 525 humilitatis
1686 485 1820 525 crucis
1836 517 1846 535 ,
1869 484 2056 525 Christus
2075 482 2252 523 salutem
2273 495 2368 535 ope-

1347 559 1465 596 ratus
1485 557 1561 596 est.
1585 555 1680 606 Sed,
1703 556 1812 608 proh
1830 555 1972 596 dolor!
2001 554 2137 606 caligo
2157 553 2370 594 subintra-

1345 628 1424 679 vit,
1438 626 1539 680 quia
1551 627 1772 667 Christiani
1783 626 1923 667 locum
1934 628 2174 668 extremum
2186 624 2235 665 eli
2243 627 2368 677 gunt,
2379 659 2386 666 .

1346 702 1386 740 et
1406 698 1595 739 medium
1615 698 1879 751 relinquunt.
1901 697 2009 748 Quid
2029 699 2090 738 est
2109 696 2370 750 impugnati-

1350 783 1454 812 vum
1499 769 1646 811 salutis
1678 770 1916 811 humanae?
1940 769 2106 812 Nescire
2136 781 2180 810 se
2215 768 2368 810 metiri.

1347 840 1430 883 Sed
1448 842 1550 895 quid
1581 842 1750 895 prodest
1770 841 1934 882 homini
1964 841 2070 882 scire
2097 840 2237 881 metiri
2264 840 2371 890 alia,

1348 914 1388 953 et
1420 913 1582 953 nescire
1613 913 1753 954 metiri
1779 913 1990 966 seipsum?
2021 927 2040 950 α
2069 911 2115 953 Si
2145 912 2282 962 enim,
2316 911 2376 952 ait

1349 983 1626 1036 Bernardus⁷,
1645 985 1960 1039 aliquantulum
1972 984 2067 1038 quis
2081 996 2124 1026 se
2131 984 2228 1038 plus
2241 994 2374 1037 quam

1349 1056 1486 1108 dehet,
1501 1056 1672 1107 exaltat,
1689 1056 1927 1110 periculum
1946 1061 2008 1097 est
2026 1055 2105 1097 sibi
2121 1070 2130 1096 :
2148 1059 2196 1097 ut
2212 1055 2247 1096 si
2263 1055 2373 1109 quis,

1349 1127 1514 1169 intrans
1533 1140 1608 1181 per
1626 1130 1792 1181 portam
1811 1159 1822 1178 ‚
1844 1130 1969 1180 caput
1987 1127 2122 1179 erigat
2138 1158 2150 1178 ,
2171 1127 2344 1168 laeditur
2361 1140 2372 1179 ;

1349 1200 1425 1254 qui
1453 1202 1596 1241 autem
1624 1211 1668 1240 se
1699 1199 1993 1250 inclinaverit,
2022 1211 2111 1239 non
2143 1198 2327 1240 laeditur.
2351 1212 2370 1238 ›>

1350 1272 1616 1326 Responsum
1627 1273 1706 1313 fuit
1723 1272 1922 1323 Antonio,
1946 1271 2059 1325 quod
2073 1271 2187 1312 solus
2200 1270 2378 1312 humilis

1350 1347 1438 1385 erat
1463 1356 1614 1386 evasor
1639 1344 1892 1398 laqueorum
1920 1344 2053 1385 hostis
2078 1343 2259 1396 antiqui.
2296 1342 2378 1384 Sed

1350 1414 1451 1469 quid
1472 1418 1534 1457 est
1549 1447 1562 1467 ,
1584 1416 1698 1469 quod
1724 1415 1944 1456 humilitas
1972 1427 2059 1456 11011
2083 1415 2280 1465 habetur,
2301 1426 2380 1456 nec

1350 1486 1497 1528 lumen
1515 1488 1731 1540 sapientiae
1745 1488 1765 1528 ‘?
1781 1487 1887 1537 Quia
1904 1486 2017 1539 ignis
2037 1498 2125 1527 non
2144 1485 2380 1528 custoditur

1350 1558 1395 1599 111
1414 1559 1554 1600 medio
1575 1559 1791 1609 cinerum3
1814 1558 1887 1600 sed
1905 1559 2070 1600 laterna
2091 1560 2237 1599 nostra
2255 1569 2381 1612 expo-

1351 1630 1470 1671 nitur
1501 1630 1619 1671 omni
1636 1633 1787 1683 vento,
1816 1633 1857 1671 et
1891 1630 2160 1683 extinguitur
2189 1629 2376 1671 lucerna.

1352 1702 1569 1744 Ostentare
1597 1703 1739 1743 statim
1758 1703 1984 1754 volumus,
2018 1703 2051 1743 si
2084 1702 2187 1756 quid
2206 1702 2310 1744 honi
2335 1702 2381 1744 in

1351 1774 1472 1817 nohis
1486 1776 1560 1815 est.
1579 1773 1661 1816 Sed
1676 1775 1882 1816 mirabilis
1898 1775 1977 1816 fuit
1994 1774 2140 1816 divina
2158 1773 2376 1827 sapientia,

1352 1858 1452 1901 quae
1472 1859 1546 1901 per
1567 1848 1753 1889 cinerem
1774 1847 2026 1889 humilitatis
2045 1848 2215 1900 operata
2235 1848 2298 1888 est
2315 1858 2380 1888 sa-

1352 1919 1499 1961 lutem.
1522 1919 1730 1971 Medium,
1752 1932 1846 1961 cum
1862 1919 2068 1960 amissum
2087 1918 2214 1960 fuerit
2231 1918 2277 1958 in
2296 1917 2378 1960 cir-

1353 1992 1449 2034 culo
1463 2022 1476 2043 ,
1503 1992 1768 2034 reinvenitur
1789 2003 1865 2044 per
1886 1990 1992 2032 duas
2011 1989 2143 2031 lineas
2161 2001 2207 2031 se
2233 1989 2379 2032 ortho-

1353 2064 1566 2118 gonaliter
1584 2064 1899 2105 intersecantes.

1409 2137 1620 2187 Quartum
1640 2135 1830 2177 medium
1849 2138 1911 2176 est
1935 2134 2125 2176 medium
2143 2134 2347 2177 doctrinae
2369 2167 2379 2185 ‚

1346 2208 1469 2267 ,quod
1505 2209 1568 2249 est
1603 2207 1798 2248 rationali
1832 2206 2169 2248 manifestatione
2205 2206 2383 2260 praecla-

1355 2292 1478 2332 rum,
1500 2282 1542 2320 et
1559 2281 1621 2321 est
1639 2279 1690 2321 de
1711 2278 2046 2320 consideratione
2076 2277 2299 2320 Dialectici.
2320 2271 2384 2321 Ad

1356 2351 1437 2392 hoc
1463 2350 1684 2391 ordinatur
1721 2350 1859 2390 omnis
1893 2361 2032 2390 sermo
2062 2348 2280 2390 rationalis
2293 2379 2304 2400 ,
2337 2350 2386 2389 ut

1357 2434 1432 2476 per
1450 2423 1588 2476 ipsum
1599 2454 1610 2473 ,
1628 2425 1833 2475 tanquam
1851 2433 1926 2474 per
1944 2419 2135 2461 medium
2148 2450 2158 2469 ‚
2175 2419 2384 2473 exprima-

1358 2506 1455 2535 mus
1474 2494 1587 2547 quod
1619 2497 1680 2535 est
1706 2494 1820 2547 apud
1846 2504 1938 2534 nos,
1972 2491 2090 2534 Unde
2111 2492 2229 2533 Plato
2252 2491 2354 2533 dicit
2370 2495 2385 2517 ⁸

1359 2567 1473 2620 quod
1493 2577 1632 2607 sermo
1659 2566 1783 2607 datus
1803 2567 1888 2616 est,
1912 2567 1959 2605 ut
1978 2565 2082 2605 fiant
2111 2565 2266 2616 praesto
2285 2575 2382 2604 mu·

1358 2640 1445 2678 tuce
1466 2637 1692 2679 voluntatis
1711 2636 1882 2678 indicia.
1903 2636 2039 2687 Igitur
2059 2646 2198 2676 sermo
2216 2635 2386 2677 ordina-

1360 2712 1432 2750 tur
1451 2710 1501 2749 ad
1522 2708 1758 2761 simplicem
1784 2707 2020 2748 orationem
2043 2720 2053 2747 2
2077 2706 2210 2748 oratio
2241 2708 2386 2748 autem

1362 2780 1581 2821 ordinatur
1601 2779 1654 2820 ad
1685 2779 2125 2831 argumentationem,
2151 2778 2386 2820 secundum

1361 2851 1518 2904 spectes
1534 2862 1652 2891 suas:
1669 2849 1986 2901 argumentatio
2000 2849 2052 2889 ad
2065 2848 2383 2902 syllogismum:
2435 2846 2438 2848 ’

1363 2923 1636 2977 syllogismus
1655 2922 1707 2963 ad
1726 2921 2082 2975 persuadendum.
2117 2920 2302 2962 Medium
2323 2932 2390 2962 er·

1363 3007 1419 3048 go
1436 3028 1449 3046 ,
1470 3007 1546 3049 per
1564 3007 1687 3036 suam
1711 2994 1966 3035 evidentiam
1987 2996 2028 3035 et
2046 2993 2387 3035 convenientiam

1363 3079 1462 3108 cum
1481 3066 1697 3116 extremiS,
1720 3065 1932 3118 compellit
1952 3065 2159 3106 rationem
2183 3064 2234 3106 ad
2255 3075 2390 3106 assen-

1363 3138 1555 3180 tiendum
1570 3169 1583 3188 ,
1606 3140 1654 3179 ut
1680 3137 1781 3191 quia
1801 3137 1920 3189 prius
1939 3140 2132 3177 extrema
2162 3135 2391 3178 convenie-

1364 3211 1468 3252 hant
1483 3210 1593 3250 inter
1610 3221 1654 3250 se
1685 3208 1867 3258 realiter,
1898 3207 2114 3248 manifeste
2148 3218 2224 3259 per
2248 3207 2390 3249 virtu-

1365 3284 1452 3323 tem
1470 3280 1600 3321 medii
1619 3292 1717 3321 cum
1734 3281 1913 3332 utroque
1932 3281 2120 3319 extremo
2139 3279 2390 3320 convenien-

1366 3353 1438 3404 tis,
1466 3352 1577 3393 inter
1596 3363 1640 3392 se
1671 3350 1943 3393 conveniunt.
1978 3349 2066 3391 Hoc
2090 3349 2280 3390 medium
2311 3349 2393 3391 fuit

1369 3423 1554 3466 Christus
1583 3423 1628 3464 in
1666 3421 1998 3472 resurrectione,
2033 3432 2162 3473 quam
2195 3420 2393 3474 probavit

1369 3533 1381 3552 ⁶
1399 3531 1535 3571 Matth„
1549 3539 1649 3571 xvm,
1672 3532 1704 3562 3.
1719 3546 1761 3554 —
1776 3529 1791 3552 ⁷
1811 3530 1926 3569 Rern„
1946 3529 1981 3560 in
2003 3528 2112 3567 cant„
2132 3536 2234 3562 serm.
2256 3535 2391 3574 xxxva,

1368 3588 1439 3614 non
1457 3579 1576 3621 procul
1593 3589 1614 3612 a
1631 3579 1710 3612 fine.
1726 3595 1765 3603 -
1784 3577 1798 3600 ⁸
1814 3577 1910 3618 Plat„
1929 3576 1965 3609 in
1985 3576 2113 3609 Timoeo.
