2633 3878
119 733 227 761 Christi

107 774 203 801 tunica

86 815 224 842 inconsu-

85 855 153 883 tilis.

76 2082 219 2112 Hermon.

91 2123 218 2150 Anathe-

76 2169 125 2190 ma
132 2164 216 2198 quid.

994 140 1184 181 PSALMI
1216 139 1637 182 (lxxxiii-cxxxiv.

252 229 375 267 tuum
397 227 441 267 in
461 228 697 280 sepulchro,
724 229 766 269 id
788 231 873 278 est,
902 228 1030 270 fidem
1062 230 1277 269 mortuam

251 297 295 337 in
319 298 454 338 nobis.
477 297 677 340 Nostrum
699 303 841 339 autem
867 311 952 340 non
978 301 1039 340 est
1066 298 1278 339 Christum

251 367 294 407 in
313 368 432 408 nohis
448 369 710 418 resuscitare,
727 370 800 410 sed
818 381 996 421 ungere,
1017 381 1071 409 ne
1091 370 1136 409 in
1156 368 1280 409 nobis

250 438 392 478 foeteat
406 444 621 491 peccatum
637 440 984 492 quatriduanum.
1009 439 1114 480 Nam
1135 451 1280 492 possu-

250 519 348 548 mus
378 520 455 548 nos
483 510 616 550 facere
651 511 793 551 minus
824 511 981 561 malos,
1015 523 1100 551 nou
1129 511 1275 560 bonos,

249 578 501 630 incoeptione
535 580 700 631 gratiae.
735 580 822 621 Hoc
857 584 1131 632 unguentum
1162 591 1276 620 ema-

249 660 346 688 mus
365 661 544 690 nummo
563 650 745 702 propriae
765 650 1008 691 voluntatis.

301 720 354 760 In
380 732 501 760 oram
528 721 780 761 vestimenti.
802 720 908 761 Nota
932 736 940 761 :
964 721 1106 761 tunica
1127 721 1278 763 Christi

247 791 325 831 fuit
356 791 617 831 inconsutilis
650 791 829 843 desuper
865 794 1061 832 contexta
1098 804 1174 845 per
1210 795 1277 832 to-

246 864 335 901 tum
350 893 360 911 ,
382 861 484 913 quia
509 861 616 901 facta
641 874 740 909 acu,
762 873 848 901 non
871 864 1058 912 textura3
1086 866 1126 902 et
1144 863 1277 915 ligata

245 931 425 984 desuper
446 943 470 971 a
496 932 580 971 fine
607 944 745 984 usque
765 931 813 972 ad
843 933 998 982 finem,
1021 933 1130 973 sicut
1152 933 1276 985 pelli-

244 1013 392 1042 carum
422 1002 621 1053 corrigia.
659 1001 819 1043 Tunica
853 1006 915 1043 est
948 1003 1145 1053 Ecclesia,
1178 1016 1276 1056 quae

243 1085 330 1113 non
349 1073 500 1125 recipit
520 1073 774 1122 sectionem;
796 1076 835 1113 et
848 1077 910 1113 est
926 1076 1122 1114 contexta
1141 1075 1276 1114 chari-

244 1146 340 1194 tate,
362 1155 459 1196 quae
481 1155 574 1183 eam
594 1143 721 1195 ligat,
746 1143 852 1184 sicut
873 1143 1023 1195 gluten
1044 1144 1273 1185 indissolu-

242 1214 338 1263 bile,
354 1214 548 1266 desuper,
568 1215 668 1266 quia
689 1214 870 1254 charitas
888 1215 1083 1267 superior
1102 1218 1164 1255 est
1182 1215 1274 1255 aliis

243 1285 485 1325 virtutibus.
515 1284 595 1325 Per
616 1288 753 1325 totum
781 1285 949 1336 dicitur,
972 1286 1073 1338 quia
1092 1298 1117 1326 a
1135 1286 1274 1338 primo

241 1356 369 1407 fideli,
391 1357 432 1397 id
453 1361 515 1398 est
534 1357 654 1406 Abel,
680 1370 815 1410 usque
836 1357 887 1398 ad
907 1357 1109 1398 ultimum
1130 1361 1275 1398 manet

240 1427 424 1467 charitas
442 1427 486 1466 in
507 1426 705 1467 Ecclesia.

294 1501 333 1538 3.
363 1498 487 1539 Sicut
511 1509 580 1537 ros
610 1498 817 1538 Hermon..
853 1498 1023 1549 Rubigo
1053 1498 1274 1551 dupliciter

239 1568 430 1608 aufertur
453 1580 462 1608 :
485 1569 594 1609 duro
613 1568 778 1621 aliquo,
808 1572 856 1609 ut
885 1569 1015 1619 ferro,
1044 1569 1112 1609 vel
1132 1572 1269 1621 petra;

238 1638 378 1689 molli,
411 1641 459 1679 ut
484 1651 615 1692 aqua,
643 1639 711 1679 vel
743 1644 984 1691 unguento.
1019 1639 1087 1680 Sic
1115 1640 1272 1691 rubigo

237 1710 397 1761 peccati
429 1710 537 1750 duro
571 1709 841 1750 auferebatur
878 1710 922 1749 in
957 1710 1080 1762 lege,
1119 1710 1274 1750 scilicet

239 1792 314 1833 per
347 1780 736 1830 circumcisionem,
772 1793 870 1833 quae
903 1781 1014 1823 ferro
1052 1783 1119 1823 vel
1152 1786 1272 1834 petra

238 1850 366 1891 fiebat
379 1865 388 1901 ;
412 1851 483 1891 sed
502 1851 548 1891 in
568 1854 758 1904 tempore
780 1852 947 1902 gratiae,
969 1853 1112 1905 aliquo
1136 1853 1268 1903 molli,

238 1921 393 1962 scilicet
412 1934 522 1975 aqua
542 1922 761 1975 baptismi,
784 1922 852 1962 vel
870 1923 1069 1964 unctione
1094 1923 1267 1976 duplici,

238 1992 393 2033 scilicet
421 1992 651 2045 corporali,
683 1995 724 2032 et
749 1993 982 2045 spirituali,
1015 1994 1170 2035 scilicet
1201 2006 1268 2034 ra-

236 2063 350 2104 tione
367 2063 419 2116 (a)
437 2064 603 2115 gratiae.
621 2063 808 2104 Hermon
822 2065 1048 2105 anathema
1063 2065 1272 2118 interpre-

237 2137 352 2175 tatur
384 2149 392 2175 :
429 2137 490 2174 est
519 2138 663 2175 autem
699 2135 926 2175 anathema
961 2138 1178 2188 separatus
1216 2136 1270 2177 ab

236 2205 411 2254 unione,
435 2205 505 2246 vel
525 2206 906 2247 communicatione
927 2206 1135 2247 Ecclesiae.

290 2276 505 2328 Quoniam
538 2277 624 2317 illic
660 2277 887 2317 mandavit
918 2278 1144 2318 Dominus.
1182 2278 1270 2318 Hoc

234 2347 433 2397 verbum,
455 2347 695 2397 Mandavit,
720 2348 850 2388 semel
870 2348 1073 2400 positum,
1097 2349 1144 2388 in
1162 2349 1269 2388 dua—

235 2418 316 2458 bus
340 2417 725 2470 significationihus
759 2417 977 2470 accipitur.
1008 2417 1114 2458 Nam
1141 2430 1266 2459 man—

235 2486 351 2530 davit
371 2488 724 2538 benedictionem,
746 2488 789 2528 id
808 2491 871 2528 est
893 2489 1120 2541 praecepit3
1144 2501 1265 2529 man-

234 2560 370 2611 davit,
393 2560 436 2601 id
456 2562 538 2610 est,
561 2559 755 2612 promisit
781 2574 789 2599 :
811 2561 852 2600 et
870 2559 962 2600 ideo
986 2559 1067 2600 hoc
1085 2560 1265 2601 verbum

234 2633 296 2671 est
313 2630 605 2684 repetendum.
627 2629 733 2671 Nota
759 2644 768 2669 :
793 2629 864 2670 hic
882 2629 1072 2683 psalmus
1095 2643 1184 2671 non
1202 2643 1266 2671 re-

233 2702 333 2754 cipit
351 2701 618 2752 divisionem,
638 2701 738 2754 quia
758 2701 891 2742 tendit
910 2701 961 2742 ad
983 2702 1208 2743 unitatem.

373 2813 641 2858 PSALMUS
673 2814 853 2858 DAVID
885 2813 1126 2858 CXXXIII.

284 2917 395 2959 Ecce
420 2928 534 2957 nunc
567 2915 796 2958 benedicite
823 2916 1074 2958 Dominum.
1107 2914 1154 2955 ln
1183 2915 1265 2956 hoc

232 2987 393 3040 psalmo
413 2987 605 3038 ostendit,
629 2987 702 3040 qui
719 2987 899 3028 debeant
918 2986 1091 3028 laudare
1111 2985 1260 3036 Deum,

231 3072 329 3100 cum
348 3059 449 3100 dicit
472 3073 481 3099 :
508 3059 688 3103 Omnes:
708 3061 749 3100 et
769 3071 920 3112 quare,
944 3058 1055 3099 unde
1082 3073 1090 3099 ε
1113 3058 1263 3110 Servi,-

231 3134 272 3172 et
288 3143 431 3184 quem,
451 3130 510 3170 ibi
531 3144 540 3171 :
560 3123 819 3174 Dominum,·
841 3132 881 3170 et
901 3129 990 3179 ubi,
1013 3129 1113 3182 quia
1132 3128 1175 3169 in
1194 3128 1264 3169 ad-

230 3202 450 3251 versitate,
485 3201 545 3241 ibi
575 3215 584 3241 :
614 3201 668 3242 In
695 3200 885 3241 noctibus
892 3212 909 3252 ,·
930 3202 969 3240 et
999 3211 1084 3252 quo
1112 3199 1259 3250 modo,

232 3272 289 3313 ibi
311 3287 321 3314 2
343 3272 549 3315 Extollite
569 3284 724 3313 manus
743 3276 926 3322 vestras,
948 3269 1103 3310 scilicet
1123 3270 1262 3323 operis

274 3380 285 3402 ¹
304 3380 393 3412 Psal.
413 3387 545 3421 cxxvii,
564 3382 595 3412 6.
616 3396 657 3402 —
675 3380 689 3401 ²
708 3377 799 3410 Psal.
820 3385 893 3418 xv1,
915 3379 964 3409 15.
982 3394 1023 3400 -
1041 3377 1054 3399 ³
1075 3377 1160 3418 ose„
1179 3385 1259 3418 1111,

234 3430 285 3460 14.
316 3445 357 3451 —
388 3428 399 3445 ⁴
426 3427 518 3460 Psal.
548 3434 684 3468 xxxin,
716 3427 745 3459 9.
782 3443 817 3448 -
852 3426 862 3444 ⁵
893 3424 1062 3466 Richard„
1097 3424 1131 3456 in
1168 3424 1259 3457 hune

2305 155 2380 193 557

1357 232 1397 269 et.
1418 229 1663 270 voluntatis,
1688 228 1764 270 Hae
1790 234 1890 272 sunt
1915 233 2014 274 duae
2043 246 2210 277 manus,
2233 236 2382 280 Osten-

1357 301 1416 341 dit
1428 302 1555 342 etiam
1571 301 1714 354 probis
1729 304 2066 357 retributionem,
2088 309 2163 348 ubi
2181 309 2333 352 dicitur
2344 315 2377 352 ¹:

1363 387 1381 410 α
1393 372 1443 412 Et
1453 373 1598 413 videas
1610 385 1757 425 pacem
1769 387 1896 426 super
1907 376 2032 417 Israel
2050 378 2098 430 (b)
2108 409 2116 418 .
2125 392 2144 416 2>
2161 379 2236 420 Hic
2248 384 2383 422 osten-

1356 442 1415 482 dit
1445 443 1635 494 laudem,
1658 445 1771 485 unde
1797 457 1806 484 :
1839 446 2102 500 Benedicite‚·
2119 449 2381 492 laudantium

1355 511 1657 564 humilitatem,
1679 515 1792 555 unde
1814 529 1822 556 :
1846 516 1975 558 Servi
1982 532 1991 567 ;
2013 517 2263 561 humilitatis
2282 523 2378 563 uni-

1354 583 1611 634 versitatem,
1634 585 1748 626 unde
1770 598 1779 626 :
1806 587 1987 633 Omnes;
2016 589 2077 629 rei
2105 590 2286 633 laudatae
2306 606 2382 634 ex-

1354 651 1606 702 cellentiam,
1628 655 1740 696 unde
1764 670 1772 696 z
1796 657 2053 711 Dominum,·
2071 659 2228 702 horum
2249 675 2383 715 perse-

1353 723 1607 772 verantiam,
1627 725 1740 766 unde
1764 741 1771 766 :
1798 727 1884 778 Qui
1899 730 2032 770 statis.

1493 883 1758 930 PSALMUS
1790 886 1970 932 DAVID
2003 890 2242 937 CXXXIV.

1407 1013 1446 1049 1.
1495 1010 1686 1052 Laudate
1732 1025 1889 1053 nomen
1933 1015 2134 1068 Domini,
2180 1018 2381 1070 quoniam

1353 1091 1483 1119 suave
1505 1082 1580 1120 est.
1602 1079 1688 1121 Nos
1708 1082 1750 1122 in
1779 1086 1979 1135 praesenti
2003 1089 2228 1137 gustamus
2251 1101 2260 1128 ε
2283 1101 2383 1129 nam

1353 1149 1610 1200 cognitionis
1629 1151 1701 1192 Dei
1717 1156 1880 1205 partem
1899 1155 2102 1208 capimus,
2121 1169 2209 1198 non
2227 1161 2380 1201 totum.

1354 1219 1436 1260 Sed
1466 1223 1604 1262 totum
1637 1223 1851 1275 capiemus
1882 1225 1928 1265 in
1964 1227 2133 1278 futuro,
2171 1229 2285 1270 unde
2318 1234 2332 1255 ²
2368 1242 2378 1270 :

1359 1305 1377 1328 (ι
1392 1290 1600 1342 Satiabor,
1619 1305 1716 1333 cum
1734 1296 1977 1347 apparuerit
1989 1297 2127 1348 gloria
2139 1301 2227 1340 tua.
2241 1314 2260 1337 n
2276 1299 2381 1341 Nam

1350 1361 1403 1401 ad
1440 1361 1624 1403 litteram
1652 1367 1878 1414 gustamus
1903 1366 1973 1406 vel
2001 1369 2267 1422 mordemus,
2296 1383 2382 1412 non

1349 1434 1486 1472 totum
1518 1433 1724 1486 capimus.
1760 1434 1828 1475 Sic
1856 1436 1982 1476 etiam
2014 1438 2200 1481 Christus
2228 1441 2383 1482 dicitur

1349 1504 1627 1544 momordisse
1640 1504 1870 1556 infernum,
1884 1507 1985 1559 quia
1996 1511 2202 1561 quosdam
2215 1512 2377 1564 eduxit,

1345 1574 1420 1615 sed
1440 1588 1525 1616 non
1550 1588 1698 1617 omnes
1724 1592 1732 1618 :
1762 1578 1875 1619 unde
1896 1579 1976 1620 hoc
1997 1584 2011 1605 ³
2033 1593 2043 1621 ε
2073 1596 2092 1619 α
2112 1581 2194 1624 Ero
2215 1596 2380 1626 morsus

1347 1647 1469 1694 tuus,
1496 1646 1714 1687 inferne.»
1742 1647 1848 1689 Nota
1872 1664 1881 1690 ε
1915 1649 2000 1691 duo
2031 1655 2154 1702 sunt,
2175 1655 2376 1707 cognitio,
2417 1673 2539 1698 Amoret

1347 1716 1389 1753 et
1413 1725 1535 1754 amor
1559 1728 1568 1754 :
1592 1714 1776 1755 alterum
1797 1716 1852 1757 ad
1873 1717 2231 1762 illuminationem
2244 1736 2254 1773 ;
2276 1724 2380 1765 alte-—
2400 1711 2538 1745 ⁰⁰g¹²³ti⁰‘

1346 1796 1445 1824 rum
1485 1785 1538 1825 ad
1575 1786 1863 1828 refectionem.
1904 1788 2097 1840 Cognitio
2139 1791 2376 1845 illuminat3

1346 1866 1467 1895 amor
1488 1856 1625 1896 reficit
1654 1870 1663 1897 :
1693 1858 1880 1909 cognitio
1903 1859 2092 1901 veritatis
2107 1875 2118 1912 ;
2152 1875 2273 1905 amor
2300 1866 2375 1907 bo-

1345 1926 1502 1966 nitatis.
1527 1930 1572 1967 In
1598 1927 1665 1967 his
1691 1931 1829 1970 omnis
1855 1942 1957 1971 vera
1983 1931 2198 1975 beatitudo
2226 1937 2378 1978 consis-

1345 1997 1417 2048 tit,
1448 1998 1602 2038 scilicet
1634 1999 1678 2038 in
1706 2011 1982 2053 cognoscere,
2010 2006 2051 2043 et
2078 2016 2221 2047 amare
2231 2021 2241 2057 ;
2266 2008 2376 2049 unde

1344 2068 1425 2109 hoc
1443 2068 1457 2090 ᾧ
1479 2083 1487 2108 :

1345 2210 1458 2261 clete,
1481 2212 1672 2263 cognitio
1692 2212 1949 2265 intelligitur
1969 2215 1998 2256 ⁵.

1397 2285 1436 2322 6.
1465 2283 1752 2336 Quoecumque
1770 2283 1930 2335 voluit,
1962 2286 2173 2329 Dominus
2198 2290 2304 2342 fecit
2330 2292 2374 2333 in

1344 2352 1446 2392 coelo
1473 2357 1514 2392 et
1540 2353 1585 2392 in
1610 2358 1746 2404 terra,
1777 2359 1817 2394 et
1843 2355 1888 2395 in
1914 2357 2109 2399 omnibus
2129 2360 2304 2413 abyssis,
2327 2364 2372 2405 Si

1341 2422 1505 2463 invenit
1540 2435 1612 2464 cor
1645 2424 1927 2477 intelligentia
1959 2427 2172 2481 lucidum,
2206 2435 2255 2472 ut
2292 2445 2372 2475 coe-

1340 2492 1453 2543 lum,
1477 2493 1545 2534 vel
1573 2493 1818 2546 ignorantia
1842 2498 2113 2540 tenebrosum
2128 2532 2138 2549 ,
2167 2505 2215 2543 ut
2242 2503 2367 2558 abys—

1340 2575 1458 2615 sum3
1477 2564 1511 2604 si
1531 2566 1688 2618 reperit
1707 2569 1894 2608 mentem
1914 2568 2091 2610 solidam
2117 2575 2366 2626 constantia,

1339 2636 1387 2674 ut
1405 2637 1588 2686 terram,
1610 2636 1679 2677 vel
1700 2638 2039 2690 concupiscentia
2066 2641 2296 2696 lubricam,
2320 2650 2369 2687 ut

1339 2717 1520 2758 aquam,
1547 2706 1708 2760 ubique
1733 2708 1904 2760 quidem
1936 2713 1977 2750 et
2004 2723 2192 2765 semper3
2221 2717 2367 2757 omniu

1339 2788 1621 2831 quoecumque
1648 2779 1858 2820 Dominus
1885 2781 2041 2833 voluit,
2063 2784 2169 2835 fecit
2191 2786 2235 2827 in
2264 2788 2366 2828 coelo

1339 2851 1443 2888 etin
1465 2853 1594 2899 terra,
1617 2853 1658 2889 et
1675 2849 1720 2889 in
1739 2850 1934 2892 omnibus
1953 2853 2127 2906 abyssis.

1392 2921 1429 2959 7.
1452 2918 1652 2960 Educens
1679 2920 1809 2961 nubes
1832 2921 1886 2962 ab
1911 2928 2100 2966 ecctremo
2120 2931 2259 2969 terroe.
2280 2928 2366 2970 Ex-

1336 2991 1474 3029 trema
1504 2991 1630 3031 terrae
1657 2993 1815 3033 nostrae
1842 2997 2011 3046 peccata
2038 2995 2209 3048 infima,
2241 3001 2282 3039 et
2311 3000 2365 3041 ab

1337 3059 1675 3102 extremitatibus
1703 3063 1840 3103 nubes
1873 3064 2147 3118 producitur3
2180 3069 2281 3121 quia
2310 3082 2364 3112 ex

1336 3130 1611 3183 turpitudinis
1629 3135 1786 3174 nostrae
1806 3134 2093 3177 recordatione
2112 3137 2248 3191 caligo
2267 3152 2364 3182 con-

1335 3199 1512 3241 fusionis
1532 3205 1778 3253 generatur.
1800 3203 1881 3244 Sed
1899 3205 2034 3246 nubes
2051 3206 2299 3260 huiusmodi
2317 3210 2363 3252 in

1336 3282 1503 3312 carcere
1527 3272 1823 3324 connubilant‚
1846 3276 1993 3316 contra
2011 3279 2361 3332 concupiscentiae

1331 3377 1514 3418 psalmum.
1532 3394 1573 3402 —
1592 3377 1637 3418 (a)
1662 3377 1738 3419 Ley.
1759 3378 1931 3411 unctione.
1951 3399 1986 3404 -
2017 3381 2061 3423 (b)
2090 3383 2167 3426 Leq,
2185 3386 2360 3422 Benedicat

1331 3427 1362 3456 te
1382 3425 1552 3457 Dominus.
1573 3428 1635 3456 etc.

2446 1948 2538 1975 Beati-

2396 1989 2466 2016 tudo
2504 1989 2534 2016 in

2420 2030 2519 2065 cogni-

1517 2084 1536 2106 «
1556 2068 1725 2111 Gustate
1748 2073 1789 2110 et
1807 2071 1971 2123 videte,
1999 2075 2204 2126 quoniam
2233 2079 2377 2119 suavis
2396 2070 2474 2098 ²³0¹²⁶
2508 2073 2537 2098 et

2418 2120 2517 2139 amore

1344 2142 1407 2179 est
1436 2139 1654 2181 Dominus.
1683 2155 1702 2178 >³
1730 2141 1777 2181 In
1807 2148 1997 2195 qustate,
2026 2145 2215 2199 dilecti03
2248 2149 2293 2190 in
2318 2151 2378 2191 vi·
2395 2151 2529 2179 00⁰⁵i³fit
