2633 3878
321 314 397 349 :ltin

630 438 819 474 Articulus
842 436 1026 473 secundus.

365 525 592 559 Testimonit's
612 524 698 558 tuis.
726 523 819 557 Ecce
850 517 1100 567 prudentiam
1128 514 1338 552 excluden-

313 587 392 621 tem
411 594 598 621 errorem.
619 582 735 620 Plane
752 580 1099 629 prudentissimum
1118 579 1174 613 est
1193 577 1234 612 in
1255 586 1341 613 ora-

314 646 417 682 tione
448 645 591 681 divinis
622 643 848 680 testimoniis
880 641 1092 677 adhaerere.
1120 639 1155 675 Si
1185 637 1338 685 quaeris,

313 707 457 754 quibus
501 705 728 743 testimoniis
748 706 765 740 ἱ)
811 701 1073 739 proculdubio
1117 699 1338 736 testimonio

313 770 541 814 creationis;
589 767 810 804 testimonio
850 763 1100 802 recreationis
1115 790 1127 808 ,
1165 762 1246 798 sive
1277 771 1338 796 re-

313 832 548 879 demptionis
559 844 570 877 ;
603 829 824 866 testimonio
858 826 1095 875 adoptionis.
1128 825 1339 862 Prudenter

313 898 417 939 orat,
447 894 514 941 qui
539 892 708 930 adhaeret
739 891 868 938 primo
896 889 1138 931 testimoni03
1171 886 1340 934 pruden-

312 957 398 1001 tius,
422 955 489 1003 qui
506 953 698 1000 sccundo;
721 951 1021 999 prudentissime
1040 959 1156 994 vero,
1177 948 1244 995 qui
1264 949 1338 983 ter-

310 1019 377 1055 tio.
414 1021 462 1054 De
494 1018 622 1064 primo
650 1017 685 1051 ¹:
723 1029 740 1049 «
771 1017 824 1051 Da
848 1012 1132 1056 testimonium,
1165 1010 1257 1057 quia
1287 1009 1338 1046 ab

311 1080 419 1116 initio
452 1083 525 1116 tuae
558 1080 741 1114 creaturae
773 1078 879 1120 sunt,
912 1077 947 1110 et
979 1072 1120 1109 suscita
1145 1069 1339 1119 precatio-

310 1152 379 1178 nes
407 1140 477 1189 (o),
505 1151 604 1188 quas
629 1138 747 1176 locuti
776 1140 864 1173 sunt
890 1137 930 1172 in
955 1134 1116 1172 nomine
1148 1135 1216 1169 tuo
1246 1142 1338 1179 pro—

309 1204 433 1251 phetae
455 1203 623 1250 priores:
646 1215 662 1234 n
686 1199 798 1247 quasi
819 1198 985 1235 diceret:
1009 1200 1061 1232 Da
1083 1196 1338 1238 testimonium,

309 1266 403 1313 quia
418 1264 467 1301 ab
483 1263 590 1300 initio
607 1265 793 1298 creaturae
808 1263 881 1296 tnae
895 1261 997 1304 sunt,
1009 1256 1213 1303 largiendo
1229 1255 1339 1303 quod

309 1329 462 1374 petunt;
494 1330 527 1361 et
547 1327 682 1360 suscita
698 1323 939 1370 precationes,
961 1330 1048 1366 quas
1069 1320 1180 1355 locuti
1199 1320 1282 1354 sunt
1300 1319 1339 1352 in

310 1391 448 1424 nonime
469 1391 527 1423 tuo
546 1386 728 1432 propheta}
745 1386 898 1431 priores,
919 1382 960 1418 id
982 1384 1050 1427 est,
1066 1390 1213 1416 nomen
1233 1389 1338 1415 crea-

309 1450 400 1486 toris
433 1449 677 1492 invocantes,
707 1449 747 1490 et
775 1445 901 1482 solam
935 1441 1140 1480 creationis
1173 1440 1339 1488 gratiam

308 1511 532 1557 allegantes.
556 1509 768 1546 Prudenter
787 1507 903 1554 igitur
925 1507 1050 1551 orant,
1069 1503 1138 1552 qui
1158 1503 1338 1551 priorum

308 1572 592 1620 prophetarum
611 1570 794 1617 exemplo
819 1568 1019 1605 adhaerent
1037 1565 1244 1603 creationis
1264 1566 1338 1600 tes-

308 1634 492 1679 timonio,
527 1634 747 1669 Creatorem
776 1629 1022 1673 invocando,
1060 1631 1096 1664 et
1134 1626 1340 1663 creationis

309 1696 474 1743 gratiam
500 1694 725 1740 allegando.
756 1695 806 1729 De
841 1691 1016 1728 secundo
1036 1691 1049 1710 ²
1077 1702 1084 1725 :
1110 1702 1127 1722 «
1148 1691 1244 1725 Cum
1271 1698 1338 1723 ve-

310 1758 409 1795 nerit
422 1757 645 1802 Paraclitus,
662 1766 777 1803 quem
795 1765 869 1800 ego
883 1753 1035 1790 mittam
1049 1751 1162 1788 vobis
1175 1762 1198 1787 a
1217 1753 1337 1795 Patre,

310 1820 465 1867 spiritus
486 1818 655 1855 veritatis
676 1817 743 1864 qui
765 1827 787 1852 a
807 1818 915 1852 Patre
935 1813 1134 1862 procedit,
1156 1812 1220 1848 ille
1240 1812 1340 1848 testi-

310 1884 487 1921 monium
523 1881 746 1931 perhibebit
781 1881 830 1917 de
867 1890 943 1916 me.
984 1892 1001 1913 »
1039 1879 1137 1915 Sanc
1180 1876 1341 1924 Spiritus

311 1949 465 1983 sanetus
493 1944 759 1981 infirmitatem
785 1945 959 1979 nostram
981 1940 1195 1986 adjtivanS,
1223 1941 1338 1985 atque

311 2019 382 2056 pro
404 2007 519 2044 nobis
539 2006 743 2043 efficaciter
762 2004 980 2053 postulans,
1000 2001 1147 2038 Christo
1169 2000 1340 2036 testimo-

312 2071 421 2107 nium
437 2070 628 2118 perhibet,
650 2079 740 2104 cum
763 2068 892 2114 ipsum
914 2065 1098 2101 invocare
1119 2073 1191 2099 nos
1212 2062 1341 2105 docet,

313 2138 349 2170 et
377 2131 659 2179 redemptionis
689 2129 854 2177 gratiam
882 2125 1124 2175 praetendere
1156 2134 1229 2160 nos
1252 2133 1342 2159 sua-

314 2196 379 2232 det
387 2208 397 2241 ;
421 2205 491 2231 nec
510 2193 696 2238 dubium,
724 2192 819 2239 quin
838 2188 1070 2238 prudentius
1090 2190 1126 2224 et
1146 2184 1342 2223 efficacius

315 2260 438 2302 orent,
459 2257 527 2303 qui
546 2254 768 2292 testimonio
782 2253 875 2288 huic
892 2250 1107 2293 adhaerent,
1123 2251 1159 2285 et
1178 2247 1343 2294 gratiam

314 2320 415 2356 hanc
437 2320 650 2354 recensent.
675 2317 724 2351 De
745 2313 855 2351 tertio
878 2314 891 2335 ³
911 2324 919 2348 :
947 2324 964 2345 «
986 2315 1068 2358 lpse
1088 2309 1248 2357 Spiritus
1268 2312 1342 2345 tes-

316 2380 524 2418 timonium
554 2378 685 2415 reddit
710 2375 859 2424 spiritui
888 2377 1045 2419 nostro,
1075 2372 1186 2420 quod
1210 2381 1345 2407 sumus

316 2443 387 2479 tilii
407 2442 483 2478 Dei.
507 2440 619 2485 Quod
638 2440 670 2475 si
692 2438 775 2485 filii,
799 2440 835 2474 et
853 2436 1046 2481 liaeredes3
1065 2434 1238 2471 haeredes
1258 2433 1345 2480 qui—

317 2506 409 2541 dem
436 2503 520 2549 Dei,
542 2500 764 2539 cohaeredes
785 2501 918 2537 autem
937 2497 1087 2535 Christi.
1109 2510 1127 2531 »
1148 2498 1226 2533 Hoc
1246 2495 1346 2531 testi—

318 2567 497 2604 monium
522 2564 651 2601 reddit
670 2561 830 2610 Spiritus
850 2562 1006 2597 sanetus
1025 2557 1177 2595 devotis
1203 2556 1344 2604 spiriti-

321 2630 408 2674 bus,
429 2638 520 2664 cum
539 2637 606 2663 eos
632 2625 722 2662 facit
744 2624 784 2660 in
813 2626 889 2660 Deo
917 2619 1223 2670 praecordialiter
1241 2618 1347 2655 exul-

321 2695 422 2736 tare,
453 2693 489 2726 et
520 2691 624 2726 tanto
657 2685 898 2729 fiducialius,
934 2686 1080 2732 quanto
1115 2680 1347 2718 familiarius

319 2752 531 2799 postulare.
554 2750 646 2794 Quis
673 2752 804 2786 autem
829 2747 975 2784 nesciat
1000 2743 1349 2793 prudentissimum

323 2814 482 2850 existere
504 2812 570 2850 tali
589 2823 634 2849 ac
656 2814 760 2848 tanto
782 2808 1003 2846 testimonio
1024 2807 1221 2845 adhaerere
1237 2808 1255 2841 ἱ)

660 2917 844 2951 Articulus
871 2916 1012 2950 tertius.

373 3002 533 3035 Domine.
551 3001 643 3035 Ecce
663 2997 921 3034 reverentiam
938 2994 1211 3032 excludentem
1228 2996 1353 3029 tumo-

327 3073 432 3108 rem;
460 3061 553 3109 quia
577 3059 762 3096 nimirum
785 3068 931 3095 nomen
959 3056 1110 3093 Domini
1133 3058 1188 3092 est
1206 3063 1354 3091 nomen

1019 302 1302 363 EXPOSlTIQ
1320 301 1372 344 lN
1403 300 1750 344 PSALTERIUM.

1415 391 1579 437 dagator
1598 391 1828 437 affectuum3
1855 392 2007 438 vindeae,
2029 392 2122 440 quia
2153 393 2353 431 ordinator
2373 395 2440 432 de-

1414 453 1597 489 fectuum.
1617 455 1666 489 De
1686 453 1814 500 primo
1829 455 1863 490 ¹0:
1883 466 1901 487 «
1921 453 2103 490 Dominus
2122 465 2190 490 rex
2205 457 2336 492 noster
2354 457 2436 504 ipse

1413 516 1559 562 veniet,
1581 518 1618 552 et
1637 516 1806 553 salvabit
1829 527 1919 554 nos:
1947 531 1965 551 »
1989 518 2100 565 quasi
2128 517 2255 554 dicat:
2286 519 2437 555 Rectifi-

1414 580 1520 614 cator
1541 577 1689 622 veniet,
1714 581 1755 614 ut
1781 579 1984 623 rectificet,
2012 582 2047 616 et
2069 579 2300 616 rectificatos
2326 579 2441 616 salvi·

1413 638 1513 675 ficet.
1543 641 1592 675 De
1618 639 1792 675 secundo
1821 640 1858 675 ’ὗε
1883 653 1901 673 (1
1929 641 2115 677 Dominus
2140 640 2263 687 judex
2288 643 2438 687 noster3

1413 701 1599 737 Dominus
1624 700 1759 747 legifer
1777 704 1919 738 noster.
1943 716 1959 736 »
1980 702 2096 739 Valde
2122 702 2361 739 reverendus
2387 706 2443 740 est

1412 761 1498 798 talis
1520 762 1718 806 Dominus,
1739 763 1807 809 qui
1826 773 1906 799 non
1927 762 2055 799 solum
2074 766 2130 800 est
2151 763 2361 800 affectuum
2381 763 2442 800 in-

1413 823 1593 869 dagator,
1614 823 1684 859 sed
1708 826 1744 860 et
1770 823 1963 870 alligator.
1987 826 2035 860 De
2054 824 2165 861 tertio
2185 826 2225 860 ⁶.-
2250 838 2268 858 «
2287 824 2438 862 Vindex

1413 888 1469 921 est
1491 883 1673 920 Dominus
1695 885 1743 921 de
1763 885 1822 921 his
1842 886 2040 922 omnibus
2062 900 2079 921 »
2105 888 2134 924 Ο
2161 897 2283 934 quam
2302 897 2440 924 veren-

1413 946 1506 992 dus,
1528 950 1564 984 et
1581 947 1820 984 reverendus
1840 950 1896 984 est
1914 947 1978 984 ille
2005 948 2210 994 Dominus,
2240 948 2308 996 qui
2334 949 2442 985 ordi-

1412 1010 1573 1050 naturus
1616 1011 1671 1045 cst
1707 1020 1844 1046 omnes
1876 1012 2127 1057 peccatorum
2165 1009 2338 1047 defectus
2371 1021 2442 1058 per

1414 1080 1609 1116 congruos
1630 1071 1842 1108 cruciatus!

1740 1177 1923 1213 Articulus
1949 1181 2114 1222 quartus.

1460 1259 1546 1295 Νοῖι·
1571 1269 1623 1294 mc
1645 1259 1871 1303 confundere.
1891 1261 1987 1296 Ecce
2006 1259 2288 1296 confidentiam
2313 1259 2442 1296 exclu-

1413 1319 1569 1356 dentem
1591 1320 1791 1357 timorem:
1821 1331 1900 1357 vox
1928 1321 2032 1357 enim
2059 1324 2115 1357 est
2137 1321 2292 1358 fiduciae
2302 1349 2313 1368 ,
2340 1331 2385 1357 ac
2410 1320 2442 1357 si

1414 1381 1606 1418 diceretur
1625 1384 1775 1428 aperte:
1797 1382 1882 1419 Noli
1898 1393 1960 1419 me
1981 1382 2221 1419 confundere
2240 1382 2440 1419 confiden-

1413 1445 1492 1479 tem
1518 1443 1566 1479 de
1600 1445 1646 1479 te.
1676 1446 1719 1480 Et
1747 1447 1861 1490 nota,
1896 1445 2005 1492 quod
2032 1444 2218 1480 Dominus
2242 1454 2324 1480 non
2348 1454 2443 1480 con-

1412 1504 1540 1541 fundit
1565 1505 1695 1552 ipsum
1719 1505 1940 1552 laudantes,
1970 1507 2100 1553 ipsum
2127 1505 2377 1551 invocantes,
2401 1504 2443 1541 in

1413 1566 1498 1614 ipso
1519 1569 1737 1614 sperantes:
1760 1568 1827 1615 qui
1846 1568 2011 1605 laudant
2028 1568 2075 1605 de
2092 1567 2313 1616 praeteritis5
2333 1567 2443 1604 lnvo-

1415 1631 1503 1664 cant
1535 1628 1583 1665 de
1614 1629 1888 1676 praesentibus,
1925 1633 2082 1677 sperant
2119 1630 2168 1666 de
2204 1629 2357 1666 futuris.
2392 1631 2442 1665 De

1413 1690 1666 1727 laudantibus
1687 1691 1855 1737 legimus
1870 1693 1908 1727 ⁷:
1935 1704 1953 1726 «
1972 1693 2132 1728 Laetetur
2160 1691 2292 1728 anima
2315 1693 2444 1727 vestra

1414 1752 1455 1788 in
1480 1751 1749 1788 misericordia
1778 1753 1879 1799 ejus,
1913 1757 1950 1790 et
1981 1764 2062 1789 non
2090 1751 2386 1790 confundemini
2403 1751 2444 1788 in

1414 1813 1530 1849 laude
1559 1814 1657 1859 ejus.
1676 1827 1692 1847 »
1717 1816 1767 1850 De
1798 1814 2071 1851 invocantibus
2096 1814 2319 1862 frequenter
2343 1814 2445 1861 psal-

1415 1875 1532 1912 limus
1552 1878 1588 1911 ³:
1616 1889 1633 1909 «
1654 1875 1812 1912 Salvum
1832 1887 1894 1912 me
1921 1876 1981 1912 fac
2000 1876 2040 1912 in
2060 1875 2330 1912 misericordia
2357 1877 2443 1921 tua,

1416 1937 1597 1983 Domine3
1636 1948 1717 1973 non
1755 1937 1974 1974 confundar
1989 1966 1999 1982 ,
2038 1937 2228 1984 quoniam
2263 1936 2446 1974 invocavi

1416 2000 1465 2035 te.
1488 2013 1505 2031 »
1531 2001 1624 2035 Ecce
1650 1999 1842 2046 poenitens
1864 1999 2063 2035 miseriam
2086 1999 2350 2045 recognoscit,
2371 1998 2446 2034 mi-

1417 2060 1671 2097 sericordiam
1692 2061 1885 2108 deposcit,
1909 2063 1943 2097 et
1965 2071 2046 2097 non
2066 2060 2331 2106 confunditur,
2354 2061 2448 2108 quia

1417 2122 1621 2158 miserator
1656 2122 1833 2169 ignoscit.
1874 2125 1924 2159 De
1963 2122 2209 2170 sperantibus
2241 2121 2294 2158 ait
2331 2121 2447 2159 etiam

1418 2183 1525 2220 idem
1545 2185 1558 2207 ⁹
1575 2196 1583 2219 :
1610 2198 1627 2218 «
1647 2187 1687 2221 ln
1707 2188 1764 2231 te,
1786 2185 1969 2230 Domine,
1992 2185 2167 2232 speravi,
2185 2194 2267 2221 non
2286 2183 2448 2221 confun-

1420 2245 1491 2281 dar
1511 2246 1551 2281 in
1570 2249 1770 2283 aeternum.
1798 2261 1814 2280 »
1838 2250 1880 2283 Et
1899 2247 2063 2294 planum
2084 2250 2158 2292 est,
2184 2245 2278 2294 quia
2305 2246 2336 2282 si
2362 2256 2449 2293 spes

1420 2317 1501 2343 non
1514 2308 1765 2355 praesumptio
1781 2311 1849 2350 est,
1864 2308 2145 2344 confundinon
2158 2309 2298 2354 potest3
2317 2307 2413 2355 quia
2423 2307 2450 2328 ¹⁰

1424 2382 1442 2402 «
1461 2380 1550 2416 spes
1569 2380 1650 2406 non
1667 2369 1933 2416 confunditur,
1950 2383 1966 2404 »
1987 2372 2104 2417 prout
2123 2369 2338 2417 apostoliea
2355 2369 2451 2405 tuba

1422 2431 1523 2468 canit
1543 2431 1590 2467 ad
1610 2432 1794 2467 Romanos.

1854 2535 2023 2576 Epilogus.

1472 2618 1531 2653 Ait
1550 2628 1644 2664 ergo
1662 2617 2004 2664 psalmographuS,
2019 2619 2159 2664 typum
2177 2627 2315 2664 gerens
2332 2617 2455 2665 poeni-

1424 2679 1536 2715 tentis
1573 2679 1696 2724 illius,
1724 2679 1792 2726 qui
1820 2679 1871 2715 ad
1897 2678 2093 2716 orandum
2118 2681 2175 2716 est
2199 2679 2452 2716 habilitatus:

1425 2741 1590 2786 Adhoesz',
1622 2743 1812 2788 quantum
1842 2740 1893 2777 ad
1924 2740 2154 2777 ferventiam
2182 2740 2452 2778 excludentem

1426 2806 1624 2850 teporem3
1646 2804 1857 2838 testimoniis
1875 2803 1966 2847 tuis,
1997 2803 2188 2848 quantum
2209 2801 2260 2838 ad
2279 2801 2453 2849 pruden-

1426 2865 1521 2900 tiam
1547 2863 1821 2900 excludentem
1846 2873 2042 2909 errorem3
2066 2864 2234 2908 Domine,
2263 2865 2453 2910 quantum

1429 2927 1481 2963 ad
1499 2914 2048 2962 reverentiamexcludentem
2069 2928 2264 2962 tumorem
2275 2937 2287 2971 3
2308 2927 2384 2962 noli
2400 2936 2453 2963 me

1429 2988 1663 3033 confundere,
1702 2988 1893 3034 quantum
1928 2986 1976 3023 ad
2012 2986 2291 3024 confidentiam
2324 2987 2457 3024 exclu—

1431 3050 1588 3087 dentem
1606 3050 1802 3086 timorem.

185 3139 307 3165 00:11200
326 3123 598 3161 reverendum.
618 3123 779 3165 Etnota,
797 3119 906 3167 quod
928 3118 1092 3155 Domino
1113 3117 1278 3154 debetur
1297 3125 1354 3151 re-

167 3187 298 3205 ffle‘ffi·
329 3185 502 3222 verentia
522 3183 740 3232 specialiter
758 3183 919 3229 propter
937 3179 1029 3216 tria:
1049 3178 1143 3226 quia
1155 3189 1221 3214 rex
1232 3190 1243 3223 ;
1263 3177 1355 3224 quia

169 3225 207 3245 tat
221 3221 254 3246 eb
264 3228 289 3248 e-

189 3268 233 3288 m.-
255 3261 291 3288 0b
325 3247 471 3294 judex;
506 3246 600 3294 quia
632 3244 792 3281 vindex.
830 3242 973 3278 Dicitur
1006 3243 1135 3277 autem
1168 3240 1354 3276 Dominus

1784 3195 2003 3223 VERSICULUS
2026 3196 2104 3223 XVI.

189 3304 252 3329 “⁵⁸³-
329 3319 406 3355 reoe,
427 3308 521 3355 quia
540 3306 772 3344 rectificator
791 3304 996 3341 effectuum
1008 3314 1018 3348 ;
1032 3301 1159 3348 judee,
1183 3300 1275 3347 quia
1294 3300 1353 3335 in-

372 3427 380 3446 ¹
403 3424 522 3464 Eccli„
549 3431 676 3462 xxxxi,
700 3425 748 3454 Π.
769 3439 808 3445 -
831 3421 844 3442 ²
864 3421 972 3457 loen„
993 3426 1050 3459 xv,
1077 3419 1127 3450 26.
1154 3434 1188 3440 -
1215 3417 1229 3439 3
1250 3417 1352 3455 Rom,
1376 3405 1379 3411 s

330 3479 410 3511 vul,
431 3473 482 3503 16.
501 3488 542 3496 -
563 3471 574 3490 ⁴
600 3471 679 3510 Isa.,
699 3475 812 3508 xxxV,
833 3470 864 3499 4.
886 3484 920 3489 —
948 3467 957 3485 ¹·
986 3467 1065 3506 lsa„
1087 3471 1220 3503 xxxnl,
1240 3465 1290 3496 22.
1312 3481 1352 3488 -·

329 3518 342 3539 ⁶
362 3518 373 3548 Ι
396 3518 515 3557 Thess„
534 3525 581 3556 ιν,
600 3519 629 3549 6.
650 3534 691 3540 -
708 3517 717 3534 7
735 3515 854 3555 Eccli„
875 3522 924 3554 LI,
945 3515 1049 3545 37.-
1064 3513 1075 3531 ⁸
1092 3510 1180 3544 Psal.
1199 3520 1280 3551 xxx,
1302 3512 1350 3542 18.

329 3582 368 3587 -
389 3570 398 3582 -⁴
419 3563 506 3595 Psal.
526 3573 605 3605 xxx,
626 3566 656 3595 2.
673 3581 713 3587 —
730 3563 756 3582 ⁴⁰
776 3563 876 3598 Itone„
899 3569 927 3599 v,
949 3562 977 3592 5.

1481 3305 1539 3339 32.
1557 3303 1663 3337 Viam
1676 3301 1929 3336 mandatorum
1943 3303 2096 3345 tuorum,
2105 3301 2175 3336 etc.
2193 3299 2328 3336 Tribus
2341 3299 2456 3336 effec-

1430 3364 1533 3401 tibus
1546 3363 1677 3410 gratiae
1696 3361 1918 3409 praenotatis
1938 3361 1979 3397 in
1995 3361 2114 3398 tribus
2134 3360 2311 3397 versibus
2328 3361 2458 3408 praeli-

1473 3462 1516 3502 (a)
1546 3461 1636 3501 Vuly.
1657 3460 1938 3501 praedieationes;
1960 3460 2043 3490 LXX
2066 3468 2072 3490 z
2099 3458 2244 3500 Ἔγειρον
2266 3460 2457 3501 προφητείας

1425 3512 1478 3546 τὰς
1501 3509 1549 3541 ἐπ’
1575 3508 1707 3548 ὀνόματί
1728 3519 1806 3545 σου,
1825 3506 1859 3538 id
1883 3508 1950 3545 est,
1973 3505 2096 3537 suscita
2122 3504 2313 3546 prophetias
2330 3515 2402 3548 quoe
2420 3507 2455 3537 in

1427 3556 1558 3588 nomine
1577 3556 1639 3586 tuo.
