2633 3878
904 200 1150 243 ADDlTION
1160 201 1219 242 ES
1248 203 1318 244 Al)
1348 203 1639 245 LUMINARlA
1649 238 1658 247 .

215 295 437 337 collatione
458 307 468 336 :
490 295 666 349 ipsaque
684 294 846 343 anima,
863 292 991 344 prout
1010 292 1146 332 status
1163 290 1247 333 viae

215 366 376 418 patitur
395 398 408 417 ,
442 366 486 406 in
517 366 600 406 Deo
632 363 839 418 quiescit,
872 373 1042 403 cessans
1070 374 1095 402 a
1124 362 1248 403 novis

217 436 314 477 vitae
334 437 535 478 humanae
557 434 767 476 exercitiis
785 434 830 474 in
847 435 960 474 statu
975 433 1072 474 viae.
1096 432 1247 486 Super-

215 511 278 549 est
304 508 430 548 etiam
461 507 611 548 ultima
629 506 763 555 visio,
788 504 943 545 scilicet
962 504 1070 545 visio
1092 504 1244 545 intelli-

215 579 372 630 gentiae
411 590 486 632 per
521 579 678 618 statum
719 577 870 629 gloriae
911 570 1216 616 consummatae
1233 607 1243 626 ,

213 649 384 703 quando
408 650 453 690 fit
481 650 666 691 reversio
687 649 842 690 animae
871 648 922 689 ad
951 659 1127 700 corpuS,
1148 659 1245 701 quae

213 723 254 762 et
287 721 467 775 qualiter
494 722 538 762 in
566 721 638 762 illo
667 724 780 762 statu
811 721 963 774 gloriae
994 719 1169 760 videbit.
1195 718 1246 760 Et

212 792 304 834 haec
324 793 433 835 visio
454 796 516 834 est
544 796 638 846 post
671 793 782 833 hanc
810 793 956 833 vitam.
981 792 1075 832 lstae
1100 793 1244 832 autem

211 866 297 904 tres
314 864 477 905 ultimae
493 864 678 905 visiones
695 863 835 903 adhuc
855 862 949 916 plus
963 861 1242 913 continerent,

210 947 339 988 quarn
362 938 544 989 quatuor
571 935 798 985 praedictae.

264 1006 368 1058 Sed,
391 1007 502 1049 heul
525 1007 635 1048 heul
659 1006 765 1046 heu!
788 1005 1114 1058 superveniente
1131 1008 1244 1046 statu

207 1078 446 1130 excelsiori,
481 1081 522 1120 et
549 1078 648 1120 vitae
681 1088 859 1118 excessu
888 1077 1050 1118 domini
1081 1080 1122 1118 et
1149 1089 1241 1118 ma-

209 1150 333 1202 gistri
362 1150 495 1203 hujus
532 1149 696 1203 operis,
725 1148 1063 1202 prosecutionem
1096 1160 1240 1202 prose-

206 1221 348 1262 cuturi
368 1233 454 1262 non
473 1223 741 1274 acceperunt.
762 1219 863 1261 Haec
885 1222 1052 1269 autem,
1075 1232 1171 1273 quae
1192 1220 1242 1261 de

206 1295 388 1345 quatuor
408 1293 644 1333 visionibus
673 1292 840 1340 notavi,
865 1291 964 1332 talia
985 1294 1105 1342 sunt,
1134 1304 1238 1344 qua-

206 1363 261 1404 lia
281 1363 331 1405 de
352 1375 424 1405 ore
440 1363 653 1417 loquentis
679 1374 828 1416 rapere
857 1365 1047 1415 poteram
1066 1362 1112 1403 in
1133 1375 1240 1416 qua-

204 1438 389 1477 ternum.
413 1435 496 1475 Alii
521 1435 694 1488 quidem
723 1435 807 1476 duo
827 1435 928 1476 socii
961 1446 1131 1475 mecum
1165 1447 1238 1476 no-

204 1506 351 1547 tabant
362 1520 372 1556 ;
397 1506 469 1546 sed
491 1517 641 1546 eorum
656 1505 816 1546 notulae
832 1517 920 1558 pree
938 1506 1071 1546 nimia
1090 1506 1236 1547 confu-

204 1577 342 1626 sione,
362 1580 403 1618 et
421 1577 722 1629 illegibilitate,
749 1577 857 1617 nulli
885 1577 1058 1618 fuerunt
1087 1577 1235 1630 utileS,

201 1648 284 1689 nisi
303 1649 409 1690 forte
433 1649 515 1690 sibi
535 1651 745 1700 correcto,
767 1651 842 1689 aut
863 1660 957 1689 meo
978 1649 1235 1702 exemplari,

202 1720 316 1773 quod
342 1720 432 1773 legi
460 1723 623 1774 poterat
653 1721 706 1762 ab
729 1720 974 1762 auditorum
1006 1720 1234 1774 aliquibus.

203 1789 296 1844 Ipse
317 1791 461 1833 doctor
479 1792 619 1845 operis
633 1822 644 1844 ,
665 1792 717 1834 de
742 1791 835 1845 ipso
857 1803 952 1833 meo
972 1792 1234 1846 exemplari,

202 1863 245 1902 et
270 1863 548 1916 quamplures
580 1863 652 1904 alii
690 1862 1028 1916 rescripserunt,
1056 1863 1132 1917 qui
1159 1877 1236 1917 pro

203 1945 253 1975 eo
285 1934 392 1975 mihi
418 1935 574 1977 debent
607 1937 768 1989 grates,
790 1934 955 1988 Elapsis
976 1937 1121 1977 autem
1149 1936 1238 1978 die-

2276 219 2350 257 153

1321 293 1402 334 bus
1431 294 1601 345 multis,
1630 298 1880 340 concedente
1907 301 2015 341 mihi
2047 303 2212 355 copiam
2243 309 2348 346 tem·

1322 365 1438 418 poris
1457 368 1498 406 et
1514 366 1612 406 libri
1632 369 1864 410 reverendo
1884 375 2000 423 patre
2019 374 2147 415 fratre
2164 373 2347 427 Thoma,

1323 436 1519 477 ministro
1538 437 1770 479 Alemaniae
1790 442 2020 493 superioris
2034 475 2046 494 ,
2065 457 2237 488 rursum
2259 461 2347 489 res-

1322 508 1417 560 pexi
1439 520 1537 561 quae
1559 509 1808 562 scripseram
1837 513 1967 554 veloci
1998 528 2151 568 manu,
2173 522 2214 560 et
2233 520 2350 561 visus

1322 591 1418 619 sum
1447 579 1693 633 recolligere
1722 582 1940 634 ordinate,
1964 594 2213 638 cooperante
2244 591 2350 631 mihi

1322 652 1549 701 memoria,
1572 665 1656 706 quo
1685 653 1896 707 loquentis
1926 668 2072 698 vocem
2101 660 2346 714 audieram,

1319 723 1469 764 auditu
1494 756 1504 774 ,
1534 727 1575 764 et
1605 724 1702 765 visu
1739 738 1823 778 quo
1864 728 2115 769 recordabar
2148 735 2348 782 gestuum

1319 795 1550 848 loquentis,
1574 809 1670 849 quae
1694 797 1829 839 solent
1859 799 2077 841 memoriae
2107 804 2346 856 cooperari,

1320 867 1555 908 secundum
1577 867 1882 922 Philosophum
1902 872 1911 893 ¹
1931 903 1941 921 ,
1971 872 2014 912 in
2043 872 2151 914 libro
2184 873 2235 916 de
2269 875 2352 917 Me-

1319 939 1458 980 moria
1477 942 1514 981 et
1532 939 1882 982 Reminiscemz‘a.
1906 940 1940 982 N
1945 954 1991 983 ec
2011 945 2154 984 tamen
2173 946 2350 998 apposui

1319 1009 1571 1063 quidquam,
1596 1011 1709 1063 quod
1729 1011 1815 1065 ipse
1844 1024 1929 1054 non
1948 1013 2137 1066 dixerat,
2167 1016 2248 1056 nisi
2277 1016 2349 1058 ubi

1319 1081 1630 1123 distInctionem
1660 1082 1869 1125 librorum
1897 1085 2133 1127 Aristotelis
2161 1087 2349 1130 localiter

1318 1153 1521 1206 amplius,
1548 1167 1678 1208 quam
1708 1155 1798 1209 ipse
1825 1157 2010 1207 dixerat,
2038 1158 2226 1200 distinxi.
2256 1160 2348 1202 Alia

1317 1227 1461 1266 autem
1494 1239 1580 1268 non
1604 1228 1815 1281 apposui,
1846 1228 1930 1269 nisi
1955 1229 2069 1282 quod
2099 1231 2226 1272 etiam
2257 1232 2348 1274 loca

1317 1298 1615 1340 auctoritatum
1637 1299 1879 1353 aIIquarum
1905 1301 2139 1354 assignavi.
2162 1302 2347 1356 Legeba-

1316 1372 1406 1421 tur,
1431 1373 1472 1411 et
1496 1371 1829 1424 componebatur
1848 1372 1929 1414 hoc
1947 1374 2201 1426 opusculum
2231 1375 2345 1417 Pari-

1316 1441 1409 1493 siis,
1446 1454 1558 1483 anno
1589 1442 1754 1484 Domini
1791 1443 2052 1486 MCCLXXIV
2071 1447 2110 1497 ²,
2141 1458 2165 1487 a
2189 1446 2350 1489 Pascha

1316 1525 1450 1566 usque
1480 1515 1530 1554 ad
1561 1513 1860 1566 Pentecosten,
1882 1517 2164 1569 praesentibus
2196 1518 2351 1572 aliqui-

1315 1584 1397 1625 bus
1417 1584 1633 1637 Magistris
1652 1587 1693 1626 et
1712 1585 2005 1628 Baccalaureis
2018 1587 2264 1642 Theologiae
2280 1621 2290 1640 ,
2309 1594 2350 1632 et

1315 1656 1408 1697 aliis
1426 1656 1628 1697 fratribus
1648 1659 1818 1698 centum
1838 1659 2079 1711 sexaginta.

1357 1855 1364 1874 ¹
1386 1854 1500 1892 Arist„
1522 1854 1562 1886 de
1580 1856 1678 1887 Mem.
1699 1857 1731 1888 et
1752 1856 1876 1888 Remz'n.
1894 1874 1933 1881 -
1954 1858 1966 1877 2
1983 1858 2054 1890 lmo
2075 1867 2130 1890 an.
2151 1860 2242 1892 1272.
2262 1860 2346 1893 vide

1313 1902 1459 1991 {llicitgsin
1482 1903 1716 1936 praenotandis
1751 1913 1793 1936 ex
1815 1905 2021 1947 prodromo,
2040 1905 2136 1939 initio
2162 1907 2346 1941 voluminis
