2633 3878
830 216 885 259 IN
914 213 1296 258 HEXAEMERON.
1328 212 1504 255 SERMO
1533 213 1601 255 Vl.
2234 216 2281 254 61

147 314 189 354 01
207 310 282 353 illa
302 322 377 352 sex
398 310 598 354 videntur
625 320 701 363 per
728 307 904 349 modum
928 307 1117 348 defectus
1138 306 1180 345 et

146 383 413 438 privationis.
445 379 798 431 Intellectualiter,
831 379 933 432 quia
964 390 1053 419 non
1081 388 1181 430 pos-

148 457 248 495 sunt
277 454 407 495 latere
433 452 644 502 animam,
675 450 750 491 ubi
780 450 968 503 primum
998 459 1090 490 esse
1120 449 1183 488 est

150 527 332 580 simplex
354 537 458 566 esse.
480 523 585 564 Item
605 521 842 564 considerat
869 521 972 561 illud
999 532 1107 569 esse,
1135 521 1183 559 111

149 599 279 640 habet
310 597 611 646 substantiam,
646 595 873 644 virtutem,
904 595 945 634 et
971 591 1180 646 operatio-

151 684 266 722 nem,
288 672 336 711 ut
354 667 644 722 purissimam,
666 665 1043 719 simplicissimam,
1066 666 1106 704 et
1127 663 1185 703 sic

153 743 204 784 de
222 741 313 783 aliis
332 752 432 782 sex:
464 742 512 780 ut
531 741 593 780 est
613 738 658 779 in
679 750 727 778 00
750 738 912 788 unitas,
935 736 1120 786 bonitaS,
1145 737 1186 775 01

154 813 335 862 veritas,
357 814 405 852 ut
428 823 560 864 pura,
589 812 637 851 ut
664 809 918 862 purissima,
943 811 990 849 ut
1015 806 1184 847 absolu-

154 885 331 935 tissima,
353 886 393 924 et
414 882 473 923 sic
493 883 544 923 de
567 882 661 923 aliis
679 894 781 922 sex:
806 883 855 922 ut
876 881 1004 921 habet
1025 879 1185 932 specio-

155 957 344 1006 sitatem,
370 954 640 1005 firmitatem,
672 955 712 993 et
739 952 972 993 bonitatem
991 983 1002 1001 ,
1031 952 1079 990 ut
1108 962 1187 1002 pu-

155 1039 248 1069 ram
261 1057 274 1077 ,
295 1024 591 1079 purissimam:
616 1026 665 1065 ut
684 1023 812 1064 habet
831 1022 1099 1070 memoriam,
1122 1021 1186 1061 in-

156 1098 439 1152 telligentiam
450 1129 464 1149 ,
502 1096 789 1147 voluntatem,
837 1094 1071 1136 secundum
1117 1093 1191 1134 illa

158 1182 231 1212 sex
251 1185 260 1212 ε
291 1173 339 1211 111
367 1169 494 1210 habet
513 1168 645 1210 vitam
661 1200 671 1218 ,
695 1167 969 1221 sapientiam,
989 1166 1192 1219 jucundi-

157 1245 310 1293 tatem,
332 1241 567 1284 secundum
588 1240 660 1281 illa
680 1253 754 1281 sex
773 1256 780 1282 :
805 1242 846 1280 et
869 1241 973 1280 tunc
990 1238 1193 1291 intelligit

158 1315 322 1356 bonum
354 1326 429 1367 per
463 1312 715 1363 essentiam,
748 1314 788 1353 et
816 1311 960 1352 omnia
983 1322 1058 1363 per
1087 1309 1193 1350 illud

161 1385 436 1436 deificantur,
469 1388 510 1425 et
548 1384 642 1425 ideo
673 1395 840 1424 summe
874 1381 1121 1436 appetibile,
1155 1385 1195 1422 01

163 1468 330 1498 5111111110
358 1456 481 1497 dehet
512 1455 673 1509 appeti,
702 1457 744 1496 et
772 1455 853 1495 1100
882 1453 1072 1494 faciendo
1093 1465 1192 1493 con-

163 1528 354 1582 quiescit.
378 1527 522 1569 Primo
548 1539 655 1579 ergo
684 1527 827 1567 anima
851 1526 966 1568 videt
995 1538 1059 1575 se,
1089 1525 1197 1566 sicut.

163 1599 384 1652 speculum
399 1612 408 1649 ;
437 1598 588 1640 (10111ᾶο
613 1597 809 1650 angelos,
841 1597 930 1638 sive
952 1596 1194 1649 intelligen-

162 1670 264 1721 tias,
293 1670 403 1710 sicut
426 1669 611 1720 lumina,
633 1671 675 1710 et
696 1669 803 1709 sicut
831 1669 1022 1709 medium
1045 1668 1194 1708 delati-

163 1754 269 1784 vum
287 1756 296 1782 :
319 1741 407 1782 sive
427 1741 540 1783 videt
555 1741 604 1794 (a)
620 1753 678 1792 se,
697 1740 808 1781 sicut
820 1740 864 1780 in
876 1740 1045 1793 speculo
1057 1754 1066 1790 3
1081 1740 1199 1780 inin-

163 1813 426 1866 telligentia,
467 1813 575 1854 sicut
609 1813 655 1852 in
698 1813 838 1854 medio
873 1812 1054 1854 delativo
1093 1812 1199 1853 lucis

167 1887 360 1936 aeternae,
387 1886 428 1925 et
447 1884 829 1937 contemperativ03
860 1883 1011 1925 deinde
1036 1883 1080 1923 in
1107 1884 1200 1924 luce

167 1959 326 1998 aeterna
349 1958 553 2009 tanquam
574 1955 620 1995 in
649 1956 810 2008 obJecto
841 1956 1032 2006 fontano,
1065 1967 1201 2008 quan-

167 2031 261 2069 tum
280 2027 333 2068 ad
350 2027 442 2068 illas
463 2040 536 2068 sex
556 2027 816 2068 conditiones
832 2026 982 2078 dictas,
1009 2031 1051 2068 et
1071 2027 1200 2068 ratio-

169 2099 380 2151 nabiliter,
403 2102 444 2140 et
464 2099 867 2152 experimentaliter‚
890 2103 930 2140 et
950 2099 1204 2152 intelligibi-

168 2171 278 2220 liter,
305 2170 375 2212 vel
403 2170 796 2222 intelligentialiter.
831 2170 942 2211 Dum
970 2170 1064 2211 haec
1096 2182 1204 2224 ergo

1255 315 1371 344 mam
1405 303 1616 344 visionem
1652 303 1944 356 intelligentiae
1982 315 2058 358 per
2087 305 2287 344 naturam

1257 375 1426 426 inditae,
1450 378 1671 428 sumptum
1700 377 1763 416 est
1793 376 1974 417 verbum
1999 376 2106 417 illud
2128 390 2136 416 :
2166 375 2289 418 Vidit

1259 447 1386 498 Deus,
1406 449 1502 498 010.,
1523 446 1564 487 id
1578 449 1653 498 est,
1670 447 1815 488 videre
1837 446 1930 487 fecit
1947 461 1955 487 :
1976 447 2025 488 de
2041 448 2122 488 hoc
2139 448 2290 501 supra²

1258 519 1302 559 in
1328 519 1494 559 duabus
1527 518 1822 559 collationibus
1845 533 1853 559 :
1882 521 1923 559 et
1950 531 2026 572 per
2052 519 2291 560 considera-

1258 591 1420 631 tionem
1456 590 1744 642 scientialem,
1777 603 1854 643 pro
1890 602 1938 631 00
1972 590 2084 643 quod
2118 590 2292 631 irradiat

1259 661 1352 702 haec
1380 662 1476 713 lux,
1499 664 1548 703 ut
1573 663 1728 703 veritas
1757 673 1925 713 rerum,
1957 664 2005 702 ut
2036 661 2189 702 veritas
2214 675 2290 702 vo-

1261 745 1358 773 cum
1374 765 1383 783 ,
1407 736 1448 773 et
1467 736 1515 774 ut
1536 733 1691 775 veritas
1717 745 1916 783 morum3
1940 735 1980 773 et
2009 732 2181 773 fuerunt
2212 733 2295 772 dis-

1261 805 1403 846 tinctae
1437 817 1593 846 novem
1632 805 1832 845 doctrinae
1863 804 2080 858 partiales,
2112 816 2295 858 quarum

1262 879 1347 917 tres
1369 875 1622 929 principales
1642 876 1749 917 radii
1772 879 1873 917 sunt
1900 889 1954 917 ex
1977 876 2202 917 dictamine
2227 876 2294 917 lu-

1263 948 1321 989 cis
1343 951 1533 1000 aeternae,
1556 948 1790 989 secundum
1805 948 2055 989 Anselinum
2069 948 2298 1001 etAugus-

1264 1021 1421 1062 tinum.
1446 1020 1550 1062 Item
1570 1021 1682 1074 quod
1703 1021 1808 1061 vidit
1824 1052 1835 1073 ,
1859 1020 1900 1061 id
1922 1023 2006 1071 est,
2040 1019 2184 1062 videre
2205 1020 2301 1061 fecit

1265 1105 1340 1145 per
1367 1091 1768 1145 contemplationem
1801 1090 2115 1144 sapientialem,
2143 1091 2301 1132 illumi-

1266 1164 1405 1205 nando
1427 1163 1614 1204 animam
1646 1163 1690 1204 in
1717 1176 1761 1204 se
1789 1166 1997 1216 tanquam
2023 1163 2069 1203 in
2098 1163 2298 1216 specu103

1267 1236 1309 1276 in
1347 1235 1661 1287 intelligentia,
1702 1237 1908 1289 tanquam
1938 1236 1982 1276 in
2013 1235 2150 1276 medio
2186 1234 2299 1276 dela-

1267 1307 1378 1359 tivo3
1403 1308 1448 1348 in
1474 1307 1568 1348 luce
1597 1307 1804 1358 increata,
1831 1309 2035 1360 tanquam
2064 1307 2108 1347 in
2138 1306 2302 1359 obiecto

1269 1380 1456 1420 fontano.
1492 1378 1738 1419 Secundum
1773 1378 1866 1419 illas
1907 1391 1983 1419 sex
2019 1378 2301 1427 conditiones,

1270 1462 1377 1504 quas
1396 1450 1606 1504 imprimit
1626 1451 1778 1499 menti,
1803 1453 1843 1491 et
1859 1450 2097 1491 secundum
2117 1451 2193 1491 has
2211 1463 2306 1491 con-

1271 1523 1412 1575 surgit
1431 1523 1574 1563 anima
1594 1523 1640 1562 in
1660 1522 1776 1562 illam
1802 1522 1964 1573 lucem,
1986 1523 2277 1564 ratiocinando
2290 1554 2302 1572 ,

1271 1594 1528 1647 experiendo
1544 1626 1555 1644 ,
1579 1593 1877 1646 intelligendo,
1903 1595 1953 1634 ut
1971 1593 2132 1634 dictum
2152 1597 2227 1635 est.
2255 1594 2306 1635 Et

1271 1666 1323 1706 ad
1350 1666 1431 1706 hoc
1458 1667 1671 1706 venerunt
1698 1664 1963 1718 philosophi,
1989 1668 2029 1706 01
2046 1666 2210 1707 nobiles
2230 1678 2305 1707 00-

1272 1750 1370 1778 rum
1389 1770 1399 1788 ,
1421 1740 1463 1778 et
1484 1737 1670 1790 antiqui,
1693 1736 1806 1791 quod
1832 1740 1940 1778 esset
1959 1737 2217 1791 principium
2235 1770 2244 1790 ,
2267 1741 2309 1779 et

1273 1810 1371 1850 finis
1385 1842 1395 1861 ,
1418 1812 1459 1850 et
1477 1810 1586 1850 ratio
1608 1809 1877 1863 exemplaris.
1902 1809 2104 1863 Sequitur
2126 1825 2134 1851 :
2160 1812 2212 1853 Et
2232 1810 2307 1853 dt-

1274 1883 1381 1924 vz'sz't
1401 1881 1531 1923 lucem
1557 1892 1584 1923 α
1610 1881 1814 1934 tenebris,
1842 1885 1905 1933 ut,
1929 1882 2037 1923 sicut
2055 1881 2216 1922 dictum
2249 1885 2312 1923 est

1275 1952 1326 1993 de
1347 1952 1534 2005 angelis,
1555 1953 1718 1994 dicatur
1737 1953 1788 1994 de
1808 1953 2085 2006 philosophis.
2103 1952 2184 1994 Sed
2197 1954 2311 1994 unde

1276 2024 1409 2078 aliqui
1439 2024 1633 2065 tenebras
1659 2024 1790 2065 secuti
1823 2026 1949 2065 sunt?
1977 2024 2041 2065 Ex
2071 2025 2173 2075 hoc,
2209 2025 2312 2078 quia

1275 2097 1373 2138 licet
1401 2109 1550 2138 omnes
1580 2096 1765 2138 viderint
1786 2095 1968 2149 primam
1999 2108 2191 2147 causam,
2216 2108 2308 2137 om-

1278 2170 1399 2210 nium
1420 2168 1702 2222 principium,
1720 2168 1912 2209 omnium
1931 2168 2083 2219 finem,
2106 2169 2151 2208 in
2171 2168 2311 2210 medio

169 2242 366 2297 percipit,
399 2242 621 2294 consurgit
647 2242 699 2283 ad
720 2242 915 2283 divinum
936 2242 1202 2295 contuitum,

171 2316 214 2355 et
228 2313 328 2355 dicit
342 2325 385 2354 50
400 2313 556 2355 hahere
572 2313 831 2354 intellectum
848 2313 1062 2366 adeptum,
1077 2326 1207 2367 quern

171 2384 462 2439 promiserunt
495 2385 762 2439 philosophi,
795 2388 836 2426 et
867 2385 919 2426 ad
945 2386 1026 2426 hoc
1053 2386 1209 2427 veritas

1279 2244 1423 2282 tamen
1451 2240 1721 2282 diversificati
1747 2242 1862 2281 sunt.
1884 2239 1991 2281 Nam
2020 2239 2152 2293 aliqui
2175 2252 2310 2292 nega·
2362 2254 2450 2282 Arist.

1282 2313 1438 2353 verunt
1459 2310 1504 2350 in
1522 2310 1615 2363 ipsa
1632 2321 1722 2350 esse
1742 2308 2001 2362 exemplaria
2021 2321 2167 2350 rerum
2182 2341 2192 2359 ‚
2215 2321 2317 2362 quo,
2336 2303 2478 2366 &egga-s

1281 2395 1379 2424 rum
1412 2382 1606 2436 princeps
1637 2381 1800 2422 videtur
1831 2392 1923 2422 esse
1955 2381 2222 2432 Aristoteles,
2244 2381 2318 2434 qui
2338 2378 2478 2407 P12201152‘

174 2456 320 2497 trahit.
345 2455 426 2497 Sed
445 2459 588 2497 tamen
608 2468 684 2509 per
706 2457 886 2499 virtutes
905 2459 1070 2510 oportet
1089 2457 1207 2498 deve-

178 2527 287 2578 nire,
311 2527 419 2568 sicut
435 2530 648 2569 venerunt
667 2527 937 2581 philosophi:
960 2528 1130 2581 quando
1149 2529 1212 2571 vi-

187 2598 342 2640 derunt
355 2598 469 2652 quod
483 2601 569 2639 tam
585 2598 666 2639 alte
681 2611 767 2640 non
781 2601 949 2653 possent
969 2600 1209 2652 pervenire,

182 2669 266 2711 nisi
286 2681 361 2723 per
379 2669 574 2721 virtutes,
597 2673 900 2713 converterunt
921 2683 964 2712 se
985 2671 1036 2711 ad
1055 2671 1210 2712 docen-

182 2741 285 2783 dum
307 2741 419 2792 illas,
441 2743 489 2782 ut
506 2741 602 2782 fecit
628 2742 834 2783 Socrates.
856 2741 974 2784 Unde
994 2746 1214 2797 reputatur

183 2812 325 2854 minus
343 2812 452 2853 bene
474 2813 643 2864 dixisse,
669 2826 719 2854 eo
738 2814 852 2867 quod
872 2816 1039 2856 tantum
1060 2815 1111 2856 de
1133 2814 1216 2855 illis

182 2883 307 2935 dixit;
336 2884 406 2926 sed
438 2884 519 2925 hoc
547 2884 666 2936 fecit,
701 2885 802 2937 quia
826 2885 995 2926 videbat
1024 2886 1137 2939 quod
1164 2886 1216 2927 ad

183 2955 305 2997 illum
322 2956 584 2997 intellectum
607 2968 692 2997 non
712 2958 851 3009 posset
878 2957 1112 3010 perveniri,
1134 2957 1217 2998 nisi

185 3026 329 3068 anima
347 3027 401 3068 sit
422 3030 620 3082 purgata.

532 3175 747 3220 SERMO
789 3175 872 3222 VI.

190 3289 240 3325 De
263 3287 459 3325 virtutibus
482 3286 741 3329 cardinalibus,
766 3289 797 3323 et
822 3287 863 3323 de
886 3287 1085 3324 virtutibus
1107 3289 1223 3325 animi

563 3347 643 3394 Jam
674 3349 839 3395 purqati.

247 3460 259 3482 ¹
289 3455 414 3499 Vidit
440 3456 548 3498 Deus
575 3455 731 3506 lucem,
751 3455 866 3509 quod
897 3458 1001 3498 esset
1027 3455 1158 3507 bona,
1185 3462 1226 3501 ec

194 3528 349 3571 divisit
379 3527 511 3570 lucem
537 3539 564 3569 a
593 3527 775 3570 tenebris
795 3559 807 3577 ,
835 3530 912 3568 ele.
940 3526 1113 3580 Propter
1136 3529 1221 3581 pri-

1283 2457 1324 2495 et
1354 2455 1400 2495 in
1436 2453 1644 2508 principio
1671 2453 1996 2506 Metaphysz'coe,
2029 2457 2071 2494 et
2095 2453 2139 2493 111
2169 2453 2254 2494 fine
2286 2453 2316 2505 ³,

1284 2528 1326 2566 et
1345 2525 1389 2565 in
1417 2525 1564 2566 multis
1586 2524 1677 2565 aliis
1705 2524 1809 2566 locis
1837 2527 2061 2566 execratur
2080 2525 2194 2566 ideas
2223 2523 2317 2566 Pla-

1285 2597 1410 2638 tonis.
1445 2596 1563 2638 Unde
1586 2596 1707 2648 dicit,
1730 2596 1843 2650 quod
1870 2596 2009 2637 solum
2041 2597 2161 2639 novit
2189 2609 2256 2648 se,
2279 2599 2321 2638 et

1286 2682 1373 2712 non
1393 2670 1559 2723 indiget
1589 2670 1740 2711 notitia
1769 2670 1949 2724 alicujus
1970 2669 2142 2711 alterius
2169 2669 2256 2719 rei,
2281 2671 2322 2710 et

1287 2745 1431 2785 movet
1456 2745 1505 2783 ut
1533 2741 1817 2783 desideratum
1849 2746 1890 2783 et
1918 2744 2125 2782 amatum.
2148 2740 2213 2782 Ex
2243 2740 2322 2782 hoc

1288 2814 1449 2867 posuit,
1472 2814 1586 2866 quod
1613 2813 1746 2865 nihil,
1781 2813 1850 2855 vel
1879 2813 2047 2855 nullum
2069 2812 2323 2866 particulare

1290 2885 1525 2937 cognoscit.
1542 2883 1660 2926 Unde
1677 2885 1769 2925 illas
1783 2885 1897 2926 ideas
1919 2884 2202 2938 principaliter
2215 2895 2304 2937 prae
2314 2908 2325 2915 -

1291 2957 1443 3011 cipuus
1476 2956 1712 3010 impugnat
1752 2957 1998 2998 Aristoteles
2036 2957 2080 2997 in
2118 2956 2320 3007 Etltt'cis,

1291 3031 1340 3069 ut
1359 3028 1480 3079 dicit,
1507 3028 1620 3081 quod
1646 3040 1867 3069 summum
1892 3028 2055 3070 bonum
2080 3040 2168 3069 non
2188 3030 2323 3081 potest

1292 3112 1381 3141 esse
1406 3100 1500 3141 idea
1526 3115 1535 3141 ε
1564 3105 1605 3142 01
1637 3100 1746 3141 nihil
1774 3100 1917 3142 valent
1946 3101 2132 3142 rationes
2157 3112 2261 3149 suae,
2285 3102 2325 3140 et

1293 3171 1610 3213 Commentator
1629 3172 1755 3214 solvit
1777 3185 1860 3214 eas.
1882 3172 1945 3213 Ex
1975 3172 2056 3213 isto
2089 3183 2230 3213 errore
2260 3181 2326 3211 se—

1294 3245 1440 3296 quitur
1473 3243 1582 3285 alius
1615 3256 1734 3286 error
1755 3277 1765 3297 ,
1801 3244 1915 3298 quod
1947 3244 2056 3285 Deus
2085 3255 2170 3284 non
2201 3240 2329 3282 habet

1294 3315 1636 3368 praescientiam,
1676 3328 1754 3357 nec
1788 3315 2125 3370 providentiam,
2156 3324 2210 3354 ex
2244 3323 2329 3365 quo

1343 3444 1353 3467 ¹
1373 3445 1469 3486 Gen„
1488 3455 1512 3487 1,
1532 3449 1562 3480 4.
1578 3464 1617 3470 —
1636 3447 1650 3469 2
1669 3448 1778 3480 Serm.
1797 3454 1845 3487 1V,
1865 3456 1898 3487 p.
1920 3447 1978 3487 49;
2000 3454 2102 3479 serm.
2125 3453 2159 3484 v,
2180 3454 2213 3486 p.
2235 3445 2328 3476 54.—

1299 3493 1310 3510 ⁵
1326 3493 1412 3524 Arist
1433 3519 1442 3534 ,
1460 3493 2104 3536 Mamm„1i1‚.1,1‹=x1t.:fietseqflnn
2120 3493 2206 3528 xlii,
2225 3501 2241 3522 0
2269 3491 2327 3523 ult.

1299 3558 1339 3564 —-
1359 3541 1450 3583 Ι’1(1.,
1473 3543 1581 3574 Etlnc.
1607 3543 1748 3583 Nicone„
1773 3542 1829 3574 lib.
1857 3543 1880 3583 1,
1901 3552 1931 3574 0.
1955 3550 1998 3574 Vl.
2018 3559 2059 3565 —
2078 3542 2122 3582 (a)
2146 3539 2263 3581 Suppl.
2281 3538 2328 3570 in.
