2633 3878
101 701 192 729 Intel-

78 744 170 771 lectus

63 785 182 820 duplex.

63 2430 203 2458 ereatura

63 2472 100 2500 ad
121 2479 202 2498 crea-

62 2515 156 2541 torem
169 2511 206 2539 si-

108 2557 158 2582 cut

73 2598 199 2632 punctus

90 2639 126 2666 ad
144 2638 177 2665 li-

83 2690 180 2710 neam.

894 228 947 272 lN
977 229 1356 274 HEXAEMERON.
1388 231 1564 275 SERMO
1592 233 1661 275 XI.

206 323 390 377 ligentes
409 321 599 376 primum
622 331 713 362 esse
732 330 872 361 unum
888 319 1172 373 suppositum,
1195 326 1244 362 ut

210 394 391 448 gentiles
417 426 429 445 ‚
471 392 612 434 adhuc
646 390 896 443 intelligunt
933 390 1214 432 substantiam
1232 424 1243 443 ,

209 469 435 518 virtutem,
457 467 500 505 et
528 462 845 517 operationem?
872 474 977 514 ergo
1006 462 1043 502 si
1069 463 1129 503 ita
1161 466 1245 515 est,

209 552 298 582 non
325 537 537 579 intellecta
572 534 778 576 Trinitate
801 565 811 588 ,
847 534 914 576 vel
950 535 1245 586 emanatione,

211 613 274 652 est
312 608 551 660 intelligere
589 606 931 660 productionem.
966 606 1213 660 Respondeo
1236 622 1245 648 :

213 683 452 726 Intellectus
471 680 631 734 duplex
652 682 741 730 θεῖ,
764 680 976 733 perfectus
989 712 1000 731 ,
1020 683 1062 721 et
1081 679 1248 733 plenus,

213 759 255 798 et
270 755 393 809 plene
418 753 659 806 resolvens3
681 755 723 794 et
740 753 815 794 tali
844 753 1060 794 intellectu
1079 765 1166 794 non
1189 758 1252 795 est

212 826 465 878 intelligere.
503 824 726 866 Secundus
755 827 817 865 est
858 825 1120 878 semiplenus
1146 838 1156 877 ;
1193 825 1252 866 sic

216 898 457 950 intelligere
476 896 708 950 semiplene
729 898 866 949 potest
885 896 1126 938 intellectus
1142 909 1253 938 crea-

216 973 308 1022 tus,
332 970 393 1011 sic
412 969 527 1023 quod
547 968 733 1010 resolvat
750 968 795 1009 in
816 968 960 1022 plura,
982 981 1079 1022 quae
1099 969 1142 1010 in
1169 969 1253 1011 Deo

215 1045 316 1084 sunt
351 1053 491 1083 unum
511 1055 520 1092 ;
559 1040 680 1081 aliter
718 1052 820 1081 non.
856 1039 961 1081 Item
992 1041 1116 1081 tertia
1147 1041 1254 1083 ratio

215 1113 374 1167 speculi
396 1116 480 1164 est,
503 1112 606 1168 quia
621 1112 667 1153 in
688 1112 769 1153 Deo
789 1114 852 1153 est
868 1112 975 1153 ratio
991 1113 1254 1166 productivae

215 1185 471 1227 diffusionis.
513 1183 581 1226 Sic
621 1184 729 1226 illud
767 1196 858 1226 esse
890 1197 1059 1226 summe
1092 1186 1255 1228 bonum

218 1259 306 1309 est3
328 1269 434 1310 ergo
456 1269 625 1298 summe
645 1255 847 1297 diffundit
864 1269 930 1308 se,
951 1257 1108 1298 scilicet
1124 1257 1256 1311 tripli-

217 1330 335 1381 citer,
357 1329 584 1371 diffusione
613 1329 901 1370 actualissima
911 1361 922 1380 ,
935 1356 938 1358 -
953 1329 1254 1382 integerrima,

219 1401 417 1442 ultimata
439 1400 508 1442 vel
535 1400 877 1452 ultimatissima,
900 1401 1004 1454 quia
1022 1402 1256 1443 actualissi-

219 1486 291 1514 ma
320 1485 488 1526 semper
520 1475 602 1524 est,
626 1485 794 1525 semper
825 1473 930 1523 fuit,
952 1485 1121 1526 semper
1150 1474 1256 1526 erit,

219 1557 387 1598 semper
405 1544 577 1597 genuit,
602 1556 772 1597 semper
787 1547 981 1597 generat,
1002 1557 1170 1598 semper
1190 1559 1261 1599 ge-

217 1616 397 1657 nerabit.
427 1616 515 1657 Hoc
549 1628 637 1657 non
670 1619 808 1669 potest
846 1616 1005 1657 habere
1037 1620 1258 1669 creatura,

218 1689 335 1742 quod
355 1700 523 1742 semper
543 1688 618 1739 sit,
640 1699 809 1741 semper
834 1688 966 1729 fuerit
980 1720 990 1739 ,
1020 1691 1061 1729 et
1092 1701 1261 1743 semper

218 1760 366 1802 futura
384 1760 438 1801 sit
457 1774 466 1801 :
488 1772 593 1812 ergo
609 1771 780 1800 necesse
802 1765 864 1801 est
885 1762 933 1801 ut
953 1764 1122 1802 emanet
1135 1764 1260 1802 eeter-

219 1844 314 1874 nus.
338 1832 446 1873 Item
467 1832 748 1884 integerrima
769 1843 856 1872 non
885 1835 947 1873 cst
967 1832 1060 1873 haec
1091 1833 1261 1875 diffusio

220 1906 266 1947 in
285 1908 505 1957 creatura3
527 1905 628 1958 quia
648 1904 758 1946 Deus
778 1916 865 1946 non
886 1905 957 1946 dat
976 1907 1115 1946 totum
1137 1906 1259 1947 deco-

220 1989 314 2019 rem
345 1977 601 2031 exemplaris
630 1979 840 2018 creaturae
877 1991 886 2018 :
919 1976 1031 2018 unde
1063 1977 1145 2018 hoc
1175 1989 1262 2018 non

220 2049 292 2091 dat
304 2050 384 2090 nisi
403 2049 649 2102 generando
665 2048 837 2090 Filium.
853 2047 973 2089 Unde
988 2050 1000 2070 ¹
1021 2060 1031 2089 z
1057 2064 1075 2087 (ι
1094 2048 1259 2101 Omnia,

220 2121 360 2176 inquit
378 2121 526 2173 Filius,
544 2132 643 2174 quae
663 2120 792 2161 habet
811 2119 951 2170 Pater,
975 2132 1071 2161 mea
1091 2123 1193 2161 sunt
1211 2135 1219 2161 :
1237 2134 1256 2158 »

220 2193 302 2234 hoc
317 2205 405 2234 non
424 2192 524 2233 dicit
543 2191 687 2245 aliqua
708 2194 916 2232 creatura.
943 2190 1049 2232 Item
1068 2191 1162 2232 haec
1182 2191 1261 2232 dif-

221 2264 331 2306 fusio
348 2267 410 2306 est
422 2264 631 2315 ultimate,
649 2265 698 2304 ut
711 2263 782 2304 det
798 2262 1037 2316 producens
1051 2263 1262 2317 quidquid

223 2336 333 2378 Deus
362 2337 463 2378 dare
481 2338 620 2390 potest
630 2349 640 2386 3
664 2338 867 2376 creatura
898 2336 1045 2375 autem
1077 2335 1264 2388 recipere

223 2421 312 2450 non
331 2411 469 2462 potest
487 2407 697 2461 quidquid
721 2407 831 2448 Deus
850 2406 951 2447 dare
970 2409 1120 2459 potest.
1146 2406 1264 2448 Unde

224 2479 331 2520 sicut
362 2482 546 2533 punctus
578 2479 630 2520 ad
662 2479 822 2519 lineam
853 2478 963 2519 nihil
994 2478 1140 2529 addit,
1177 2491 1265 2520 non

224 2551 352 2592 etiam
380 2550 497 2591 mille
527 2549 661 2590 millia
690 2551 980 2602 punctorum3
1015 2549 1074 2589 sic
1100 2550 1265 2592 bonitas

225 2625 430 2663 creaturae
447 2621 627 2663 bonitati
645 2620 856 2662 Creatoris
877 2619 986 2660 nihil
1006 2619 1142 2671 addit,
1164 2621 1266 2674 quia

223 2694 394 2736 finitum
408 2694 576 2735 infinito
590 2693 700 2734 nihil
718 2692 846 2734 addit.
862 2691 979 2744 Ergo
995 2704 1167 2734 necesse
1184 2696 1260 2744 est,

224 2769 274 2808 ut
304 2767 395 2808 haec
424 2765 597 2807 diffusio
627 2764 863 2806 secundum
893 2766 1032 2805 totum
1061 2775 1184 2817 posse
1212 2765 1266 2806 sit

224 2839 277 2880 ab
296 2839 460 2893 aliquo,
483 2837 600 2891 quod
617 2836 735 2878 omni
755 2838 949 2877 creatura
975 2836 1116 2889 majUs
1148 2837 1262 2890 cogi-

223 2911 305 2952 tari
323 2912 461 2965 potest
481 2924 490 2949 :
513 2911 556 2950 et
575 2908 704 2950 etiam
724 2907 817 2961 ipsa
838 2909 1035 2948 creatura
1056 2909 1265 2962 maiorem

224 2995 269 3024 se
288 2982 478 3035 cogitare
497 2993 541 3021 se
566 2981 719 3034 potest.
743 2978 824 3020 Sed
851 2978 898 3019 in
917 2977 1024 3020 Filio
1043 2979 1266 3032 productio

227 3057 310 3106 est,
333 3055 443 3094 sicut
470 3052 517 3093 in
540 3051 664 3093 Patre
696 3054 774 3092 est.
810 3049 855 3091 Si
887 3061 993 3102 ergo
1014 3050 1138 3093 Patre
1156 3052 1266 3093 nihil

227 3128 370 3180 majus
404 3124 586 3177 cogitari
617 3126 786 3178 potest,
820 3133 925 3175 ergo
957 3135 1035 3163 nec
1065 3122 1185 3165 Filio.
1221 3123 1266 3166 Si

227 3198 352 3240 Pater
371 3197 501 3239 etiam
521 3196 716 3238 ultimata
745 3195 973 3237 diffusione
1001 3207 1089 3237 non
1117 3209 1162 3238 se
1184 3197 1263 3239 dif-

227 3270 448 3321 funderet,
471 3268 679 3323 perfectus
696 3279 783 3310 non
811 3269 934 3309 esset.
955 3265 1114 3316 Quarta
1135 3267 1263 3310 diffu-

228 3342 291 3384 sio
310 3344 373 3384 est
390 3353 466 3395 per
494 3340 704 3382 rationem
731 3339 996 3389 dilectionis;
1027 3340 1266 3382 necessario

230 3415 347 3456 enim
374 3415 561 3467 oportet,
592 3411 706 3466 quod
734 3411 810 3454 ubi
840 3410 1058 3453 beatitudo
1090 3414 1180 3464 est,
1209 3412 1267 3454 ibi

274 3526 286 3547 ¹
301 3525 410 3564 Joan„
430 3531 503 3564 ενι,
529 3524 579 3557 15.
595 3540 632 3548 -
652 3523 667 3545 ²
684 3521 799 3563 Hebr„
818 3530 840 3562 1,
859 3524 890 3554 3.
910 3538 952 3546 --
969 3521 984 3543 ³
1004 3521 1098 3562 Gen„
1120 3530 1161 3562 ιι,
1181 3523 1212 3552 6.
1227 3538 1268 3546 -

234 3573 248 3596 ¹·
265 3574 346 3614 Iso„
370 3580 425 3613 LV,
447 3574 498 3612 10,
518 3574 570 3604 11.
592 3588 634 3594 —
653 3572 696 3612 (a)
719 3571 801 3604 Coet.
816 3570 899 3603 edit.
924 3569 1003 3602 illic.

2300 243 2352 283 83

1317 333 1487 363 summa
1517 322 1570 363 sit
1599 323 1778 381 dilectio.
1810 326 1882 368 Est
1913 330 2056 370 autem
2089 328 2256 371 dilectio
2283 342 2349 372 re·
2390 342 2514 371 nnectio

1319 393 1431 435 flexa
1453 426 1465 445 ,
1500 395 1766 448 connexiva,
1801 398 2066 442 charitativa.
2109 401 2354 444 Connexiva
2373 384 2490 420 “ipfflx'

1320 465 1487 507 dilectio
1519 467 1740 520 perfectior
1767 472 1848 521 est,
1871 484 1957 524 qua
1979 471 2158 513 alterum
2191 472 2351 525 diligo,

1321 549 1452 590 quam
1485 537 1671 589 reflexa,
1704 552 1788 593 qua
1819 553 1888 582 me
1919 542 2069 595 diligo.
2099 544 2357 585 Charitativa

1322 611 1466 648 autem
1493 609 1716 661 perfectior
1736 612 1899 653 caeteris
1919 615 2001 664 est,
2024 626 2122 666 quae
2144 614 2272 655 habet
2292 614 2355 656 di-

1323 679 1480 720 lectum
1515 683 1557 721 et
1592 681 1876 725 condilectum
1911 698 1919 725 :
1951 696 2056 736 ergo
2090 684 2183 725 haec
2219 689 2280 726 est
2315 686 2359 726 in

1324 751 1495 794 divinis,
1540 752 1626 793 Hac
1665 765 1770 807 ergo
1802 755 2023 797 dilectione
2061 756 2185 798 Pater
2222 757 2361 810 diligit

1324 822 1506 874 Filium,
1527 827 1568 865 et
1588 828 1650 865 est
1682 825 1876 868 infinitus
1907 829 2047 870 ardor.
2081 828 2185 870 item
2214 832 2277 870 est
2305 829 2362 869 ibi

1325 894 1492 937 dilectio
1513 897 1725 949 gratuita,
1746 898 1887 940 debita
1901 932 1910 950 ‚
1933 901 2157 954 permixta.
2182 899 2286 941 Item
2301 904 2365 941 est

1326 967 1384 1008 ibi
1405 968 1573 1010 dilectio
1596 981 1719 1023 pura,
1740 971 1884 1024 plena,
1904 973 2101 1026 perfecta,
2117 974 2166 1013 ut
2186 972 2365 1013 effluens

1327 1042 1368 1081 et
1403 1041 1562 1082 efssuxa
1600 1043 1644 1082 in
1673 1042 1799 1095 Filio,
1834 1047 1882 1085 ut
1920 1045 2088 1086 ressuxa
2122 1044 2166 1085 in
2205 1043 2366 1097 Spiritu

1328 1117 1489 1154 san'cto.
1515 1112 1578 1154 Ex
1599 1113 1690 1155 istis
1710 1115 1947 1158 rationibus
1980 1116 2182 1158 omnibus
2202 1117 2250 1157 fit
2277 1129 2368 1170 spe-

1329 1182 1476 1223 culum
1505 1183 1660 1224 nobile.
1696 1184 1769 1226 Est
1806 1188 1951 1226 autem
1993 1186 2108 1227 aliud
2149 1186 2370 1239 speculum

1330 1259 1646 1308 congregatum
1678 1268 1732 1297 ex
1760 1257 1921 1310 parvis.
1957 1257 2076 1299 Unde
2102 1261 2226 1309 nota,
2258 1258 2370 1312 quod

1329 1326 1425 1367 licet
1455 1330 1545 1369 tota
1578 1327 1762 1369 Trinitas
1803 1330 1857 1370 sit
1892 1330 2040 1371 lumen
2075 1330 2367 1383 intelligendi,

1331 1397 1523 1440 Verbum
1551 1402 1696 1441 tamen
1725 1402 1980 1444 naturaliter
1999 1402 2129 1443 habet
2158 1403 2370 1444 rationem

1333 1472 1615 1525 exprimendi.
1638 1473 1786 1514 Omnis
1816 1476 1961 1515 autem
1994 1479 2190 1515 creatura
2219 1474 2372 1515 clamat
2437 1500 2531 1526 (ΜΕ-

1335 1545 1657 1596 generationem
1679 1548 1908 1596 aeternam,
1931 1549 1973 1586 et
1991 1546 2102 1587 hanc
2122 1547 2372 1600 exprimunt
2392 1541 2466 1608 ξζζζ)
2493 1539 2535 1608 ᾗῇ·

1334 1619 1375 1657 θῖ
1391 1620 1701 1669 repraesentant
1718 1617 1942 1659 duodecim
1964 1619 2277 1670 generationes.
2300 1617 2372 1659 Est
2398 1633 2526 1670 praesenj

1335 1689 1450 1728 enim
1485 1689 1653 1742 primus
1686 1689 1841 1730 modus
1873 1702 1949 1743 per
1981 1691 2274 1743 diffusionem,
2312 1704 2373 1733 se·
2394 1669 2534 1736 ἑῖἑὲἷωιῑὲ

1335 1761 1499 1802 cundus
1524 1774 1599 1814 per
1621 1763 1963 1815 expressionem,
1986 1764 2137 1805 tertius
2164 1777 2240 1818 per
2273 1777 2371 1818 pro-

1334 1833 1610 1886 pagationem
1637 1847 1646 1875 :
1666 1847 1742 1889 per
1761 1835 2054 1887 diffusionem,
2073 1839 2121 1878 ut
2141 1837 2375 1890 splendoris

1336 1917 1361 1946 a
1381 1907 1498 1957 luce,
1514 1906 1582 1948 vel
1605 1907 1758 1948 caloris
1773 1908 1826 1949 ab
1847 1908 1971 1960 igne,
1991 1911 2040 1949 ut
2057 1908 2181 1949 fluvii
2201 1921 2225 1950 a
2245 1909 2373 1961 fonte,

1337 1979 1386 2018 ut
1406 1977 1556 2018 imbris
1579 1991 1604 2019 a
1620 1979 1736 2020 nube
1755 1979 1901 2032 plena,
1925 1980 2016 2021 sive
2040 1981 2196 2022 rorida.
2222 1981 2268 2022 In
2295 1981 2377 2035 pri-

1339 2061 1408 2090 ma
1419 2049 1645 2091 diffusione
1660 2050 1800 2092 deficit
1810 2051 2047 2105 aequalitas,
2065 2053 2166 2106 quia
2179 2053 2376 2107 splendor

1338 2132 1424 2162 non
1445 2124 1643 2175 aequatur
1664 2122 1763 2164 luci.
1790 2122 1836 2164 ln
1856 2124 2042 2165 secunda
2063 2125 2202 2165 deficit
2220 2125 2375 2166 intimi-

1337 2195 1424 2244 tas,
1442 2194 1543 2247 quia
1563 2195 1679 2236 calor
1697 2207 1786 2236 non
1805 2198 1868 2236 est
1887 2195 2066 2237 intimus
2086 2197 2201 2248 igni,
2221 2197 2311 2239 sive
2330 2200 2378 2238 ut

1338 2265 1612 2316 informanti,
1635 2266 1725 2308 sive
1745 2270 1794 2308 ut
1812 2267 2043 2320 originauti
2063 2283 2073 2319 3
2096 2271 2159 2309 est
2177 2269 2291 2309 enim
2308 2282 2378 2311 ac-

1339 2337 1496 2379 cidens.
1519 2337 1569 2378 In
1597 2338 1722 2379 tertia
1753 2338 1895 2379 deficit
1924 2338 2140 2390 simultaS,
2163 2340 2266 2393 quia
2284 2339 2378 2381 fons

1338 2409 1542 2451 diffundit
1562 2422 1607 2450 se
1635 2422 1711 2463 per
1741 2413 1902 2464 partes,
1925 2424 2012 2453 non
2039 2414 2152 2453 totus
2180 2413 2369 2454 insimul.

1340 2482 1389 2523 In
1417 2486 1569 2536 quarta
1599 2483 1738 2524 deficit
1762 2483 2009 2537 integritas,
2043 2485 2143 2538 quia
2175 2497 2261 2526 non
2291 2488 2380 2526 tota

1339 2553 1488 2606 pluvia
1525 2555 1742 2596 excutitur
1773 2568 1797 2596 a
1825 2556 1966 2606 nube;
1993 2557 2081 2597 imo
2109 2568 2184 2609 per
2215 2559 2376 2609 guttas.

1339 2623 1504 2677 Jungas
1539 2625 1617 2666 has
1651 2628 1838 2679 quatuor
1872 2626 2135 2668 conditiones
2165 2627 2218 2669 ad
2247 2640 2378 2669 unam

1340 2697 1612 2739 diffusionem
1638 2730 1649 2749 ,
1686 2710 1783 2752 quae
1822 2699 1876 2739 sit
1912 2699 2147 2753 splendoris
2183 2699 2380 2741 habentis

1340 2771 1632 2824 aequalitatem
1645 2772 1814 2823 caloriS,
1830 2772 2027 2814 habentis
2046 2773 2318 2815 intimitatem
2339 2777 2382 2815 et

1340 2843 1741 2885 substantialitatem
1761 2844 1895 2886 rivuli
1909 2845 2000 2886 sive
2018 2845 2161 2897 fontis,
2183 2846 2382 2887 habentis

1341 2916 1602 2958 simultatem
1633 2916 1806 2967 imbris,
1839 2916 2034 2958 habentis
2063 2917 2377 2970 integritatem,

1341 2991 1382 3029 et
1397 2988 1457 3029 sic
1476 2988 1608 3029 habes
1624 2988 1861 3040 vestigium
1877 2988 2166 3041 generationis
2191 2991 2376 3029 aeternae.

1342 3043 1460 3101 Unde
1492 3059 1624 3102 Filius
1667 3060 1898 3114 aliquando
1938 3063 2211 3113 comparatur
2244 3060 2380 3112 splen-

1341 3132 1459 3183 dori,
1480 3132 1644 3174 dicente
1665 3132 1798 3174 Paulo
1818 3137 1832 3158 2
1853 3147 1862 3174 ε
1890 3149 1910 3172 «
1928 3132 2009 3182 Qui
2035 3145 2133 3173 cum
2164 3132 2219 3173 sit
2237 3131 2376 3185 splen-

1342 3204 1418 3246 dor
1448 3205 1625 3258 gloriae;
1657 3219 1676 3244 n
1712 3205 1941 3259 aliquando
1973 3205 2083 3246 rubo
2114 3204 2272 3257 Moysi,
2306 3204 2380 3246 ubi

1341 3277 1422 3319 fuit
1444 3290 1644 3332 expressa
1671 3289 1853 3331 persona
1881 3276 2005 3327 1⁴·ilii;
2041 3276 2268 3329 aliquando
2293 3276 2380 3318 ssu-

1343 3346 1436 3397 vio,
1461 3346 1530 3389 vel
1548 3346 1673 3398 fonti,
1696 3349 1745 3387 ut
1764 3345 1811 3387 in
1832 3346 1978 3387 Genesi
1996 3344 2010 3366 ³
2033 3357 2042 3384 ε
2072 3359 2092 3383 <1
2110 3342 2222 3385 Fons
2239 3356 2381 3388 ascen-

1341 3417 1466 3459 debat
1497 3417 1548 3460 de
1578 3420 1714 3469 terra,
1738 3420 1780 3458 et
1810 3416 1967 3459 fluvius
1998 3415 2299 3468 egrediebatur
2330 3419 2382 3460 de

1342 3485 1454 3538 loco;
1468 3500 1488 3524 »
1507 3486 1736 3540 aliquando
1748 3485 1893 3535 imbri,
1908 3485 2016 3527 utin
2031 3486 2154 3529 Isaia
2172 3487 2186 3510 ⁴
2205 3500 2213 3528 :
2236 3501 2255 3526 «
2272 3485 2383 3536 Quo-

1345 3558 1470 3599 modo
1495 3558 1707 3600 ‹lescendit
1742 3558 1878 3599 imber
1903 3557 1953 3599 de
1986 3558 2116 3608 ccelo,
2139 3563 2180 3599 et
2206 3558 2305 3600 illuc
2330 3560 2379 3611 (α)
