2633 3878
94 2565 177 2590 Com-

67 2605 200 2640 puncfflo·

68 2646 113 2673 nis
138 2654 206 2681 gra-

67 2687 117 2715 tia.

1086 205 1325 247 PSALMUS
1357 204 1527 247 cxviii.

605 381 822 411 VERSICULUS
849 382 899 408 lV.

286 491 367 526 148.
399 489 646 524 Praevenerunt
677 487 772 522 oculi
790 487 860 521 met·
886 484 932 520 ad
956 487 1002 528 te,
1024 484 1094 519 etc.
1128 481 1267 519 Animo

238 549 443 598 purificato
472 559 540 596 per
566 548 654 584 vitae
675 547 896 595 puritatem,
920 544 1113 582 Allissimo
1139 544 1268 580 hono-

237 611 387 648 rificato
407 621 477 658 per
498 611 569 646 viae
588 610 848 654 securitatem,
871 607 1052 655 proximo
1073 605 1267 643 aedificato

237 684 308 721 per
327 672 632 710 conversationis
658 671 941 716 maturitatem,
962 669 1167 707 revertitur
1187 667 1269 705 ani-

238 745 325 771 mus
345 735 396 771 ad
417 734 589 782 seipsum
621 734 837 781 implorans
868 733 1062 769 internam
1091 730 1268 768 saturita-

236 798 328 833 tem.
362 796 588 844 imploratio
619 796 781 844 quidem
812 796 886 832 ista
916 794 970 830 sic
1002 793 1220 831 ostenditur
1245 804 1269 829 a

236 857 435 894 Psalmista
458 870 465 894 :
490 860 760 902 Proevenemmt,
793 860 881 902 etc„
903 856 1015 904 quasi
1044 855 1147 892 dicat
1169 867 1176 891 r
1201 857 1269 892 Ex-

237 920 396 958 teriores
416 920 520 957 oculi
548 921 820 968 praevenerunt
840 919 933 956 solis
966 918 1194 964 adventum,
1226 920 1268 954 ut

235 982 437 1020 interiores
465 982 715 1029 pervenirent
745 981 797 1018 ad
825 980 985 1017 interius
1014 980 1240 1017 alimentum
1254 994 1266 1027 3

233 1045 310 1081 hoc
341 1046 416 1091 est,
449 1044 700 1092 compunctio
746 1043 936 1091 praevenit
968 1042 1267 1091 contemplatio-

235 1117 341 1153 nem,
360 1109 403 1143 ut
422 1106 623 1143 meditatio
638 1107 859 1154 perveniret
873 1106 922 1143 ad
939 1105 1264 1153 consolationem,

234 1180 303 1206 scu
323 1168 628 1206 consolatoriam
661 1168 991 1205 illuminationem
1014 1180 1021 1204 :
1045 1178 1133 1205 ecce
1163 1178 1264 1215 qua·

235 1232 438 1281 dripartita
469 1232 594 1279 gratia
623 1231 687 1268 hic
719 1234 922 1276 contenta,
956 1231 1101 1268 scilicet
1141 1231 1266 1278 gratia

233 1294 561 1342 compunctionis,
590 1293 951 1341 contemplationiS,
984 1293 1263 1340 meditationis,

232 1361 269 1394 et
290 1357 581 1395 consolationis.
602 1358 693 1402 Quae
721 1359 905 1394 notantur
931 1367 1002 1405 per
1026 1356 1265 1393 exteriorum

232 1421 440 1458 oculorum
459 1423 717 1469 praeventum,
741 1430 812 1468 per
831 1420 924 1456 solis
947 1420 1175 1462 adventum,
1194 1430 1264 1467 per

231 1483 438 1520 oculorum
458 1483 688 1520 interiorum
715 1484 962 1530 perventum,
983 1493 1055 1530 per
1082 1482 1264 1520 intrinse-

230 1555 320 1582 cum
337 1545 582 1582 alimentum.

561 1650 752 1686 Articulus
774 1651 930 1696 primus.

277 1733 448 1770 Primum
464 1733 738 1780 praetenditur,
767 1743 857 1768 cum
884 1732 1026 1770 dicitur
1048 1745 1056 1769 :
1080 1735 1262 1772 Proevene-

227 1799 314 1833 runt
333 1797 427 1832 oculi
446 1798 515 1832 mei
535 1795 584 1832 ad
603 1799 650 1831 te.
672 1795 714 1832 Hi
735 1797 824 1831 suut
851 1795 954 1832 oculi
973 1796 1174 1833 exterioris
1193 1797 1264 1835 ho-

228 1858 368 1904 minis,
401 1858 546 1906 quibus
577 1857 809 1906 exprimitur
836 1857 961 1904 gratia
992 1860 1263 1906 compunctio·

227 1921 301 1968 nis,
321 1931 409 1968 quae
437 1920 554 1957 debet
582 1919 799 1968 prcevenire
826 1919 994 1966 gratiam
1020 1921 1262 1969 contempla-

230 1984 357 2030 tionis,
380 1983 571 2031 quoniam
593 1986 727 2029 oportet
751 1985 948 2030 praeveni-re
974 1985 1079 2020 solem
1098 1985 1146 2021 ad
1167 1986 1264 2023 bene-

228 2043 439 2088 dictionem,
471 2045 513 2079 ut
543 2042 724 2079 scribitur
761 2043 784 2079 ¹.
818 2042 921 2079 Sicut
948 2043 1052 2079 enim
1083 2044 1263 2081 Israelitae

227 2105 403 2142 carnales
422 2105 718 2153 praeveniebant
736 2105 862 2141 solem
882 2104 1121 2150 sensibilem,
1144 2109 1186 2142 ut
1205 2106 1263 2143 in·

227 2168 405 2206 venirent
434 2167 688 2204 refectionem
719 2167 975 2220 exteriorem,
1004 2168 1058 2204 sic
1083 2169 1263 2207 Israelitae

227 2230 447 2279 spirituales
466 2228 683 2278 praevenire
713 2229 860 2266 debent
885 2229 1012 2266 solem
1035 2230 1262 2277 intelligibi-

227 2293 326 2338 lem,
358 2294 552 2340 quatenus
582 2291 787 2328 inveniant
813 2291 1068 2329 refectionem
1099 2293 1260 2330 interio-

227 2367 323 2392 rem.
341 2355 442 2399 Quid
463 2357 594 2392 autem
613 2356 669 2390 est
680 2353 1020 2400 solintelligilnlis,
1043 2355 1117 2390 nisi
1138 2356 1262 2402 gratia

228 2416 597 2464 contemplationis?
637 2415 738 2460 Quid
775 2415 936 2452 interior
971 2415 1150 2463 refectio,
1186 2417 1262 2454 nisi

227 2479 352 2527 gratia
380 2478 681 2524 consolationiS,
714 2489 783 2514 seu
815 2477 1087 2515 consolatoriae
1118 2478 1263 2516 illumi-

226 2542 419 2580 nationis?
445 2543 488 2578 Et
512 2543 625 2588 nota,
647 2541 757 2589 quod
789 2541 914 2588 gratia
946 2542 1262 2588 compunctionis

227 2608 478 2653 comparatur
498 2603 622 2641 oculis
646 2603 765 2652 lippis
774 2631 786 2649 ,
808 2603 987 2650 aquosis,
1009 2605 1260 2654 columbinis,

227 2667 321 2716 quia
339 2666 657 2714 compunctionis
678 2665 803 2712 gratia
823 2667 879 2702 est
899 2666 939 2703 in
960 2666 1152 2716 principio
1173 2669 1263 2706 hor-

226 2729 326 2776 rida,
338 2729 378 2766 in
386 2728 520 2765 medio
532 2727 698 2776 liquida,
716 2727 755 2763 in
770 2728 846 2764 fine
859 2727 994 2766 nitida.
1012 2731 1063 2766 De
1074 2730 1203 2777 primo
1218 2732 1231 2753 ⁶²
1248 2744 1260 2768 ε

229 2805 247 2826 α
265 2791 333 2828 Lia
352 2792 435 2827 erat
454 2790 571 2837 lippis
595 2789 739 2836 oculis3
762 2790 904 2827 Rachel
924 2790 1068 2828 decora
1087 2791 1185 2829 facie
1208 2805 1216 2830 :
1239 2807 1257 2829 »

225 2863 295 2900 per
314 2851 525 2889 Rachelem
543 2851 733 2898 figuratur
749 2853 874 2899 gratia
894 2854 1236 2902 contemplationis
1247 2867 1258 2903 3

225 2925 295 2962 per
314 2913 420 2950 Liam
441 2913 566 2959 gratia
595 2915 921 2962 compunctionis.
953 2915 1058 2953 Sicut
1085 2916 1200 2963 igitur
1219 2917 1260 2954 in

225 2976 345 3013 Jacob
365 2975 586 3023 patriarcha
614 2976 757 3024 copula
777 2977 849 3014 Liae
869 2978 1056 3025 proevenit
1075 2979 1260 3027 copulam

225 3037 423 3083 Rachelis3
464 3037 519 3074 sic
553 3036 594 3074 in
628 3037 745 3075 nobis
786 3039 910 3085 gratia
947 3041 1260 3087 compunctionis

225 3100 437 3149 praevenire
459 3100 575 3137 debet
593 3101 760 3147 gratiam
779 3103 1137 3150 contemplationis.
1156 3104 1260 3143 Sicut

225 3163 291 3200 ille
312 3173 394 3200 non
414 3162 634 3199 abhorrens
655 3163 860 3200 horrorem
881 3176 952 3212 per
971 3165 1150 3203 laborem
1166 3177 1257 3214 per·

224 3225 330 3262 venit
348 3224 400 3262 ad
420 3224 617 3270 decorem,
634 3224 689 3261 sic
712 3235 784 3262 nos
799 3236 878 3263 non
899 3226 1155 3264 abhorrentes
1165 3228 1257 3265 hor-

224 3297 354 3324 rorem
372 3286 706 3334 compunctionis,
738 3298 809 3335 per
839 3288 1021 3326 laborem
1051 3289 1258 3338 investiga·

269 3386 274 3404 ¹
295 3385 386 3426 Sap„
406 3393 482 3427 xvi,
505 3387 556 3418 28.
573 3403 615 3410 —
632 3386 645 3407 ²
666 3386 759 3426 Gen„
781 3395 883 3429 xxtx,
906 3389 955 3421 17.
979 3407 1013 3412 —
1036 3389 1047 3407 ³
1065 3389 1174 3432 Cant„
1196 3398 1256 3433 νη,

227 3435 238 3464 4
279 3451 319 3456 -
345 3432 358 3454 ⁸
382 3432 493 3470 Cant„
514 3441 545 3473 1,
568 3434 619 3465 14.
642 3451 682 3457 —
705 3435 720 3457 ὅ
738 3435 856 3470 Eceli..
881 3443 1006 3477 xxxix,
1026 3438 1056 3469 6.
1081 3454 1122 3462 -
1147 3439 1159 3457 ⁶
1182 3437 1254 3480 Job,

227 3489 298 3521 xiii,
316 3482 332 3512 ὃ
351 3482 436 3510 ῖ.-
460 3479 652 3522 ⁷Job,x1.1,
672 3483 702 3513 9.

2296 213 2370 251 507

1345 294 1460 331 tionis
1478 294 1684 342 pervenire
1713 296 1906 333 debemus
1936 298 1987 335 ad
2020 297 2204 335 decorem
2228 297 2372 335 illumi-

1343 357 1512 394 nationis
1535 369 1542 394 :
1566 367 1654 394 ecce
1669 357 1771 394 oculi
1785 358 1898 406 lippi.
1915 361 1964 396 De
1978 360 2177 397 secundo-*1
2201 373 2208 396 :
2230 373 2247 394 ιι
2263 360 2371 397 Oculi

1344 420 1397 455 tui
1415 419 1677 467 sicutpiscinae
1693 420 1733 456 in
1745 421 1920 458 Hesebon
1939 422 1998 468 (ιι),
2011 433 2093 468 quae
2107 423 2243 459 suntin
2258 424 2372 471 porta

1344 481 1433 518 filiae
1450 481 1723 518 multitudinis.
1738 495 1756 517 ))
1768 482 1832 519 llic
1854 483 1955 520 oculi
1969 486 2248 530 comparantur
2257 484 2372 531 pisci-

1343 543 1416 589 nis,
1438 543 1531 591 quia
1560 544 1658 580 sieut
1685 544 1725 580 in
1749 544 1909 592 piscinis
1937 548 1993 582 est
2023 545 2139 592 copia
2163 556 2372 593 aquarum,

1343 604 1398 642 sic
1417 604 1457 640 in
1478 606 1602 652 gratia
1622 607 1935 655 compunctionis
1956 606 2072 654 copia
2090 606 2370 654 lacrymarum.

1344 668 1609 712 Quamobrem
1637 669 1696 706 hae
1718 670 1876 717 piscinae
1900 671 1941 706 in
1966 671 2145 707 Hescbon
2172 681 2253 708 esse
2288 681 2374 708 nar-

1344 732 1498 775 rantur,
1521 730 1631 778 quod
1651 735 1820 776 coquam>
1845 734 2004 768 moerort's
2023 732 2310 780 iuterpretatur.
2332 734 2375 769 Et

1345 792 1376 828 si
1397 802 1514 829 causa
1539 793 1717 829 moeroris
1739 794 1944 841 quaeritur,
1970 794 2146 842 protinus
2171 795 2341 842 aperitur
2363 808 2371 830 :

1347 869 1364 890 α
1384 856 1474 900 Quae
1494 854 1641 891 suntin
1672 858 1786 902 porta
1814 855 1904 893 filiae
1931 856 2212 900 multitudinis5
2239 871 2256 889 n
2281 867 2375 893 nam

1342 927 1480 954 revera
1510 916 1569 953 vis
1598 916 1720 954 visiva
1753 917 1879 954 existit
1908 919 2023 965 porta
2051 917 2375 965 concupiscentiae

1343 979 1594 1016 multiformis
1629 992 1637 1016 ε
1676 990 1766 1016 eece
1795 978 1899 1016 oculi
1928 980 2080 1028 aquosi.
2113 981 2163 1016 De
2197 979 2371 1017 tertio⁴2

1347 1055 1362 1077 α
1383 1043 1474 1078 Ecce
1497 1044 1536 1078 tu
1554 1041 1719 1089 pulchra
1740 1052 1802 1086 οε,
1823 1041 1950 1078 amica
1965 1052 2073 1087 mea;
2096 1052 2183 1078 ecce
2216 1043 2256 1078 tu
2285 1041 2375 1089 pul-

1343 1104 1436 1141 chra
1447 1115 1486 1140 es
1499 1104 1543 1151 (b)
1562 1116 1569 1140 :
1586 1103 1688 1141 oculi
1702 1103 1754 1140 tui
1764 1103 2058 1150 columbarum;
2072 1117 2087 1138 >)
2105 1103 2199 1151 quia
2209 1103 2375 1151 pulchra

1343 1169 1399 1204 est
1413 1166 1545 1203 anima
1557 1169 1750 1214 quantum
1761 1167 1812 1204 ad
1824 1166 2118 1213 conscientiam,
2134 1168 2172 1203 et
2182 1169 2374 1214 quantum

1342 1229 1394 1267 ad
1413 1229 1728 1276 intelligentiam,
1762 1240 1849 1276 quae
1882 1229 2032 1266 nitescit
2061 1240 2133 1277 per
2161 1239 2376 1277 compunc-

1341 1292 1456 1329 tionis
1471 1292 1637 1339 gratiam
1658 1303 1668 1328 :
1692 1302 1780 1328 ecce
1801 1291 1905 1329 oculi
1927 1291 2160 1328 columbini.

1664 1399 1846 1434 Artz‘culus
1869 1397 2054 1434 secundus.

1388 1482 1610 1520 Secundum
1634 1480 1902 1528 subtenditur,
1925 1491 2015 1517 cum
2036 1479 2220 1528 adjicitur
2242 1491 2250 1517 :
2271 1481 2375 1517 Dilu-

1340 1546 1417 1581 culo
1438 1555 1451 1580 .·
1471 1554 1559 1581 ecce
1580 1543 1744 1591 quando
1764 1544 2064 1591 praevenerunt,
2087 1545 2124 1579 et
2152 1542 2250 1590 quid
2277 1553 2374 1590 prae-

1339 1609 1552 1653 venerunt,
1572 1606 1666 1653 quia
1686 1605 1861 1642 diluculo
1880 1606 2174 1652 praevenerunt,
2191 1606 2228 1641 et
2247 1605 2374 1642 solem

1338 1669 1624 1716 praevenerunt.
1643 1667 1751 1705 Oculi
1769 1666 2085 1714 compunctionis
2100 1669 2375 1714 praevenerunt

1340 1731 1465 1767 solem
1484 1729 1827 1777 contemplationis
1838 1742 1849 1776 3
1870 1728 2054 1774 fortasse,
2077 1728 2107 1764 si
2127 1739 2209 1765 non
2228 1738 2376 1776 praeve-

1340 1792 1485 1829 nissent
1499 1821 1510 1839 ,
1547 1792 1680 1829 cibum
1713 1791 1967 1828 intrinsecum
2002 1801 2084 1827 non
2115 1790 2372 1835 invenissent,

1341 1854 1440 1891 sicut
1458 1854 1630 1902 populus
1657 1853 1840 1901 antiquus
1861 1853 1994 1890 cibum
2011 1852 2272 1890 extrinsecum
2292 1863 2373 1890 non

1340 1917 1509 1962 invenit,
1531 1916 1600 1963 qui
1628 1915 1803 1952 diluculo
1823 1926 1906 1952 non
1930 1915 2129 1964 praevenit.
2166 1917 2208 1951 Et
2232 1918 2372 1952 notan-

1342 1981 1438 2018 dum
1468 1980 1571 2017 circa
1602 1979 1852 2024 diluculum,
1885 1978 1995 2026 quod
2027 1978 2168 2025 legitur
2195 1978 2371 2016 diluculo

1337 2044 1465 2090 Justus
1485 2043 1668 2090 vigilare,
1688 2045 1786 2079 Deus
1807 2041 2009 2089 evigilare,
2027 2041 2213 2078 diabolus
2234 2041 2371 2078 oculos

1342 2106 1491 2153 opilare
1512 2117 1520 2141 :
1542 2105 1636 2153 quia
1652 2105 1837 2141 nimirum
1852 2105 1980 2150 justus
1997 2103 2134 2149 vigilat
2160 2103 2211 2140 ad
2231 2114 2373 2150 rogan-

1341 2168 1460 2215 dum;
1486 2170 1585 2205 Deus
1614 2167 1775 2214 evigilat
1804 2166 1856 2202 ad
1883 2165 2129 2213 erogandum
2145 2177 2156 2211 3
2189 2164 2372 2203 dIabolus

1342 2230 1479 2268 oculos
1511 2229 1632 2277 opilat
1665 2228 1718 2265 ad
1750 2227 1941 2265 malitiam
1975 2227 2291 2275 prorogandum.
2321 2229 2372 2265 De

1339 2292 1490 2340 primo,
1512 2291 1582 2328 ubi
1604 2291 1745 2327 dicitur
1765 2291 1814 2326 de
1832 2290 1938 2337 justo
1959 2290 1972 2311 ⁵
1993 2301 2000 2326 :
2027 2301 2045 2323 «
2067 2290 2142 2326 Cor
2161 2300 2278 2326 suum
2298 2291 2372 2326 tra-

1340 2354 1406 2390 det
1426 2353 1477 2390 ad
1498 2352 1742 2400 vigilandum
1772 2351 1948 2388 diluculo
1975 2351 2026 2388 ad
2052 2351 2280 2397 Dominum,
2304 2351 2372 2398 qui

1339 2415 1427 2453 fecit
1451 2415 1585 2460 illum,
1606 2417 1643 2451 et
1669 2414 1711 2451 in
1735 2415 1947 2461 conspectu
1967 2413 2146 2450 Altissimi
2184 2413 2372 2461 depreca-

1338 2479 1474 2516 bitur:
1497 2492 1514 2511 »
1545 2487 1634 2514 ecce
1658 2477 1785 2523 justus
1819 2475 1997 2512 diluculo
2030 2475 2201 2522 vigilans
2232 2475 2284 2512 ad
2311 2487 2371 2512 ro-

1339 2540 1528 2588 gandum.
1562 2541 1612 2575 De
1644 2537 1820 2575 secundo
1841 2537 1853 2558 ⁶
1882 2549 1890 2573 :
1919 2537 1991 2574 «Si
2014 2536 2186 2574 dilaculo
2213 2548 2372 2575 consur-

1336 2603 1483 2641 rexeris
1515 2602 1566 2640 ad
1600 2604 1743 2646 Deum,
1768 2604 1805 2638 et
1823 2601 2140 2648 Omnipoteutem
2167 2600 2284 2637 fueris
2305 2600 2372 2637 de-

1336 2667 1516 2715 precatus
1528 2676 1539 2711 ;
1557 2664 1588 2700 si
1607 2663 1780 2701 mundus
1801 2666 1837 2700 et
1857 2666 1983 2700 rectus
2004 2663 2221 2708 incesseris,
2242 2663 2370 2699 statim

1336 2728 1536 2775 evigilabit
1552 2727 1604 2765 ad
1619 2730 1666 2773 te,
1684 2728 1720 2763 et
1739 2728 1923 2774 pacatum
1941 2725 2081 2762 reddet
2099 2725 2370 2761 habitaculum

1332 2793 1489 2840 justitiae
1511 2794 1585 2828 tuae
1607 2803 1614 2827 :
1638 2790 1680 2827 in
1712 2792 1885 2834 tantum,
1906 2791 1950 2826 ut
1981 2789 2012 2825 si
2032 2789 2166 2837 priora
2199 2791 2264 2826 tua
2291 2789 2371 2825 fuc-

1338 2856 1414 2893 rint
1433 2864 1578 2902 parva,
1599 2854 1636 2890 et
1660 2851 1876 2889 novissima
1896 2853 1964 2889 tua
1983 2851 2292 2899 multiplicentur
2311 2851 2369 2887 ni-

1339 2918 1413 2956 mis
1437 2930 1445 2953 2
1473 2930 1490 2951 »
1516 2926 1605 2952 ecce
1639 2917 1738 2951 Deus
1775 2913 1951 2951 diluculo
1986 2914 2176 2961 evigilans
2203 2913 2256 2950 ad
2287 2923 2370 2950 ero-

1337 2979 1527 3027 gandum.
1549 2979 1599 3015 De
1617 2977 1752 3023 tertio,
1772 2976 1843 3013 ubi
1861 2975 2044 3013 scribitur
2072 2976 2120 3012 de
2139 2975 2302 3012 diabolo
2322 2976 2336 2997 ⁷
2357 2987 2366 3011 :

1339 3057 1356 3078 «
1389 3041 1499 3080 Oculi
1534 3040 1638 3087 ojus,
1669 3042 1711 3076 ut
1747 3038 1947 3087 palpebrae
1983 3037 2159 3074 diluculi.
2199 3051 2216 3071 u
2251 3036 2367 3074 Plane

1336 3104 1438 3142 oculi
1463 3102 1613 3140 diaboli
1633 3104 1723 3138 sunt
1742 3104 1785 3138 ut
1802 3100 2004 3148 palpebrae
2020 3099 2202 3145 diluculi,
2224 3109 2306 3136 non
2326 3101 2368 3135 ut

1335 3165 1498 3215 pupillae
1518 3165 1615 3210 diei,
1639 3163 1732 3211 quia
1759 3161 1881 3199 clausi
1902 3163 1992 3198 suut
2012 3161 2136 3205 oculi,
2154 3171 2236 3197 non
2256 3170 2368 3208 aper-

1336 3231 1384 3277 ti3
1406 3227 1515 3276 ligati
1535 3229 1644 3272 sunt,
1666 3235 1747 3262 non
1773 3223 1903 3261 soluti.
1933 3225 1974 3260 In
1993 3222 2115 3260 oculis
2135 3222 2277 3270 apertis
2297 3232 2367 3270 ap-

1333 3293 1472 3341 parent
1489 3288 1651 3338 pupillae
1665 3300 1676 3334 3
1700 3286 1740 3323 in
1761 3285 1903 3323 clausis
1922 3296 2003 3322 non
2023 3286 2176 3333 patent,
2192 3284 2266 3321 nisi
2285 3283 2367 3332 pal-

1333 3354 1479 3403 pebrae.
1498 3350 1618 3398 Ligati
1634 3350 1725 3386 sunt
1741 3358 1811 3396 per
1824 3347 2024 3384 vinculum
2043 3346 2267 3395 impietatis,
2282 3357 2364 3385 non

1375 3437 1420 3477 (α)
1442 3436 1523 3469 Coet.
1548 3433 1630 3466 edit.
1659 3431 1791 3464 Esebon
1803 3456 1813 3473 ,
1843 3431 1874 3462 et
1894 3431 1942 3462 sic
1962 3430 2127 3473 deinceps.
2147 3447 2187 3454 —
2214 3428 2259 3471 (b)
2281 3428 2361 3462 Caee.

1331 3485 1412 3517 edd.
1434 3493 1494 3515 non
1515 3481 1633 3514 liabent
1655 3489 1702 3512 cS.

2417 2004 2534 2031 Dilucu-

2393 2045 2465 2073 lum.
