2633 3878
1049 236 1293 280 PSALMUS
1323 240 1495 283 CXVIII.

204 328 360 365 tertium
380 330 572 376 pertinere
595 328 850 375 dignoscitur,
891 326 1002 374 quod
1041 326 1206 363 dicitur¹
1226 340 1234 364 ε

207 404 224 425 α
245 393 346 428 Doce
366 402 428 427 mc
449 390 575 427 facere
597 390 837 426 voluntatem
875 392 993 434 tuam,
1021 389 1115 436 quia
1139 391 1236 426 Deus

202 464 312 490 meus
333 464 374 491 es
394 456 461 491 tu:
485 467 502 488 »
531 454 599 490 ubi
619 454 759 501 petitur
790 453 992 489 influentia
1027 453 1233 499 facultatis,

203 519 429 564 competens
449 516 647 553 effectivae.

532 621 718 656 Artccums
738 623 900 667 quartus.

249 706 364 751 Quod
402 705 544 743 deinde
586 705 765 751 adjunxit
788 717 796 742 ε
818 707 1103 751 Justificatz'ones
1139 711 1232 754 tuas,

202 780 278 805 vox
299 771 354 806 est
385 768 524 805 mentis
553 767 605 804 ad
636 767 788 804 bonum
826 768 1094 814 regredientis.
1133 770 1235 814 Quid

201 831 305 868 enim
323 830 560 878 Justificatio‚
580 830 654 867 nisi
682 830 734 866 ad
766 830 977 866 Dominum
1014 832 1234 878 regressio?

201 893 306 930 Unde
343 894 587 939 notandum,
614 893 725 941 quod
755 893 1054 939 justificationes
1091 895 1234 933 divinae

199 956 407 1002 perficiunt
446 957 621 994 animam
660 959 851 1004 quantum
892 957 944 993 ad
978 957 1231 1006 intellectum,

198 1017 395 1061 affectum,
432 1021 468 1055 et
505 1018 711 1055 effectum:
755 1018 1039 1062 illuminando,
1082 1020 1234 1057 inflam-

198 1079 362 1126 mando,
382 1080 595 1118 firmando.
631 1083 680 1116 De
712 1081 842 1128 primo
881 1091 950 1127 per
989 1082 1234 1119 psalmistam

199 1141 339 1180 dicitur
355 1141 370 1163 ²
390 1154 399 1179 ε
423 1156 440 1178 «
459 1144 613 1180 Faciem
626 1146 734 1180 tuam
754 1143 933 1180 illumina
944 1155 1063 1192 super
1075 1155 1233 1182 servum

197 1209 320 1252 tuum,
343 1209 380 1244 et
394 1206 492 1244 doce
508 1217 571 1243 me
592 1206 886 1254 iustificationes
906 1210 1004 1244 tuas.
1029 1221 1045 1241 »
1065 1211 1161 1245 Ecce
1181 1209 1230 1245 il—

195 1265 401 1303 luminatio
421 1266 654 1304 intellectus.
679 1270 728 1303 lle
748 1267 923 1304 secundo
951 1278 1023 1315 per
1056 1269 1232 1315 Prophe--

197 1332 276 1366 tam
293 1328 424 1377 psallit
443 1330 480 1365 ³:
510 1342 528 1363 «
550 1329 784 1376 concupivit
815 1329 947 1366 anima
968 1340 1057 1366 mea
1079 1330 1233 1367 deside-

195 1401 282 1428 rare
298 1391 595 1438 Justificationes
616 1395 702 1428 tuas
729 1404 737 1428 :
759 1403 873 1429 »ecce
899 1392 1161 1429 inflammatio
1180 1392 1232 1430 af-

195 1452 330 1496 fectus.
352 1455 403 1491 De
424 1454 537 1491 tertio
554 1454 730 1491 similiter
746 1454 930 1492 scribitur
949 1456 962 1477 ⁸
980 1467 988 1491 ε
1007 1468 1025 1489 «
1043 1456 1231 1493 Inclinavi

196 1525 264 1551 cor
281 1525 415 1552 meum
449 1516 500 1552 ad
520 1515 720 1553 faciendas
753 1516 1050 1564 justificationes
1069 1521 1154 1555 tuas
1177 1530 1184 1555 :
1209 1532 1226 1553 »

195 1589 284 1616 ecce
303 1578 474 1616 firmatio
495 1579 666 1616 efiectus.

625 1687 799 1730 Epilogus.

240 1772 294 1807 Ex
312 1768 372 1806 his
393 1768 602 1806 subrutilat
622 1779 734 1806 mens
762 1769 963 1817 Prophetae
995 1769 1229 1807 insinuantis

196 1832 440 1870 curationem
474 1831 680 1878 gressivae;
711 1831 765 1868 ait
796 1832 902 1868 enim
934 1834 1085 1869 :Bonus
1111 1838 1225 1879 estu,

196 1906 243 1932 ex
274 1898 384 1943 parte
419 1894 560 1931 mentis
596 1894 750 1930 bonum
786 1894 1074 1941 aggredientis;
1106 1896 1155 1932 Et
1188 1898 1228 1932 in

193 1958 352 1993 bonitate
383 1961 471 2002 tua,
505 1966 549 1992 ex
578 1959 682 2002 parte
714 1956 836 2004 ipsius
868 1957 1008 1994 mentis
1043 1958 1083 1994 in
1114 1958 1225 1996 bono

192 2019 505 2068 progredientis;
529 2021 618 2055 Doce
634 2030 707 2065 me,
729 2030 775 2056 ex
795 2022 903 2067 parte
921 2020 1098 2066 ejusdem
1117 2032 1227 2058 men-

193 2081 240 2118 tis
272 2092 363 2118 cum
394 2082 503 2118 bono
536 2081 750 2128 gradientis
761 2094 772 2128 3
804 2084 1089 2128 Justz'ftcatz'ones
1117 2088 1224 2130 tuas,

195 2154 244 2181 ex
262 2147 372 2192 parte
401 2155 503 2192 serpe
532 2143 645 2181 dietae
672 2144 813 2181 mentis
842 2145 893 2182 ad
923 2145 1075 2183 bonum
1093 2156 1225 2193 regre-

188 2205 340 2244 dientis.

563 2306 689 2335 VERSIC
695 2306 782 2335 t'Lus
806 2307 843 2333 V.

233 2397 293 2432 69.
312 2396 564 2441 Multiplicata
577 2400 748 2441 estsuper
766 2407 834 2440 me,
849 2398 920 2432 etc.
942 2396 1090 2434 Animae
1110 2408 1222 2435 eura-

193 2459 341 2496 tionem
369 2458 643 2505 quaternarius
670 2458 905 2495 antecedens
934 2459 1116 2506 exposuit
1125 2472 1134 2505 ;
1159 2470 1222 2496 cu-

190 2524 283 2560 ratae
303 2521 643 2559 conservationem
672 2521 944 2568 quaternarius
963 2532 1136 2569 praesens
1160 2533 1220 2559 cx-

190 2583 315 2632 ponit.
334 2584 649 2622 conservationis
664 2586 797 2620 autem
816 2583 924 2620 istius
945 2586 1114 2631 quatuor
1130 2587 1219 2620 sunt

190 2647 351 2694 indicia,
376 2647 542 2684 totidem
563 2647 744 2684 versibus
761 2647 970 2684 subnotata
990 2658 997 2683 :
1018 2647 1214 2693 videlicet,

184 2710 409 2747 tentationis
439 2710 670 2755 resistentia,
690 2710 910 2747 tentationis
930 2709 1105 2756 victoria,
1126 2720 1217 2757 pec-

186 2775 366 2810 catorum
385 2772 632 2820 displicentia
645 2800 655 2818 ,
678 2775 714 2809 et
745 2772 1025 2809 mandatorum
1042 2772 1218 2820 compla-

185 2836 324 2874 centia.
359 2835 510 2872 Primus
541 2845 676 2872 versus
694 2835 918 2873 tentationis
959 2835 1217 2872 resistentiam

184 2888 351 2944 indicat,
391 2898 581 2946 quoniam
621 2898 835 2935 exercitum
870 2898 1051 2935 vanitatis
1079 2901 1216 2935 contra

183 2961 363 3008 spiritum
381 2959 610 2997 humilitatis
630 2960 884 2997 demonstrat.
914 2960 1075 2997 Attendc
1106 2971 1215 2997 exer-

185 3022 304 3059 citum
340 3021 614 3068 obsidentem;
643 3022 858 3059 vanitatem
895 3022 1080 3059 dentibus
1125 3023 1213 3059 stri-

184 3084 366 3130 dentem3
400 3083 580 3132 spiritum
613 3083 888 3132 praesidentem
904 3096 915 3130 ;
954 3084 1214 3122 humilitatem

184 3145 225 3182 in
252 3145 417 3184 Domino
440 3146 718 3183 confidentem.

514 3251 702 3287 Articulus
724 3252 880 3298 primus.

230 3333 306 3371 Nisi
327 3333 432 3371 enim
461 3333 651 3372 exercitus
673 3344 846 3382 nequam
871 3333 1040 3370 exterius
1058 3334 1216 3372 obside-

182 3397 257 3439 ret,
274 3405 531 3444 nequaquam
549 3396 742 3444 Propheta
761 3395 906 3433 diceret
928 3407 937 3431 ε
958 3395 1216 3443 Multiplicata

228 3479 234 3495 ¹
253 3477 342 3510 Psat.
364 3486 469 3520 extu,
491 3481 540 3511 ιο.
561 3496 596 3502 -
615 3479 629 3500 2
647 3478 737 3510 psal.
759 3479 837 3519 1100,
861 3481 930 3510 135.
951 3495 990 3500 —
1010 3478 1024 3499 ³
1043 3478 1139 3520 ibid„
1160 3482 1213 3512 20.

183 3540 224 3548 -
242 3523 371 3568 ⁶1bid.‚
390 3528 459 3560 112.
480 3543 519 3550 —
538 3528 552 3550 ³
568 3526 663 3568 Joel„
679 3534 729 3568 ιιι,
752 3529 801 3568 13,
827 3529 874 3560 ¹4.
894 3544 932 3551 —
947 3527 960 3549 ⁰
974 3527 1064 3560 Psal.
1080 3535 1135 3570 cv,
1156 3530 1207 3562 29.

2265 257 2343 295 407

1309 333 1360 366 est
1379 341 1486 376 super·
1506 343 1581 374 me;
1605 335 1716 380 quasi
1747 337 1851 375 dieat
1874 350 1882 375 :
1907 341 2013 377 Multi
2042 341 2251 389 insurgunt
2268 343 2341 380 ad-

1310 404 1466 431 versum
1499 406 1574 431 me.
1610 397 1681 432 Sed
1700 400 1885 446 qualiter
1916 403 2175 451 multiplicata
2196 406 2215 442 ‘2
2245 407 2343 444 Nota

1309 455 1494 502 breviter,
1515 458 1610 505 quia
1626 460 1829 507 tripliciter
1847 475 1856 500 ε
1880 465 2139 513 multiplicata
2158 467 2318 506 inferius
2330 483 2341 515 ;

1309 518 1569 566 multiplicata
1615 523 1796 569 superius
1817 537 1828 571 ;
1861 526 2121 574 multiplicata
2158 530 2340 568 exterius.

1309 580 1479 624 Qualiter
1499 582 1690 621 inferius?
1710 587 1908 631 Quantum
1934 589 1986 625 ad
2016 590 2232 629 multorum
2260 603 2343 630 me-

1308 640 1426 678 ritum
1456 645 1756 692 suppliciorum.
1790 649 1961 694 Qualiter
1981 651 2189 698 superius?
2215 654 2344 698 Quan-

1308 706 1392 741 tum
1407 704 1457 741 ad
1476 706 1692 746 multorum
1708 710 1944 750 demeritum
1958 714 2226 762 praemiorum.
2243 717 2343 760 Qua-

1307 765 1393 804 liter
1425 769 1622 805 exterius?
1648 772 1844 815 Quantum
1871 775 1924 811 ad
1943 775 2160 814 multorum
2180 777 2345 815 scanda—

1308 827 1391 865 lum
1422 831 1712 877 proximorum.
1750 837 1799 871 Dc
1831 837 1960 883 primo
1982 839 1995 860 ⁵
2023 850 2032 875 :
2057 851 2075 873 «
2095 838 2345 887 Multiplicata

1308 893 1364 928 est
1381 893 1532 931 malitia
1559 904 1698 932 eorum
1713 924 1724 941 ,
1746 910 1764 931 a>
1787 898 1954 945 scilicet,
1977 903 2170 948 quantum
2191 901 2243 939 ad
2262 913 2345 940 me-

1307 954 1424 991 ritum
1445 956 1745 1003 suppliciorum.
1770 958 1876 997 Unde
1899 961 2076 1009 sequitur
2097 975 2106 999 :
2130 964 2226 1007 Quia
2239 965 2344 1010 justa

1308 1021 1359 1054 esc
1380 1018 1456 1054 (lies
1479 1020 1624 1056 Domini
1643 1022 1681 1056 in
1709 1023 1801 1058 valle
1820 1025 2046 1061 concisionis.
2083 1027 2134 1062 De
2159 1021 2342 1064 'secundo

1307 1078 1489 1116 scribitur
1522 1082 1564 1117 ⁶:
1600 1095 1617 1117 «
1648 1083 1899 1131 Multiplicata
1937 1088 1993 1123 est
2027 1087 2068 1123 in
2089 1087 2144 1124 eis
2162 1089 2340 1135 ruina,»

1307 1140 1451 1178 scilicet
1481 1146 1674 1190 quantum
1706 1146 1758 1182 ad
1797 1148 2032 1186 demeritum
2069 1151 2342 1198 praemiorum.

1308 1205 1358 1240 De
1379 1204 1488 1241 tertio
1504 1206 1518 1228 ⁷
1541 1218 1549 1242 :
1577 1219 1594 1240 «
1614 1208 1862 1256 multiplicata
1881 1214 1970 1248 sunt
1988 1212 2095 1250 mala
2117 1213 2158 1250 in
2179 1216 2300 1261 terra,
2322 1228 2340 1249 »

1307 1265 1452 1304 scilicet
1471 1271 1664 1315 quantum
1685 1271 1736 1307 ad
1754 1273 1943 1311 scandala
1963 1274 2243 1322 plurimorum.

1626 1377 1816 1414 Arete-ulus
1841 1379 2025 1416 secundus.

1353 1456 1429 1491 Nisi
1459 1457 1576 1495 etiam
1613 1459 1765 1497 vanitas
1797 1461 1980 1500 dentibus
2010 1463 2209 1512 strideret,
2239 1468 2344 1505 Psal-

1305 1517 1419 1555 mista
1443 1529 1523 1556 non
1545 1520 1709 1558 adderet
1729 1534 1737 1558 :
1760 1525 1944 1570 Inz'quz‘tas
1976 1528 2221 1574 superborum.
2251 1530 2343 1574 Quae

1305 1582 1361 1616 est
1395 1581 1500 1618 enim
1529 1582 1715 1630 iniquitas
1747 1586 2031 1634 superborum,
2061 1589 2134 1625 nisi
2165 1590 2342 1638 vanitas,

1305 1651 1394 1689 quae
1422 1646 1558 1681 contra
1585 1645 1676 1681 illos
1704 1647 1889 1684 dentibus
1921 1649 2081 1696 stridet,
2107 1662 2209 1699 quos
2241 1652 2343 1691 deri-

1308 1703 1401 1740 det?
1423 1706 1464 1740 Et
1483 1709 1596 1753 nota,
1627 1709 1739 1755 quod
1769 1709 1954 1758 iniquitas
1979 1712 2068 1749 talis
2088 1718 2344 1762 comparatur

1304 1765 1342 1802 in
1375 1767 1582 1815 Scripturis
1615 1769 1717 1808 solio
1749 1771 1982 1820 dedecoris,
2007 1775 2105 1822 jugo
2132 1776 2341 1826 facinoris,

1305 1828 1422 1876 virgae
1452 1829 1596 1868 furoris
1619 1845 1626 1868 :
1649 1833 1779 1880 primo
1806 1835 1954 1883 quippe
1969 1865 1980 1883 ,
2010 1841 2173 1886 propter
2197 1839 2343 1888 prinoi-

1302 1894 1438 1938 patum
1471 1895 1823 1942 concupiscentiae;
1856 1899 2058 1946 secundo,
2088 1904 2250 1950 propter
2281 1902 2340 1940 fa-

1301 1953 1495 1991 mulatum
1525 1955 1816 2005 intelligentiae;
1839 1961 1976 2008 tertio,
1997 1965 2156 2011 propter
2189 1965 2340 2002 crucia-

1301 2018 1384 2052 tum
1417 2018 1674 2056 eonscientiae.
1704 2023 1754 2058 De
1776 2021 1905 2069 primo
1925 2024 1938 2046 ⁸
1960 2035 1969 2060 ε
1997 2037 2014 2059 «
2041 2027 2216 2073 Separati
2249 2028 2338 2065 estis

1300 2080 1341 2117 in
1374 2082 1479 2120 diem
1513 2085 1682 2132 malum,
1707 2089 1743 2124 et
1772 2089 2099 2138 appropinquatis
2128 2091 2229 2130 solio
2261 2093 2337 2130 ini-

1300 2145 1457 2191 quitatis
1489 2158 1497 2183 :
1532 2160 1548 2180 n
1584 2159 1672 2186 ecce
1709 2150 1854 2188 solium
1892 2152 2114 2191 dedecoris.
2152 2157 2336 2202 Magnum

1300 2207 1406 2244 enirn
1426 2207 1598 2247 dedecus
1619 2214 1695 2258 est,
1717 2213 1828 2260 quod
1855 2215 2173 2263 concupiscentia
2192 2218 2335 2255 rationi

1297 2274 1450 2318 praeest.
1486 2274 1537 2311 De
1570 2275 1745 2314 secundo
1765 2278 1808 2314 ⁹:
1836 2291 1853 2311 «
1879 2278 2060 2326 Vigilavit
2084 2280 2227 2328 J'ugum
2263 2281 2335 2319 ini-

1299 2333 1495 2380 quitatum
1513 2346 1693 2375 mearum
1712 2339 1753 2376 in
1772 2350 1893 2378 manu
1913 2341 1998 2388 ejus
2016 2354 2024 2379 :
2047 2355 2066 2377 »
2083 2353 2172 2379 ecce
2189 2343 2335 2391 jugum

1295 2394 1482 2434 facinoris
1492 2410 1503 2444 ;
1534 2409 1726 2446 magnum
1759 2402 1907 2450 quippe
1940 2404 2093 2442 facinus
2120 2408 2202 2452 est,
2223 2407 2335 2454 quod

1295 2461 1395 2497 ratio
1417 2463 1743 2510 concupiscentiae
1762 2466 1906 2504 subest.
1935 2467 1985 2504 De
2011 2468 2123 2505 tertio
2145 2470 2174 2492 ¹⁰
2195 2481 2203 2506 :
2222 2482 2240 2503 (ι
2259 2470 2334 2508 lni-

1297 2521 1424 2569 quitas
1462 2524 1628 2561 surrexit
1665 2526 1705 2563 in
1743 2527 1897 2574 virgam
1929 2529 2167 2577 impietatis:
2189 2545 2207 2564 »
2243 2542 2331 2570 ecce

1296 2583 1406 2630 virga
1447 2584 1613 2632 furoris,
1635 2589 1730 2635 quia
1749 2589 1866 2627 valde
1895 2589 2010 2638 furit,
2035 2592 2103 2640 qui
2130 2592 2332 2631 conscien-

1295 2646 1391 2683 tiam
1410 2657 1523 2685 suam
1539 2649 1629 2686 urit.

1633 2756 1821 2792 Articulus
1843 2759 1985 2794 tertius.

1340 2836 1416 2874 Nisi
1437 2847 1529 2875 vcro
1550 2838 1707 2886 spiritus
1726 2840 1972 2887 praesideret,
1990 2841 2190 2891 Scriptura
2215 2844 2327 2883 mini·

1291 2909 1355 2936 me
1375 2899 1561 2937 subderet
1579 2912 1587 2938 :
1605 2903 1680 2948 1390
1702 2905 1820 2940 autem
1839 2905 1878 2940 in
1911 2907 1980 2941 toto
2011 2906 2114 2942 corde
2140 2917 2214 2943 meo
2230 2917 2244 2944 :
2264 2907 2326 2944 cui

1291 2961 1438 2999 scilicet
1454 2963 1667 3010 praesideo,
1688 2967 1879 3013 tanquam
1904 2966 2097 3014 spirituali
2126 2968 2323 3017 praesidio.

1291 3025 1333 3060 Et
1353 3026 1465 3068 nota,
1487 3025 1597 3072 quod
1615 3027 1819 3073 praefatum
1840 3028 2070 3076 praesidium
2095 3029 2213 3068 debet
2242 3041 2324 3068 esse

1291 3086 1487 3124 munitum
1508 3087 1676 3126 totaliter
1691 3118 1701 3136 ,
1736 3089 1779 3126 id
1810 3091 1866 3128 est
1890 3089 2093 3139 tripliciter
2111 3105 2123 3130 ε
2143 3092 2326 3131 videlicet

1291 3151 1484 3196 quantum
1512 3150 1565 3187 ad
1595 3150 1799 3190 introitum
1818 3179 1830 3197 ,
1863 3152 2062 3200 medium,
2095 3155 2133 3192 et
2162 3154 2323 3192 exitum.

1290 3211 1472 3248 introitus
1489 3212 1656 3260 pertinet
1675 3213 1727 3251 ad
1747 3215 1964 3261 potentiam
1980 3215 2323 3264 apprehensivam‚

1291 3283 1360 3311 seu
1387 3274 1650 3322 receptivam3
1672 3275 1874 3324 medium,
1910 3276 1963 3315 ad
1997 3278 2322 3326 memoradum,

1291 3345 1361 3372 seu
1396 3336 1628 3373 retentivam
1644 3348 1655 3383 3
1686 3337 1810 3375 exitus
1830 3365 1843 3383 ,
1877 3338 1929 3375 ad
1961 3337 2324 3388 interpretativam,

1291 3408 1360 3434 seu
1386 3398 1741 3447 pronuntiativam.
1765 3401 1814 3436 De
1832 3399 1961 3446 primo
1983 3399 2010 3422 ¹¹
2031 3413 2040 3437 ε
2066 3415 2084 3435 «
2103 3402 2141 3439 Si
2155 3402 2325 3442 intrave-

1294 3499 1329 3504 -
1349 3483 1362 3505 ⁷
1388 3485 1396 3514 t
1418 3482 1541 3522 Maeli.¹
1564 3491 1595 3523 1,
1620 3486 1667 3515 10.
1686 3500 1728 3506 —
1747 3484 1758 3501 ⁸
1776 3483 1891 3521 Amos.
1917 3491 1969 3526 vt,
1991 3486 2022 3517 3.
2041 3502 2083 3510 —
2107 3488 2119 3506 ⁹
2145 3486 2273 3529 Tmen„
2296 3496 2320 3531 ι,

1297 3532 1343 3563 Μ.
1364 3546 1402 3554 -
1425 3530 1450 3552 ¹·
1470 3530 1598 3570 Ezech„
1620 3537 1680 3571 vu,
1705 3533 1754 3563 Η.
1770 3547 1810 3554 -
1830 3530 1979 3572 ¹¹Prov.,
1999 3539 2038 3574 11,
2061 3535 2110 3569 10.
