2633 3878
85 2160 211 2191 operan-

90 2200 118 2225 di
127 2207 190 2225 mo-

71 2240 125 2265 dus
143 2248 211 2273 qua-

71 2280 204 2316 druplex.

99 2657 212 2685 Levatio

74 2707 212 2726 manuum

241 248 316 286 352

244 348 260 365 «
282 333 503 371 Mandatum
526 343 676 370 novum
697 334 749 370 do
780 335 914 380 vobis,
935 339 977 372 ut
1004 336 1175 383 diligatis
1207 337 1264 372 iu-

238 396 362 431 vicem
394 408 401 428 :
432 410 448 428 »
482 405 569 431 ecce
606 395 762 432 dilectio
784 425 795 442 ‚
828 408 915 444 (11110
954 398 1176 435 mandatur.
1214 401 1263 435 lle

237 457 442 494 secundo¹
470 469 478 493 ε
511 472 527 491 α
559 458 594 494 Si
628 458 787 505 diligitis
820 471 882 496 me
906 487 916 505 ,
952 461 1138 497 mandata
1176 472 1264 498 mea

235 523 385 555 servate
407 531 415 555 :
438 533 455 552 ι)
479 530 565 556 ecce
587 520 766 567 dilectio,
787 532 858 568 per
887 533 1006 569 quam
1039 523 1262 562 mandatur.

236 582 286 616 De
308 581 417 618 tertio
437 580 449 600 ²
472 594 479 617 :
505 596 521 615 (ι
539 582 609 626 Qui
629 583 746 619 habet
776 583 962 620 mandata
992 595 1100 630 mea,
1123 588 1160 621 et
1179 596 1261 622 ser-

235 646 298 678 vat
320 653 383 687 ea,
405 642 471 680 ille
491 646 565 689 est,
588 644 654 691 qui
686 644 813 691 diligit
840 656 901 681 me
925 657 933 681 :
957 645 1025 692 qui
1052 650 1182 683 autem
1202 648 1262 683 111-

233 704 316 749 ligit
336 715 420 750 mc,
444 705 627 751 diligetur
644 716 666 741 a
682 709 792 753 patre
813 717 923 752 meo,
945 709 982 743 ct
1003 718 1076 753 ego
1097 708 1262 756 diligam

234 776 343 810 eum,
370 770 405 802 et
424 767 682 804 manifestabo
714 767 768 803 illi
799 768 992 816 meipsum
1017 783 1023 805 :
1048 784 1064 802 n
1091 781 1176 807 ecce
1205 772 1263 808 di-

234 829 369 873 lectio,
393 832 551 877 propter
571 839 690 876 quam
710 830 932 868 mandatur.

664 937 835 979 Epilogus.

281 1018 383 1052 Patet
402 1016 532 1063 itaque
554 1027 664 1053 mens
682 1017 902 1065 Prophetae;
928 1018 1038 1065 quod
1058 1018 1162 1055 enim
1182 1020 1234 1056 ait
1253 1032 1261 1055 z

234 1080 282 1114 Et
302 1079 504 1114 meditabar
519 1107 529 1124 ,
550 1090 628 1116 vox
656 1082 710 1115 est
730 1080 868 1116 mentis
900 1080 1074 1117 invenire
1103 1082 1263 1129 cupien-

234 1141 300 1186 tis,
320 1141 519 1188 pertinens
539 1140 588 1176 ad
610 1141 783 1188 primum
811 1144 961 1188 actum,
983 1142 1128 1179 scilicet
1147 1154 1263 1191 appe·

234 1203 344 1239 titum
361 1216 371 1248 3
395 1202 505 1250 quod
527 1202 661 1238 addit:
685 1204 729 1238 In
748 1204 954 1249 mandatis,
969 1208 1024 1241 est
1040 1216 1118 1242 vox
1141 1205 1263 1253 ipsius

233 1265 372 1300 mentis
406 1264 615 1312 imperium
654 1264 906 1310 ingredientis
923 1295 935 1312 ,
977 1268 1174 1314 pertinens
1211 1269 1262 1304 ad

232 1326 471 1372 secundum,
501 1326 646 1362 scilicet
676 1326 912 1374 introitum3
949 1328 1059 1376 quod
1091 1329 1225 1366 subdit
1251 1343 1258 1365 :

235 1391 342 1435 Tuis,
363 1400 443 1426 vox
462 1393 516 1426 cst
537 1389 658 1437 ipsius
684 1390 821 1426 mentis
842 1390 1121 1439 imperatorem
1150 1393 1261 1429 inve—

230 1452 387 1493 vientis,
410 1451 608 1499 pertinens
626 1451 677 1488 ad
697 1453 873 1499 tertium,
891 1454 1036 1491 scilicet
1055 1454 1259 1501 intuitum3

231 1514 341 1561 quod
374 1513 603 1561 superaddit
630 1526 638 1550 :
674 1515 758 1557 Quae
790 1515 928 1561 dilexi,
950 1527 1028 1552 vox
1060 1520 1115 1553 est
1142 1517 1262 1564 ipsius

231 1577 370 1612 mentis
401 1576 550 1612 donum
584 1576 777 1623 optimum
809 1577 1038 1624 obtinentis,
1065 1579 1263 1626 pertinens

231 1638 282 1674 ad
302 1641 504 1686 quartum,
527 1639 671 1676 scilicet
690 1638 742 1675 ad
762 1639 980 1677 obtentum.

581 1787 799 1815 VERSICL'LUS
834 1789 909 1815 XVI.

279 1893 335 1927 48.
355 1891 399 1926 Et
417 1891 530 1926 let-ciri
544 1901 669 1926 marius
689 1901 797 1935 meas,
810 1893 880 1926 etc.
895 1893 995 1928 Inter
1005 1891 1066 1927 bis
1081 1891 1176 1929 bina
1195 1892 1261 1929 be—

230 1953 371 1989 neficia
409 1952 459 1988 ad
508 1963 684 1988 amorem
732 1953 910 1988 divinum
956 1955 1232 2000 promoventia
1251 1983 1260 2001 ,

232 2025 348 2051 onere
389 2014 584 2062 primum,
616 2014 685 2050 sed
721 2014 872 2051 honore
908 2015 1167 2052 novissimum
1206 2019 1262 2053 est

230 2076 425 2113 manualis
446 2076 639 2121 efficacia,
662 2087 784 2124 quam
815 2077 1000 2114 describit
1020 2089 1158 2115 versus
1190 2079 1260 2116 iste

231 2138 551 2187 quadrupliciter,
573 2138 850 2185 distinguendo
878 2139 1045 2176 modum
1068 2142 1260 2189 operandi

232 2201 549 2250 quadriformiter
576 2214 586 2247 3
626 2204 721 2248 puta
756 2203 933 2248 patenter
954 2232 965 2245 ,
1005 2203 1261 2250 obedienter,

229 2265 442 2310 ferventer,
477 2268 592 2311 atque
626 2263 879 2311 frequenter:
909 2276 1081 2312 quorum
1110 2267 1261 2314 primus

231 2327 401 2363 excludit
421 2326 602 2362 timorem
618 2339 628 2369 ;
645 2326 860 2372 sccundus,
883 2330 1095 2374 tumorem;
1116 2329 1259 2376 tertius,

231 2394 408 2439 teporem
417 2403 428 2436 ;
452 2390 521 2428 sed
541 2392 720 2438 quartus,
743 2394 956 2438 torporem.

562 2495 748 2530 Articulus
775 2497 928 2540 primus.

280 2582 453 2618 Primum
473 2580 665 2628 operandi
685 2580 851 2617 modum
869 2579 1124 2627 intelligimus
1138 2608 1150 2627 ,
1171 2591 1261 2617 cum

232 2643 398 2690 legimus
420 2656 428 2679 ε
455 2645 498 2679 Et
520 2645 634 2679 let-avi
652 2653 778 2678 manus
807 2653 901 2679 meas
922 2654 934 2678 .·
954 2642 1097 2679 levatio
1118 2653 1261 2690 nempe

232 2717 422 2744 manuum
454 2710 508 2742 est
539 2708 668 2742 motus
695 2705 864 2742 exterior
884 2732 896 2750 ,
922 2715 992 2752 per
1024 2715 1142 2752 quem
1177 2716 1261 2742 ma-

234 2769 435 2805 nifestatur
470 2770 601 2805 motus
638 2767 798 2803 interior
823 2767 947 2803 :sicut
975 2767 1080 2803 enim
1110 2767 1262 2804 levatur

234 2843 372 2868 manus
392 2859 403 2876 ‚
442 2831 495 2867 sic
526 2831 677 2867 levatur
709 2831 876 2867 1101111115.
918 2833 960 2867 Et
992 2834 1086 2868 nota
1107 2859 1117 2877 ,
1152 2832 1262 2879 quod

233 2894 377 2930 levatio
407 2893 574 2929 exterior
607 2892 828 2929 manifestat
858 2892 1112 2938 interiorem,
1139 2904 1263 2940 quan-

235 2959 315 2992 tum
337 2955 388 2991 ad
419 2955 619 2999 timorem,
642 2954 848 3001 dolorem,
871 2965 1060 2992 amorem.
1090 2954 1262 2991 Primum

234 3020 339 3066 patet
358 3017 475 3064 pulsu
503 3016 748 3063 tentationis;
778 3018 996 3054 secundum
1030 3018 1069 3053 in
1102 3018 1262 3065 planetu

236 3079 501 3124 contritionis;
531 3078 686 3114 tertium
715 3078 755 3114 in
782 3079 924 3125 plausu
956 3079 1189 3116 devotionis.
1214 3081 1263 3116 De

234 3143 363 3190 primo
385 3143 398 3163 ³
419 3153 428 3177 ε
453 3155 470 3174 «
488 3142 583 3178 Cum
603 3141 750 3178 levaret
774 3143 926 3188 Moyses
945 3151 1085 3178 manus
1099 3170 1110 3187 ‚
1132 3141 1262 3178 vince-

235 3204 302 3241 bat
321 3203 437 3241 Israel
460 3216 467 3239 :
491 3204 519 3239 si
542 3207 673 3239 autem
700 3202 906 3250 paululum
937 3203 1171 3247 remisisset,
1202 3214 1264 3239 su-

235 3266 399 3314 perabat
441 3265 640 3303 Amalech.
677 3278 694 3299 1)
732 3265 797 3301 Hic
831 3268 981 3312 Moyses
1019 3264 1264 3312 exprimebat

237 3328 425 3374 exterius,
460 3330 652 3375 quantum
684 3327 847 3364 timebat
878 3326 1065 3372 interius,
1091 3326 1262 3363 levando

237 3400 376 3426 manus
413 3390 622 3435 intensius,
656 3388 720 3425 vel
750 3388 977 3435 remissius,
1011 3388 1108 3425 sicut
1137 3388 1265 3435 quivis

255 3497 262 3504 .
282 3474 293 3495 ¹
313 3474 418 3512 Joan„
444 3482 519 3514 11111,
546 3476 598 3506 15.
622 3491 661 3496 —
687 3473 697 3492 ²
725 3473 822 3514 thid„
848 3475 900 3506 21.
929 3491 964 3495 -
994 3473 1005 3491 ³
1030 3471 1151 3512 Exod„
1178 3480 1263 3513 xvii,

243 3525 291 3554 11.
311 3538 350 3544 —
378 3522 387 3539 ⁴
416 3521 541 3559 Threm,
572 3529 629 3561 111,
657 3522 714 3561 41,
742 3522 793 3552 42.
815 3538 855 3544 —
881 3522 894 3542 ⁵
920 3519 1007 3552 psal.
1039 3527 1135 3560 Lxu,
1165 3521 1198 3551 ὖ.
1224 3537 1265 3544 -

937 246 1211 289 EXPtlSlTlO
1242 247 1294 290 IN
1324 249 1673 293 PSALTERIUM.

1340 338 1444 377 alius
1472 341 1512 377 in
1554 341 1729 388 periculo
1762 341 2004 378 constitutus.
2040 344 2154 386 Quod
2185 346 2367 383 manibus

1339 400 1493 448 levatis,
1517 413 1597 439 non
1615 402 1807 447 remissis,
1822 394 2012 440 *Amalech
2032 405 2270 452 vinceretur,
2291 409 2367 455 sig-

1339 463 1501 510 nificat,
1535 465 1645 512 quod
1683 465 1813 502 cordis
1846 465 2007 502 intentio
2030 494 2040 512 ,
2073 477 2154 504 non
2189 469 2390 508 remissio-

1339 528 1545 565 victoriam
1574 529 1797 566 tentationis
1830 533 2012 566 meretur.
2048 531 2097 566 De
2130 531 2303 568 secundo
2323 532 2365 569 ¹⁰:

1343 604 1360 624 (ι
1382 592 1569 627 Levemus
1589 590 1710 627 corda
1732 594 1865 627 nostra
1894 602 1984 627 01101
2010 591 2194 628 manibus
2224 592 2275 629 ad
2295 594 2367 630 Do-

1339 652 1492 688 minum
1524 653 1564 687 in
1602 652 1735 688 coetos.
1775 654 1850 688 Nos
1887 652 2022 700 inique
2060 653 2231 701 egimus,
2254 657 2291 692 et
2315 655 2367 691 ad

1338 714 1584 750 iracundiam
1613 714 1949 760 provocavimus3
1990 715 2081 752 ideo
2115 715 2368 753 inexorabilis

1339 786 1392 811 05.
1426 788 1442 808 »
1471 776 1536 811 Hic
1567 778 1672 822 patet
1701 775 1843 812 levatio
1865 778 1943 812 tam
1975 776 2183 814 intrinseca
2202 807 2213 823 ,
2246 789 2366 826 quam

1339 837 1571 882 extrinseca,
1593 847 1641 873 cx
1673 836 1822 874 doloris
1853 837 2128 885 poenitentialis
2160 839 2368 877 vehemen-

1338 898 1403 934 tia.
1439 900 1489 935 De
1523 899 1633 936 tertio
1660 899 1672 920 ⁵
1705 911 1714 935 :
1741 914 1757 933 «
1787 899 1847 936 Sic
1884 900 2117 937 benedicam
2148 903 2184 938 te
2213 901 2254 937 in
2288 902 2368 939 vita

1338 971 1425 996 mea
1439 989 1450 1006 ,
1473 962 1509 997 et
1529 961 1569 997 in
1589 961 1749 998 nomine
1770 964 1837 998 tuo
1857 961 2001 998 levabo
2033 974 2171 1000 manus
2200 974 2322 1002 meas.
2344 980 2361 999 »

1337 1023 1409 1059 lsta
1431 1022 1575 1060 levatio
1608 1023 1774 1071 pertinet
1808 1024 1860 1060 ad
1890 1024 2074 1071 plausum
2105 1026 2365 1073 exteriorem,

1337 1084 1590 1122 manifestans
1610 1088 1762 1123 motum
1782 1087 1928 1123 amoris
1947 1087 2188 1125 interiorem.

1645 1192 1836 1227 Articulus
1862 1192 2048 1229 secundus.

1385 1273 1608 1310 Secundum
1626 1275 1818 1322 operandi
1839 1275 2004 1312 modum
2025 1275 2257 1323 aspicimus,
2278 1287 2367 1314 cum

1337 1336 1545 1382 adjicimus
1567 1349 1575 1373 ε
1598 1338 1659 1372 Act
1680 1338 1853 1374 mandata
1885 1344 1958 1374 tua.
1992 1340 2141 1375 Revera
2171 1339 2367 1376 mandatis

1337 1398 1479 1434 divinis
1505 1399 1671 1436 debetur
1691 1399 1929 1436 obedientia.
1955 1401 2059 1436 Tunc
2085 1399 2202 1446 igitur
2224 1410 2366 1437 manus

1337 1461 1388 1497 ad
1409 1461 1595 1498 mandata
1614 1461 1805 1507 levamus,
1826 1473 1916 1498 curn
1935 1461 2102 1498 libenter
2121 1464 2157 1498 et
2177 1462 2363 1499 obedien-

1337 1526 1393 1561 ter
1411 1524 1481 1562 illa
1501 1535 1716 1562 servamus.
1738 1528 1781 1561 Et
1811 1528 1927 1571 nota,
1949 1525 2072 1572 'quod
2093 1525 2288 1562 mandatis
2307 1526 2365 1562 di-

1335 1586 1438 1623 vinis
1458 1587 1641 1624 convenit
1666 1587 1829 1623 obedire
1848 1587 2092 1634 voluntarie,
2127 1587 2364 1634 necessarie,

1337 1652 1453 1697 atque
1474 1650 1662 1697 plenarie.
1685 1651 1810 1694 Quare
1830 1650 2049 1686 voluntarie
2063 1652 2081 1686 ‘?
2109 1652 2270 1698 propter
2294 1650 2363 1687 be-

1335 1712 1570 1748 nedictionis
1603 1712 1920 1760 promissionem.
1958 1714 2083 1757 Quare
2116 1712 2365 1749 necessarie?

1335 1777 1495 1822 propter
1528 1774 1815 1811 maledictionis
1842 1774 2203 1811 comminationem.
2238 1777 2364 1819 Quare

1333 1837 1534 1884 plenarie?
1565 1826 1727 1885 propter
1756 1836 1962 1873 solutionis
1991 1837 2275 1874 confusionem.
2313 1839 2364 1874 De

1335 1899 1465 1946 primo
1486 1901 1498 1921 ⁶
1520 1911 1528 1936 :
1554 1912 1572 1933 «
1593 1899 1628 1936 Si
1650 1899 1821 1936 audieris
1849 1909 1989 1935 vocem
2020 1898 2173 1935 Domini
2193 1898 2259 1935 Dei
2284 1898 2365 1944 tui,

1334 1965 1377 1998 ut
1389 1961 1521 2008 facias,
1535 1964 1651 2008 atque
1665 1961 1862 1998 custodias
1874 1960 2007 1997 omnia
2026 1960 2214 1997 mandata
2226 1960 2327 2007 eJus;
2338 1973 2356 1995 ι)

1336 2026 1373 2060 01
1391 2023 1519 2060 infra:
1546 2037 1563 2056 «
1582 2023 1744 2060 Venient
1761 2033 1879 2070 super
1904 2025 1940 2059 te
1965 2022 2156 2059 universae
2178 2021 2364 2059 benedic-

1334 2086 1459 2123 tiones
1478 2086 1570 2132 istae,
1593 2099 1612 2120 »
1636 2088 1730 2122 etc.:
1753 2096 1841 2122 ecce
1862 2084 2108 2130 benedictio,
2130 2095 2251 2132 quam
2278 2095 2363 2121 me-

1333 2151 1439 2186 retur
1460 2148 1635 2185 mandati
1657 2147 1914 2185 conservatio.
1947 2149 1998 2184 De
2030 2146 2203 2184 secundo
2230 2146 2364 2183 subdi-

1334 2213 1422 2248 tur7
1447 2223 1455 2247 :
1482 2212 1553 2248 «Si
1573 2211 1710 2248 audire
1744 2211 1918 2248 nolueris
1953 2221 2094 2247 vocem
2119 2210 2273 2247 Domini
2298 2210 2364 2247 Dei

1334 2274 1411 2319 tui,
1423 2276 1465 2310 ut
1479 2274 1676 2310 custodias
1690 2276 1727 2309 et
1739 2273 1857 2310 facias
1873 2273 2006 2310 omnia
2019 2273 2206 2309 mandata
2220 2273 2303 2319 ejus
2317 2285 2328 2319 3
2341 2287 2357 2308 n

1335 2339 1371 2372 01
1390 2335 1490 2372 infra
1512 2347 1520 2372 :
1545 2335 1744 2372 «Venient
1771 2345 1888 2382 super
1907 2337 1941 2371 te
1963 2344 2099 2372 omnes
2120 2333 2363 2371 maledictio-

1333 2408 1403 2434 nes
1440 2398 1519 2434 istae
1544 2410 1552 2434 :
1573 2412 1591 2432 »
1619 2408 1708 2434 0000
1742 2396 1967 2433 maledictio
1986 2425 1997 2442 ,
2039 2407 2160 2444 quam
2193 2397 2364 2432 meretur

1333 2461 1509 2498 mandati
1547 2459 1723 2496 violatio.
1759 2460 1810 2495 De
1839 2458 1952 2495 tertio
1977 2456 1991 2478 ⁸
2023 2469 2031 2494 ς
2058 2470 2077 2492 a
2102 2457 2173 2502 Qui
2204 2457 2364 2494 solverit

1333 2534 1457 2560 unum
1485 2523 1534 2559 de
1565 2521 1761 2558 mandatis
1791 2520 1871 2557 istis
1898 2519 2094 2566 minimis,
2125 2522 2162 2556 et
2188 2519 2365 2556 docuerit

1334 2586 1388 2622 sie
1403 2585 1603 2631 homines,
1624 2584 1810 2620 minimus
1829 2583 2036 2620 vocabitur
2052 2583 2093 2619 in
2109 2592 2232 2629 regno
2246 2581 2363 2618 coelo-

1333 2659 1424 2684 rum
1446 2660 1454 2684 2
1476 2661 1493 2682 1)
1530 2658 1620 2684 0000
1654 2645 1860 2691 confusio,
1892 2656 2013 2693 quam
2046 2647 2217 2681 meretur
2247 2643 2363 2681 unius

1334 2709 1510 2747 mandati
1533 2709 1688 2746 50111110.

1675 2813 1864 2848 Articulus
1891 2812 2033 2848 tertius.

1381 2895 1549 2932 Tertium
1587 2894 1779 2943 operandi
1814 2894 1981 2931 modum
2026 2892 2238 2936 audimus,
2275 2902 2364 2928 cum

1336 2957 1550 2994 addimus:
1583 2957 1668 3000 Quoe
1701 2957 1815 2992 dilexi
1842 2967 1855 2992 .·
1892 2955 2003 3003 quod
2035 2954 2140 2991 enim
2168 2953 2365 2990 dilexione

1335 3019 1499 3056 facimus
1521 3047 1530 3063 ‚
1571 3019 1764 3055 ferventer
1811 3017 1977 3064 agimus.
2017 3019 2059 3053 Et
2094 3018 2188 3053 nota
2209 3043 2221 3062 ,
2256 3015 2365 3063 quod

1336 3083 1524 3119 mandata
1539 3082 1740 3118 dominica
1760 3081 1950 3117 debemus
1965 3079 2129 3127 diligere
2148 3077 2366 3126 specialiter
2386 3092 2524 3119 Manffia

1336 3144 1479 3192 triplici
1505 3145 1676 3190 ratione3
1707 3145 1845 3190 utputa
1871 3144 2032 3189 propter
2051 3140 2276 3178 mandantis
2294 3140 2364 3176 ho·
2386 3135 2526 3210 Dgeeingjji·

1336 3217 1475 3243 norem
1496 3234 1508 3252 ,
1542 3208 1704 3254 propter
1737 3204 1912 3241 mandati
1953 3204 2131 3240 valorem
2151 3231 2162 3249 ,
2206 3203 2367 3250 propter
2397 3217 2514 3251 propte.-

2396 3257 2461 3284 tria.

1337 3267 1468 3304 salarii
1496 3267 1675 3304 salutaris
1703 3276 1893 3303 amorem.
1937 3265 2065 3302 Prima
2092 3264 2187 3302 ratio
2211 3261 2366 3309 respicit

1337 3329 1513 3366 mandati
1549 3328 1743 3376 originem
1762 3341 1772 3374 ;
1814 3327 2015 3373 secunda,
2047 3324 2222 3362 mandati
2257 3323 2363 3359 ordi-

1336 3402 1428 3428 nem
1448 3404 1458 3438 ;
1485 3391 1620 3437 tertia,
1646 3389 1822 3427 mandati
1847 3389 2058 3425 terminum
2080 3415 2092 3434 ,
2127 3397 2195 3423 seu
2229 3384 2363 3422 finem.

1338 3475 1350 3493 ⁶
1379 3475 1489 3515 Dent„
1519 3481 1649 3515 xxvnt,
1679 3476 1716 3512 1,
1742 3475 1772 3504 2.
1802 3489 1842 3495 —
1874 3471 1885 3492 ⁷
1917 3471 2013 3511 ibid„
2041 3471 2089 3502 15.
2117 3487 2157 3493 -
2189 3470 2200 3487 ⁸
2228 3469 2363 3509 March„

1338 3527 1372 3560 v,
1391 3522 1443 3552 19.

2405 1535 2527 1562 Manda-

2387 1576 2423 1602 tis
2449 1576 2524 1603 divi-

2386 1617 2432 1644 nis
2450 1625 2524 1652 quo-

2413 1659 2499 1685 modo

2394 1700 2512 1727 obedire

2384 1743 2525 1776 oporteat.
