2633 3878
59 2389 179 2415 Vauitas

62 2429 178 2464 triplex.

226 263 304 303 58⁶).

224 351 452 390 vanitatem
473 349 553 389 sub
584 349 669 388 sole
691 362 699 387 z
724 358 836 388 nnus
856 349 934 397 est,
958 350 998 387 et
1015 345 1249 386 secundum

225 419 478 469 nonhabet,
500 423 540 459 et
572 422 714 459 tamen
747 418 938 459 laborare
972 428 1058 457 non
1085 418 1245 466 cessat,

224 502 300 530 nec
328 490 533 530 satiantur
562 489 671 530 oculi
705 490 797 541 ejus
827 488 998 529 divitiis.
1031 502 1050 524 n
1083 485 1248 526 Divitiae

223 562 334 602 enin]
372 564 468 602 sunt
495 561 550 602 dii
582 561 731 610 alieni,
763 561 813 601 de
845 560 999 613 quibus
1030 557 1210 598 dicitur*
1237 570 1246 597 ι

227 647 246 670 α
267 631 466 672 Servietis
482 632 560 671 diis
581 632 726 672 alienis
742 663 751 679 ‚
773 630 845 683 qui
867 641 951 669 non
978 628 1140 670 dabunt
1167 640 1243 668 vo·

222 702 285 741 bis
306 702 493 754 requiem
514 701 580 741 die
600 712 646 740 ac
668 704 800 740 nocte.
829 714 847 736 »
870 698 1041 739 Vanitas
1061 697 1244 738 luxuria*¹

221 772 355 813 reddit
387 772 604 812 hominem
638 770 918 823 compositum
943 801 954 820 ,
985 769 1086 822 quia
1114 769 1246 809 luxu—

222 842 322 883 riosi
341 854 383 882 se
403 842 587 882 exterius
606 843 920 882 consueverunt
937 851 1110 889 ornare3
1132 839 1245 879 unde

219 913 261 953 in
293 925 471 966 persona
503 924 651 953 eorum
683 912 867 952 dicitur¹
896 926 904 952 :
933 927 952 950 (ι
985 911 1245 952 Coronemus

218 995 295 1024 1105
320 984 424 1024 rosis
444 1015 455 1034 ‚
491 986 718 1036 antequam
755 984 1011 1022 marcescant
1034 995 1042 1022 :
1068 996 1086 1018 »
1105 983 1146 1020 et
1166 980 1245 1021 hoc

218 1054 390 1106 quidem
411 1054 594 1102 vanitas,
618 1054 717 1106 quia
737 1053 891 1094 dicitur
910 1053 924 1074 ³
945 1066 953 1093 :
985 1067 1003 1090 (1
1024 1051 1166 1092 Fallax
1184 1055 1245 1092 est

220 1125 377 1176 gratia,
392 1129 432 1164 et
449 1137 559 1164 vana
579 1128 639 1164 est
662 1123 977 1176 pulchritudo.»
999 1122 1095 1163 Ideo
1117 1134 1241 1172 vana,

217 1194 318 1246 quia
355 1194 493 1233 omnis
529 1193 665 1245 gloria
699 1197 738 1233 ct
770 1192 1042 1245 pulchritudo
1074 1193 1240 1243 carnis,

221 1267 425 1316 tanquam
459 1265 536 1305 ssos
574 1263 879 1305 soeni.Vanitas
913 1264 1142 1305 mundanae
1176 1277 1240 1304 sa-

216 1335 384 1387 pientiae
418 1336 551 1376 reddit
582 1336 858 1388 vaniloquum
882 1350 891 1376 :
914 1335 1017 1375 dum
1037 1335 1153 1376 enim
1173 1347 1244 1376 cor

215 1410 349 1456 errat,
365 1419 412 1447 os
425 1419 536 1447 vana
559 1407 816 1459 pronuntiat.
840 1407 851 1427 '⁴
875 1406 1024 1447 «Finis
1044 1408 1242 1460 praecepti

215 1481 275 1517 est
308 1477 489 1517 charitas
519 1477 569 1518 de
600 1477 723 1518 corde
755 1489 886 1529 puro,
919 1480 959 1518 et
990 1478 1243 1518 conscientia

214 1547 351 1596 bona,
385 1551 424 1588 et
456 1548 536 1589 side
569 1561 653 1588 non
686 1549 809 1597 sicta,
831 1561 856 1589 a
876 1549 1033 1602 quibus
1065 1549 1240 1601 quidam

215 1618 458 1659 aberrantes
491 1620 678 1659 conversi
712 1622 810 1659 sunt
845 1620 889 1659 in
923 1619 1238 1672 vaniloquium,

215 1701 299 1728 non
333 1690 642 1742 intelligentes,
677 1703 812 1742 neque
844 1702 942 1743 quae
975 1690 1210 1742 loquuntur
1229 1724 1238 1739 ,

215 1771 291 1799 nec
323 1760 373 1799 de
406 1761 560 1812 quibus
591 1761 836 1801 affirmant:
861 1776 878 1797 n
906 1764 946 1801 et
979 1762 1078 1814 quia
1111 1774 1237 1803 mun-

215 1829 324 1869 dana
359 1831 561 1883 sapientia
600 1832 708 1871 fiunt
746 1833 930 1885 corrupti
972 1836 1012 1872 et
1053 1833 1236 1885 decepti,

213 1900 316 1940 alios
335 1900 482 1940 volunt
498 1913 571 1953 per
588 1914 695 1942 vana
714 1903 843 1943 verba
853 1902 1051 1944 seducere
1066 1905 1136 1953 (a).
1155 1903 1188 1944 U
1192 1917 1241 1944 n-

212 1970 314 2010 de⁵t
344 1986 362 2007 «
383 1971 489 2011 Sunt
513 1972 632 2012 multi
658 1973 962 2021 inobedientes,
996 1974 1236 2026 vaniloqui,

212 2043 253 2079 et
266 2041 505 2082 seductores
520 2074 529 2091 ‚
553 2043 738 2083 maxime
759 2043 833 2096 qui
854 2044 904 2085 de
920 2044 1238 2086 circumcisione

211 2115 329 2160 sunt,
352 2124 459 2164 quos
480 2116 643 2165 oportet
670 2114 888 2166 redargui.
919 2130 938 2152 n
968 2115 1036 2156 Sic
1055 2115 1194 2167 igitur
1214 2129 1238 2157 a

211 2182 394 2223 vanitate
426 2196 569 2224 rerum
609 2185 869 2226 exteriorum
904 2185 1038 2226 oritur
1073 2187 1238 2227 vanitas

211 2253 421 2303 cordium,
442 2259 483 2295 et
511 2255 563 2294 ab
596 2255 674 2295 hac
702 2255 837 2296 oritur
859 2256 1025 2296 vanitas
1053 2258 1237 2298 exterio-

210 2335 306 2363 rum
326 2336 517 2376 operum.
543 2324 782 2366 Secundum
810 2325 891 2366 hoc
919 2327 1052 2378 igitur
1072 2328 1234 2379 colligi-

211 2399 294 2444 tur,
317 2395 428 2446 quod
449 2395 600 2448 triplex
625 2400 687 2436 est
708 2397 894 2447 vanitas,
919 2397 1072 2438 scilicet
1095 2402 1236 2439 muta-

210 2464 400 2515 bilitatis,
430 2465 660 2518 iniquitatis
681 2499 691 2516 ,
725 2470 764 2506 et
793 2467 1072 2519 poenalitatis;
1111 2472 1151 2509 et
1171 2482 1235 2510 se-

209 2534 395 2575 cundum
418 2536 529 2587 quod
551 2536 648 2576 dicit
667 2535 793 2588 Hugo
809 2537 860 2577 de
881 2536 1031 2578 Sancto
1044 2537 1231 2580 Victore:

215 2620 233 2641 α
256 2604 395 2645 Prima
424 2609 486 2645 est
518 2607 741 2656 naturalis,
773 2608 871 2659 quia
901 2611 1018 2660 apta3
1053 2610 1236 2650 secunda

209 2675 452 2727 culpabilis,
475 2677 575 2729 quia
609 2689 804 2729 perversa
827 2692 837 2727 ;
871 2678 992 2718 tertia
1024 2680 1202 2731 poenalis
1225 2713 1232 2730 ,

209 2748 249 2784 et
269 2746 421 2786 misera
443 2760 451 2785 :
475 2750 514 2786 et
535 2748 660 2787 habet
691 2760 775 2788 una
803 2751 945 2788 ortum
978 2749 1029 2788 ab
1060 2750 1165 2800 alia,
1192 2755 1233 2791 ut

208 2815 375 2855 videtur
400 2816 428 2855 ⁶.
459 2816 535 2864 Qui
569 2817 700 2868 igilur
729 2818 822 2857 vult
844 2819 1037 2859 recedere
1057 2831 1081 2859 a
1112 2822 1233 2860 vani-

210 2887 291 2924 tate
322 2886 504 2925 miseria}
523 2917 532 2934 ‚
557 2887 717 2927 deserat
750 2888 979 2928 vanitatem
1003 2889 1162 2942 culpze;
1195 2895 1235 2932 et

208 2954 282 3006 qni
306 2955 413 2995 lianc
431 2955 522 2995 vult
543 2956 732 2996 deserere
746 2989 756 3005 ‚
779 2969 862 2997 non
879 2958 1074 3010 respiciat
1091 2960 1142 3000 ad
1165 2974 1234 3001 va-

207 3025 381 3065 nitatem
415 3025 706 3065 mutabilitatis
738 3028 1005 3077 naturae,sed
1026 3034 1163 3080 speret
1194 3035 1234 3071 et

207 3094 419 3135 adhaereat
431 3095 513 3136 Deo
534 3110 542 3135 ε
561 3096 619 3135 510
634 3096 779 3136 beatus
796 3099 872 3136 est.
887 3111 905 3133 n
932 3096 1084 3139 Beatus
1103 3100 1232 3152 igitur

208 3165 288 3215 vir,
312 3167 434 3217 cujus
454 3169 516 3206 est
536 3178 692 3206 nomen
711 3165 876 3206 Domini
898 3179 991 3218 spes
1011 3169 1102 3220 ejus
1117 3202 1129 3220 ,
1149 3175 1227 3212 etc.

259 3234 466 3282 Quoniam
492 3235 626 3286 igitur
647 3236 844 3287 sapientis
863 3238 925 3276 cst
944 3237 1058 3278 viam
1085 3239 1231 3282 docere

204 3303 256 3343 ad
272 3304 526 3345 veniendum
541 3305 584 3344 in
602 3305 920 3357 beatitudinem,
939 3307 1018 3348 hoc
1037 3309 1114 3350 suit
1128 3322 1230 3363 pra:-

247 3434 253 3450 ¹
276 3433 413 3471 Jerem„
431 3441 502 3473 xm,
527 3436 576 3466 13.
594 3451 632 3456 —
653 3434 666 3455 ²
683 3435 777 3475 Sap„
798 3443 837 3474 11,
859 3437 888 3468 8.
911 3453 947 3459 —
972 3437 983 3456 ³
1002 3437 1110 3479 Proba,
1133 3448 1228 3481 xxxi,

203 3479 254 3511 30,
275 3496 314 3502 —-
335 3479 377 3509 δΙ
403 3478 495 3519 sim„
529 3487 558 3518 1,
588 3482 619 3520 5,
649 3482 679 3512 6.
701 3497 741 3504 --
760 3482 771 3500 ⁵
799 3482 875 3520 Tit„
906 3490 936 3523 1,
966 3486 1014 3516 10.
1035 3502 1076 3508 —
1102 3486 1231 3518 ⁶1dom

203 3525 301 3567 infra,
322 3536 350 3558 c.
374 3535 395 3566 1,
416 3536 492 3567 pag.
518 3528 593 3566 588,
611 3528 675 3559 col.
699 3531 728 3560 1.

862 257 925 299 EX
935 255 1222 299 POSlTlONlS
1254 255 1305 297 ΙΝ
1335 255 1715 298 ECCLESIASTEN

1322 345 1495 398 eipuum
1515 349 1556 386 et
1577 357 1718 398 operae
1744 345 1928 398 pretium
1954 344 2131 397 sapienti
2149 344 2345 396 =Salomo-

1322 415 1365 455 ni
1389 429 1397 455 :
1422 415 1491 456 sed
1511 415 1628 468 quia,
1654 418 1702 456 ut
1722 417 1833 468 patet
1853 427 1907 455 ex
1928 414 2068 466 dictis,
2092 414 2143 455 ad
2164 415 2344 456 beatitu-

1321 486 1463 527 dinem
1481 498 1646 527 nccesse
1667 488 1730 527 est
1749 488 1906 526 aeterna
1919 485 2054 537 diligi,
2070 488 2111 526 et
2126 486 2348 538 praesentia

1320 557 1488 610 despici,
1506 560 1546 597 et
1565 557 1744 597 ulterius
1765 556 1868 596 scire
1888 555 1931 595 in
1953 543 2090 595 medio
2112 567 2254 608 pravae
2275 568 2348 596 na-

1320 627 1446 667 tionis
1463 627 1599 667 dcbite
1619 626 1857 666 conversari
1874 640 1883 675 ;
1904 626 1996 666 ideo
2015 631 2096 666 tres
2117 626 2246 666 libros
2266 626 2348 666 edi-

1319 698 1404 738 dit:
1437 697 1756 739 proverbiorum
1785 697 1958 747 scilicet,
1982 697 2024 737 in
2054 697 2208 750 quibus
2228 698 2347 738 docet

1318 768 1455 808 filium
1488 768 1699 820 sapienter
1729 768 1771 807 in
1796 768 1875 808 1100
1902 768 2055 808 saeculo
2082 768 2344 819 conversari3

1318 838 1627 888 Ecclesiasten,
1661 839 1704 878 in
1727 850 1812 891 quo
1843 838 1961 879 docet
1991 838 2217 891 praesentia
2245 850 2344 879 con-

1318 912 1527 958 temnere;
1551 912 1592 949 et
1614 910 1792 952 Cantica
1815 909 2106 960 canticorum,
2130 909 2174 950 in
2192 909 2346 962 quibus

1317 981 1436 1021 docet
1455 980 1639 1021 coelestia
1652 980 1843 1032 diligere,
1859 980 2045 1020 maxime
2060 980 2198 1032 ipsum
2216 980 2346 1033 Spon-

1318 1063 1430 1092 sum.
1454 1049 1521 1092 Sic
1543 1051 1678 1102 igitur
1697 1053 1823 1104 patet,
1848 1051 1943 1103 quis
1962 1051 2017 1090 sit
2040 1050 2134 1090 {inis
2151 1050 2246 1090 libri
2267 1050 2342 1091 Ec-

1317 1122 1518 1163 clesiastae
1543 1122 1609 1174 (b).
1635 1121 1686 1162 Et
1705 1121 1909 1174 quoniam
1934 1121 2032 1160 finis
2064 1121 2243 1173 imponit
2269 1133 2344 1162 ne-

1320 1193 1556 1234 cessitatem
1573 1193 1640 1233 his
1657 1204 1754 1246 quae
1772 1194 1871 1233 sunt
1884 1192 1937 1233 ad
1957 1192 2108 1242 finem;
2131 1204 2229 1232 cum
2246 1191 2344 1232 finis

1321 1265 1374 1304 sit
1407 1265 1673 1316 contemptus
1698 1263 1997 1316 praesentium,
2028 1263 2078 1303 de
2107 1263 2167 1303 eis
2195 1264 2345 1303 tractat

1317 1347 1401 1375 non
1422 1346 1471 1374 ea
1489 1334 1650 1375 ratione
1667 1346 1752 1387 qua
1770 1333 2002 1384 attrahunt,
2025 1333 2097 1374 sed
2116 1345 2165 1373 ea
2183 1333 2344 1374 ratione

1316 1418 1402 1459 qua
1439 1407 1770 1446 contemnuntur
1792 1419 1801 1444 ε
1842 1404 2062 1445 attrahunt
2094 1403 2173 1444 sub
2210 1403 2344 1456 specie

1316 1477 1438 1526 boni,
1479 1476 1552 1517 sed
1580 1477 1909 1517 contemnuntur
1938 1475 2016 1516 sub
2046 1475 2183 1527 specie
2217 1474 2340 1515 vani:

1316 1547 1407 1588 ideo
1433 1547 1624 1600 sequitur
1652 1559 1705 1587 ex
1733 1546 1835 1596 hoc,
1865 1546 1979 1598 quod
2011 1545 2187 1586 materia
2209 1545 2344 1599 hujus

1316 1618 1410 1658 libri
1445 1618 1523 1658 fuit
1552 1630 1697 1658 rerum
1728 1617 2004 1670 praesentium
2031 1617 2220 1668 vanitas,
2254 1616 2344 1658 sive

1316 1689 1419 1741 ipsae
1440 1700 1526 1739 res,
1557 1688 1789 1729 secundum
1809 1687 1923 1740 quod
1940 1698 2087 1737 vanae,
2120 1688 2166 1728 ut
2192 1686 2343 1727 melius

1315 1759 1491 1809 dicatur,
1528 1759 1628 1811 quia
1663 1758 1915 1808 vanitatem,
1950 1757 2072 1810 quasi
2103 1756 2342 1810 passionem

1314 1830 1463 1882 probat
1484 1830 1528 1869 in
1550 1828 1700 1879 rebus,
1721 1829 1858 1881 primo
1878 1839 2138 1880 proponenS,
2160 1827 2342 1869 secundo

1314 1901 1516 1953 probans,
1550 1898 1673 1939 tertio
1704 1897 1972 1939 concludens.
2015 1896 2128 1939 Unde
2157 1897 2344 1951 procedit

1314 1969 1619 2024 persuadendo,
1640 1972 1682 2010 et
1701 1968 1916 2022 probando
1936 1968 2067 2019 illam,
2090 1969 2245 2010 scilicet
2266 1969 2341 2009 tri-

1314 2042 1466 2095 plicem
1493 2041 1749 2091 vanitatem,
1773 2051 1871 2093 quae
1892 2039 2131 2092 supradicta
2158 2042 2238 2090 est,
2260 2040 2339 2081 sci-

1313 2113 1408 2154 licet
1435 2115 1618 2163 naturae,
1642 2111 1801 2164 culpae,
1822 2112 1863 2152 et
1883 2110 2079 2151 miseriae.
2110 2110 2161 2151 Et
2185 2123 2239 2151 ex
2263 2110 2343 2151 1100

1314 2186 1426 2237 patet
1445 2183 1596 2224 modus
1609 2182 1782 2234 agendi,
1800 2181 1891 2223 sive
1910 2181 2067 2222 forma:
2084 2181 2211 2222 habet
2225 2182 2341 2222 enim

1313 2256 1487 2296 modum
1527 2254 1682 2307 agendi
1718 2253 1981 2305 singularem
2019 2253 2129 2292 inter
2157 2252 2259 2293 alios
2289 2252 2338 2292 li-

1313 2329 1432 2368 bros:
1459 2326 1644 2380 procedit
1673 2325 1787 2366 enim
1814 2328 1862 2365 ut
1889 2324 2172 2374 concionator,
2198 2325 2337 2365 diver-

1312 2410 1458 2440 sorum
1478 2397 1708 2438 sententias
1727 2395 2013 2449 proponendo,
2037 2395 2162 2436 modo
2182 2395 2341 2448 sapien-

1311 2470 1379 2519 tis,
1398 2468 1521 2509 modo
1538 2467 1670 2518 stulti,
1688 2469 1735 2507 nt
1750 2479 1803 2507 ex
1816 2465 2005 2518 plurium
2019 2465 2236 2506 sententiis
2255 2478 2341 2506 una

1312 2541 1512 2580 clarescat
1538 2538 1694 2579 veritas
1730 2537 1774 2577 in
1804 2536 1956 2577 animis
1988 2536 2245 2577 auditorum.
2270 2535 2340 2577 'Ex

1313 2610 1526 2664 praedictis
1547 2608 1825 2657 concluditur,
1847 2606 1941 2659 quis
1961 2607 2106 2648 debuit
2125 2610 2233 2648 esset
2253 2607 2340 2648 effi-

1313 2681 1440 2720 ciens.
1471 2680 1517 2720 In
1543 2680 1623 2719 isto
1644 2678 1758 2718 enim
1777 2676 1886 2718 libro
1907 2677 2109 2718 docentur
2128 2677 2340 2718 contemni

1313 2751 1566 2803 vuluptates,
1591 2748 1765 2798 divitiae,
1782 2747 1978 2797 honores,
2000 2750 2042 2788 et
2061 2748 2336 2800 curiositates,

1312 2825 1516 2874 tanquam
1536 2819 1760 2861 vanitates.
1782 2817 1833 2859 Et
1851 2818 1951 2870 quia
1973 2829 2056 2858 non
2083 2818 2268 2858 creditur
2288 2818 2339 2859 de

1309 2892 1554 2943 contemptu
1585 2889 1755 2938 talium,
1786 2888 1867 2928 nisi
1890 2890 2063 2941 experto
2089 2888 2198 2942 (non
2223 2888 2338 2929 enim

1309 2962 1492 3003 creditur
1512 2959 1702 3013 pauperi,
1723 2958 1796 3012 qui
1816 2970 1902 2999 non
1917 2958 2068 2999 habuit
2086 2958 2268 3010 divitias,
2287 2958 2338 3000 de

1309 3033 1498 3085 ipsarum
1520 3034 1785 3083 contemptu,
1807 3030 1908 3082 quia
1935 3042 2021 3070 non
2040 3032 2103 3070 est
2121 3032 2334 3083 expertus,

1308 3106 1348 3143 et
1383 3103 1476 3144 ideo
1513 3114 1600 3143 non
1639 3101 1900 3152 recognoscit
1922 3102 1934 3151 )
1953 3115 1962 3151 ;
1997 3100 2183 3153 oportuit
2224 3100 2336 3154 quod

1308 3176 1415 3214 esset
1442 3173 1556 3224 talis,
1585 3172 1658 3225 qui
1685 3171 1879 3212 omnium
1907 3171 2081 3211 haberet
2111 3170 2333 3223 experien-

1308 3244 1409 3284 tiam
1427 3244 1596 3293 horum,
1618 3241 1787 3292 scilicet,
1807 3242 1881 3295 qui
1901 3246 2009 3282 esset
2020 3244 2181 3295 potem,
2198 3241 2330 3290 dives,

1307 3314 1571 3364 luxuriosus,
1597 3315 1638 3353 et
1664 3312 1877 3362 curiosuS,
1903 3311 1991 3352 sive
2010 3312 2200 3364 sapiens:
2231 3309 2331 3350 nul-

1307 3386 1396 3424 ium
1415 3384 1546 3425 alium
1573 3383 1773 3435 legimuS,
1796 3394 1874 3423 nec
1889 3382 2132 3423 audivimus
2151 3381 2196 3420 in
2213 3382 2330 3421 tanta

1305 3455 1552 3495 excellentia
1574 3454 1789 3504 habuisse,
1810 3453 1918 3493 sicut
1936 3451 2085 3492 habuit
2104 3449 2326 3492 Salomon:

1345 3539 1391 3576 (a)
1415 3536 1468 3569 Al.
1487 3536 1663 3569 reducere.
1682 3553 1720 3558 —
1743 3534 1786 3575 (b)
1809 3534 1889 3566 Caet.
1910 3532 1989 3564 edit.
2009 3532 2236 3566 Ecclesiastes.

2367 718 2497 745 Salomo—

2367 758 2413 785 nis
2425 758 2504 786 libri.

2373 1566 2495 1595 Materia

2364 1611 2451 1645 hujus
2472 1610 2493 1637 11

2402 1651 2457 1680 bri.

2379 2196 2486 2223 Modus

2374 2236 2481 2271 agendi

2359 2277 2389 2304 in
2401 2279 2455 2305 hoc
2470 2277 2504 2304 11-

2399 2318 2463 2346 bro.

2363 2616 2502 2645 Efficiens

2361 2665 2450 2684 causa
2469 2658 2503 2684 li-

2379 2697 2424 2724 bri
2439 2699 2490 2726 hu-

2401 2738 2463 2774 jus.
