2633 3878
294 263 372 303 522

293 361 364 398 per
382 349 508 386 malos
537 350 719 394 affectuS,
738 359 820 386 non
845 350 970 386 essent
998 348 1165 385 exterius
1191 347 1316 385 tribu-

294 412 416 448 lantes
436 422 506 458 per
524 411 650 447 malos
675 410 855 453 effectus3
884 410 958 446 nisi
984 409 1144 447 fuissent
1171 419 1318 456 praeva-

293 473 456 508 ricantes
472 473 619 517 animo,
634 483 715 509 non
735 475 860 509 essent
874 471 1174 519 praejudicantes
1189 472 1317 518 proxi-

293 543 372 569 mo.
395 535 436 568 Et
456 533 674 569 notandum
699 533 799 570 circa
830 533 1030 569 veritatem
1058 532 1317 579 praevarican—

292 593 388 629 tium
402 621 413 638 ,
434 594 543 640 quod
563 597 652 630 sunt
681 594 861 630 nonnulli
881 593 1178 641 praevaricantes
1203 604 1249 630 ex
1274 598 1318 637 (a)

291 653 376 690 sola
391 654 619 701 cupiditate3
641 655 837 699 nonnulli,
851 665 898 691 ex
918 654 1127 701 cupiditate
1144 654 1261 690 simul
1282 658 1319 692 et

290 717 508 763 voluptate3
530 718 728 761 nonnulli,
751 728 796 753 ex
818 717 1029 764 cupiditate
1049 727 1096 753 ac
1116 716 1315 763 voluptate

290 778 446 825 pariter,
468 782 504 814 et
524 779 706 815 vanitate.
729 779 844 815 Primi
864 781 968 823 sunt,
989 778 1057 825 qui
1076 788 1231 825 semper
1250 789 1317 825 pc-

290 839 447 875 cuniam
478 840 776 887 concupiscunt,
806 840 900 887 quia
931 851 1084 887 semper
1110 839 1316 886 penuriam

289 899 582 946 pertimescunt;
604 901 763 937 secundi
785 904 894 946 sunt,
917 901 985 948 qui
1005 903 1197 936 sectantur
1222 910 1316 936 ava-

289 961 440 1006 ritiam,
473 964 514 997 ut
549 966 836 1009 prosequantur
873 962 999 998 carnis
1032 962 1313 1008 concupiscen-

290 1022 402 1067 tiam;
425 1023 522 1059 tertii
542 1027 649 1069 sunt,
671 1024 738 1071 qui
758 1033 837 1059 non
859 1023 987 1059 solum
1016 1022 1159 1058 divitiis
1187 1025 1223 1059 et
1249 1022 1316 1059 de-

289 1082 386 1119 liciis
405 1084 591 1129 serviunt,
606 1085 675 1121 sed
693 1095 810 1132 super
829 1085 887 1120 his
908 1084 1156 1130 impudenter
1174 1087 1212 1120 et
1231 1084 1316 1120 ina-

288 1145 388 1182 niter
407 1156 446 1181 se
467 1146 667 1181 extollunt.
690 1149 739 1182 De
759 1146 887 1193 primo
909 1147 918 1167 ¹
943 1158 950 1181 :
979 1158 996 1180 t(
1014 1146 1152 1182 Anima
1171 1146 1202 1182 si
1221 1157 1317 1193 prae-

289 1206 466 1242 varicans
494 1207 746 1242 caeremonias
773 1217 843 1254 per
869 1217 1042 1243 errorem
1070 1207 1110 1242 in
1139 1207 1199 1251 iis,
1227 1218 1315 1253 quae

289 1267 452 1303 Domino
481 1270 569 1303 sunt
597 1267 854 1313 sanctificata,
880 1268 1120 1314 peccaverit,
1150 1281 1167 1301 »
1200 1271 1270 1304 etc.
1305 1280 1313 1304 :

289 1338 376 1364 ecce
397 1329 656 1375 praevaricans
679 1339 727 1365 ex
752 1329 838 1365 sola
858 1329 1082 1376 cupiditate.
1106 1329 1212 1365 Unde
1233 1332 1317 1375 post

287 1399 414 1435 pauca
432 1389 611 1425 subditur
627 1390 639 1410 ²
660 1401 668 1425 :
689 1392 865 1436 «Ipsum,
888 1390 999 1437 quod
1019 1390 1147 1426 intulit
1163 1390 1313 1435 damni,

287 1450 470 1486 restituet.
493 1463 510 1483 ι)
534 1453 583 1487 De
603 1451 777 1488 secundo
798 1453 812 1474 ⁸
836 1463 844 1487 :
870 1465 888 1485 α
908 1451 975 1487 Fili
1002 1451 1194 1495 hominis,
1212 1454 1313 1488 terra

289 1522 377 1547 cum
402 1512 620 1559 peccaverit
639 1513 753 1557 mihi,
773 1516 815 1549 ut
833 1513 1107 1560 praevaricetur
1131 1512 1315 1559 praevari-

288 1583 399 1617 cans,
429 1573 637 1610 extendam
662 1584 825 1609 manum
852 1584 981 1610 meam
1007 1584 1123 1620 super
1149 1584 1256 1619 eam,
1280 1577 1317 1610 et

288 1638 486 1671 conteram
516 1635 669 1682 virgam
692 1635 807 1682 panis
839 1636 942 1681 ejus,
974 1638 1010 1671 et
1040 1635 1249 1672 immittam
1274 1636 1316 1671 in

288 1707 376 1732 eam
395 1696 558 1742 fameml,
580 1700 616 1732 et
640 1696 871 1733 interficiam
895 1696 944 1733 de
974 1707 1020 1733 ea
1046 1697 1250 1734 hominem
1279 1700 1317 1733 et

285 1758 518 1802 jumentum.
539 1772 556 1792 »
576 1759 653 1794 Hoc
671 1757 827 1794 videtur
846 1758 1036 1805 respicere
1056 1758 1317 1805 praevarican-

289 1824 344 1856 tes
376 1824 453 1856 tam
489 1831 538 1856 ex
569 1820 800 1868 cupiditate,
832 1831 953 1867 quam
996 1831 1044 1857 ex
1085 1821 1286 1868 voluptate
1304 1835 1314 1868 3

289 1881 382 1928 quia
414 1881 586 1918 vindicta
629 1882 794 1918 sumitur
837 1885 916 1918 tam
960 1882 1009 1918 de
1045 1882 1315 1929 possessione,

289 1954 408 1990 quam
436 1943 484 1979 de
512 1953 750 1990 possessore.
781 1945 831 1979 De
857 1942 968 1979 tertio
994 1945 1038 1978 ⁶:
1065 1956 1083 1977 «
1108 1945 1171 1979 Vae
1204 1944 1316 1990 mihi,

287 2004 584 2052 praevaricantes
610 2004 849 2051 praevaricati
885 2007 986 2049 sunt,
1019 2007 1055 2040 et
1087 2005 1316 2051 praevarica-

289 2067 392 2103 tione
427 2070 755 2112 transgressorum
786 2066 1031 2113 praevaricati
1065 2069 1166 2103 sunt.
1197 2080 1214 2100 »
1249 2067 1314 2103 Hic

288 2131 499 2175 tanguntur
517 2129 813 2176 praevaricantes
841 2139 887 2165 ex
914 2127 1145 2175 cupiditate,
1175 2128 1315 2175 volup-

287 2192 383 2235 tate,
406 2201 450 2226 ac
473 2191 641 2227 vanitate
667 2201 738 2238 per
763 2190 968 2234 ordinem,
990 2190 1088 2226 sicut
1107 2190 1316 2237 exponitur

289 2262 358 2299 per
384 2252 549 2288 litteram
584 2252 810 2288 immediate
845 2253 1072 2298 sequentem
1111 2252 1124 2273 ⁵
1153 2263 1161 2287 :
1186 2264 1204 2284 «
1226 2253 1316 2287 For-

288 2314 413 2359 mido,
432 2317 468 2350 et
486 2314 613 2359 fovea,
635 2316 673 2350 et
690 2314 855 2360 laqueus
871 2324 988 2359 super
1007 2315 1057 2358 te,
1076 2313 1145 2360 qui
1164 2313 1314 2350 habita-

289 2379 349 2411 tor
374 2386 414 2410 es
445 2378 567 2411 terrae.
589 2389 606 2408 ι)
630 2375 813 2411 Formido
846 2375 1013 2422 pertinet
1037 2375 1089 2412 ad
1122 2375 1315 2423 cupidita-

290 2439 392 2482 tem,
418 2436 552 2483 fovea,
572 2437 624 2473 ad
643 2436 883 2484 voluptatem
891 2449 902 2482 3
930 2436 1116 2484 laqueus,
1136 2437 1188 2473 ad
1210 2437 1316 2474 vani-

290 2502 418 2535 tatem.

618 2546 808 2581 Articulus
834 2547 974 2582 tertius.

337 2624 533 2658 Bonorum
570 2621 790 2666 miseratio,
825 2624 861 2657 et
898 2621 1077 2658 salutaris
1115 2622 1313 2660 {emulatio

291 2684 531 2729 designatur,
553 2694 643 2719 cum
663 2683 844 2720 scribitur
866 2695 875 2718 :
903 2685 950 2718 Et
969 2685 1196 2720 tabescebam.
1219 2687 1313 2721 Ecce

290 2745 455 2791 qualiter
493 2745 758 2791 condolebat,
798 2744 964 2792 qualiter
1002 2745 1287 2783 interveniebat
1301 2760 1312 2793 ;

291 2806 480 2852 quoniam
506 2806 747 2852 tabescebat,
771 2805 961 2853 quoniam
981 2806 1106 2843 oculis
1128 2806 1316 2854 liquesce-

290 2866 370 2903 bat.
390 2869 434 2903 Et
450 2870 557 2912 nota,
579 2867 690 2914 quod
712 2868 907 2904 tabescere
929 2867 1084 2914 legitur,
1105 2868 1173 2914 qui
1195 2869 1313 2905 corri-

288 2928 413 2975 pitur,
445 2928 512 2973 qui
544 2927 772 2973 conteritur,
803 2929 871 2975 qui
903 2928 1149 2976 compatitur.
1184 2929 1312 2967 Primo

289 2989 412 3026 modo
438 2989 599 3025 tabescit
626 3000 693 3026 cor
721 2990 906 3036 frigidum
922 3003 932 3036 3
963 2991 1136 3028 secundo
1169 2992 1313 3038 modo,

290 3061 357 3087 cor
389 3050 584 3098 tepidum3
618 3050 730 3086 tertio
765 3051 907 3096 modo,
938 3062 1006 3088 cor
1043 3053 1227 3089 calidum.
1262 3055 1313 3091 De

288 3112 417 3158 primo
437 3111 619 3148 scribitur
637 3112 650 3133 ⁶
672 3124 680 3147 :
706 3125 725 3146 u
743 3113 902 3158 Propter
925 3112 1170 3160 iniquitatem
1196 3115 1315 3151 corri-

289 3173 406 3220 puisti
423 3173 648 3219 hominem;
670 3176 706 3208 et
725 3172 922 3209 tabescere
947 3173 1089 3219 fecisti,
1111 3175 1207 3212 sicut
1225 3186 1313 3213 ara-

290 3245 424 3280 neam,
447 3234 620 3270 animam
648 3235 732 3280 eJus
761 3246 769 3270 :
798 3247 815 3268 n
839 3244 926 3270 ecce
953 3234 1149 3272 tabescere
1176 3247 1314 3283 proce-

291 3295 387 3331 dens
407 3305 456 3331 ex
474 3295 732 3342 correptione.
755 3297 805 3332 De
825 3295 998 3333 seeundo
1012 3298 1025 3318 '¹
1045 3308 1085 3333 z«
1103 3297 1315 3336 Tabescent

335 3394 340 3409 ¹
366 3392 481 3430 levit„
504 3399 537 3430 v,
560 3394 608 3423 15.
627 3408 667 3414 —
688 3391 699 3410 ²
720 3391 818 3427 thid..
841 3394 889 3425 16.
914 3410 953 3416 —
973 3394 984 3411 ³
1007 3393 1140 3433 Ezeck„
1166 3402 1236 3434 xm,
1263 3397 1312 3427 13.

292 3455 332 3462 —
350 3438 363 3460 ὕ
379 3439 458 3476 lm„
477 3446 571 3476 xxiv,
597 3440 646 3470 16.
670 3455 712 3463 --
730 3440 740 3458 ⁵
764 3439 859 3480 ibid„
888 3442 938 3471 Π.
958 3458 998 3463 -
1018 3441 1029 3458 ⁰
1047 3440 1138 3472 Psal.
1163 3447 1312 3483 xxxvm,

295 3486 342 3516 12.
365 3501 403 3507 —
424 3485 433 3502 ⁷
454 3485 567 3523 Levit.,
591 3492 710 3525 xxxvi,
731 3487 781 3517 39.
803 3502 842 3508 —
865 3487 875 3505 ⁸
897 3485 1025 3525 Thr-en„
1052 3495 1104 3526 111,
1128 3489 1177 3527 19,
1200 3488 1251 3518 20.
1273 3504 1312 3511 —-

983 257 1256 301 EXPOSITIO
1285 260 1337 301 IN
1368 260 1718 306 PSALTERIUM.

1393 351 1434 387 in
1461 351 1730 400 iniquitatibus
1755 357 1834 393 suis
1859 358 1899 394 in
1924 361 2026 395 terra
2051 359 2302 398 inimicorum
2321 372 2413 398 suo-

1392 421 1501 458 rum,
1523 417 1560 450 et
1579 419 1739 462 propter
1755 420 1916 464 peccata
1933 420 2090 466 patrum
2108 431 2270 458 suorum
2288 425 2324 458 et
2345 433 2414 459 sua

1393 474 1633 520 affligentur,
1660 477 1786 514 donec
1815 480 2072 517 confiteantur
2092 491 2162 517 sua
2181 485 2341 528 peccata
2361 494 2370 518 ε
2394 497 2412 518 »

1393 544 1480 571 ecce
1501 536 1697 575 tabescere
1717 540 1952 585 proveniens
1971 552 2019 577 ex
2039 541 2278 578 contritionis
2297 542 2416 579 afflic-

1391 596 1509 634 tione.
1542 601 1591 635 De
1619 601 1732 637 tertio
1761 602 1774 621 ⁸
1797 614 1805 636 :
1831 615 1848 635 «
1868 603 2086 639 Recordare
2115 604 2354 651 paupertatis
2381 607 2417 642 et

1392 659 1707 704 transgressionis
1734 673 1847 707 meae,
1869 663 2050 699 absinthii
2079 667 2115 701 et
2138 665 2250 701 sellis.
2272 667 2415 702 Memo-

1392 718 1450 754 ria
1465 730 1619 756 memor
1638 732 1720 767 ero,
1739 725 1775 758 et
1794 723 1963 760 tabescet
1981 724 2022 761 in
2038 736 2101 761 me
2121 725 2252 762 anima
2269 737 2379 762 mea:
2394 738 2411 759 ι)

1393 789 1480 815 ecce
1501 780 1698 819 tabescere
1717 784 1974 830 progrediens
1994 796 2041 821 ex
2062 786 2346 833 compassione.

1713 888 1901 925 Articulus
1927 893 2090 935 quartus.

1440 968 1629 1010 Quartum
1649 968 1869 1016 denotatur,
1893 981 1981 1006 cum
2000 970 2178 1018 psallitur
2198 983 2206 1008 :
2231 972 2326 1015 Quia
2343 974 2415 1009 elo-

1391 1030 1478 1074 quia
1505 1032 1566 1064 tua
1594 1040 1663 1065 non
1687 1032 1943 1068 custodierunt.
1975 1034 2070 1069 Nam
2096 1043 2232 1070 revera
2260 1033 2419 1082 eloquia

1392 1089 1590 1126 dominica
1610 1094 1699 1127 sunt
1718 1102 1828 1128 arma
1847 1093 2013 1139 bellica3
2033 1104 2115 1130 non
2137 1094 2327 1140 carnalia,
2348 1095 2418 1132 sed

1391 1151 1620 1198 spiritualia.
1639 1153 1783 1196 Quaeris
1799 1156 1948 1200 quare?
1965 1154 2105 1202 triplici
2125 1155 2276 1192 ratione
2294 1167 2303 1192 ε
2325 1156 2419 1202 quia

1390 1211 1596 1258 fulgentia;
1629 1214 1722 1260 quia
1750 1214 1961 1262 ferventia;
1993 1217 2087 1263 quia
2116 1216 2415 1254 inflammantia.

1391 1274 1555 1320 Fulgent
1592 1274 1754 1321 quidem
1790 1287 1861 1322 per
1897 1277 2125 1323 veritatem&
2162 1277 2314 1315 fervent
2346 1289 2418 1326 per

1391 1335 1617 1371 charitatem
1628 1348 1638 1382 3
1671 1336 1920 1373 inflammant
1949 1338 1999 1374 ad
2031 1338 2226 1385 pietatem.
2259 1341 2310 1376 De
2339 1339 2418 1386 pri-

1390 1407 1457 1433 mo
1481 1398 1493 1419 ⁹
1519 1409 1526 1432 :
1550 1409 1567 1430 «
1596 1397 1805 1445 Eloquium
1835 1398 1987 1435 Domini
2017 1399 2106 1445 igne
2137 1399 2417 1445 examinatum,

1390 1461 1541 1494 scutum
1569 1461 1624 1495 est
1650 1459 1828 1495 omnium
1852 1460 2093 1507 sperantium
2117 1460 2157 1496 in
2187 1471 2227 1497 se
2256 1473 2302 1497 :»
2328 1471 2418 1498 ecce

1391 1519 1594 1566 eloquium
1631 1520 1838 1566 fulgidum.
1880 1523 1929 1557 De
1973 1521 2146 1558 secundo
2183 1521 2333 1559 canitur
2377 1522 2417 1559 in

1391 1580 1543 1616 Psalmo
1582 1581 1605 1602 ¹⁰
1637 1593 1645 1616 :
1673 1594 1690 1614 «
1710 1582 1877 1627 ignitum
1909 1582 2113 1629 eloquium
2152 1585 2264 1620 tuum
2297 1583 2416 1620 vehe—

1391 1645 1541 1678 menter
1567 1654 1575 1678 :
1598 1656 1616 1676 n
1640 1653 1727 1679 ecce
1757 1643 1961 1690 eloquium
1989 1644 2198 1681 fervidum.
2225 1646 2277 1681 De
2304 1644 2416 1681 tertio

1391 1703 1572 1740 scribitur
1598 1714 1620 1740 a
1648 1704 1954 1752 psalmographo
1977 1705 2004 1726 ¹³
2028 1717 2037 1741 ε
2064 1718 2082 1739 «
2105 1706 2316 1753 Eloquium
2348 1708 2418 1742 Do-

1390 1765 1487 1801 mini
1518 1766 1779 1803 inssammavit
1806 1776 1897 1803 eum
1925 1778 1933 1802 z
1966 1779 1984 1800 n
2008 1777 2096 1803 ecce
2125 1767 2330 1814 eloquium
2356 1767 2417 1803 in-

1390 1827 1688 1864 flammativum.

1821 1875 1993 1916 Epilogus.

1437 1945 1533 1981 Dicit
1551 1955 1645 1992 ergo
1674 1945 1887 1992 Propheta,
1907 1956 1980 1993 pro
2008 1944 2175 1981 inimicis
2202 1944 2417 1982 inermibus

1389 2006 1671 2052 ingemiscens,
1700 2009 1737 2043 et
1765 2007 1814 2043 de
1840 2006 2018 2054 ipsorum
2043 2005 2271 2042 vulneribus
2300 2007 2417 2054 perti-

1389 2078 1565 2104 mescens
1599 2080 1608 2104 ;
1646 2069 1754 2114 Vidi,
1785 2071 1978 2115 quantum
2011 2067 2063 2103 ad
2096 2067 2417 2104 considerationis

1390 2132 1607 2176 aspectum:
1630 2133 1930 2176 praevaricantem,
1959 2131 2150 2176 quantum
2177 2129 2230 2165 ad
2253 2140 2416 2177 exaspe-

1388 2191 1549 2228 rationis
1575 2191 1794 2238 objectum;
1822 2195 1855 2227 et
1881 2192 2118 2237 tabescebam,
2146 2192 2339 2238 quantum
2365 2191 2417 2227 ad

1389 2252 1649 2289 miserationis
1692 2253 1900 2299 affectum3
1940 2254 2029 2298 quia
2068 2254 2210 2299 eloquia
2246 2255 2310 2288 tua
2346 2263 2416 2288 non

1388 2315 1652 2360 custodierunt,
1681 2318 1874 2362 quantum
1906 2315 1958 2352 ad
1985 2315 2256 2351 imminentem
2281 2313 2416 2351 vulne-

1388 2376 1552 2413 rationis
1572 2376 1768 2413 effectum.

1749 2520 1968 2548 VERSICULUS
1988 2521 2054 2547 XV.

1438 2626 1519 2661 159.
1557 2624 1646 2660 Vide
1677 2625 1845 2669 quoniam
1881 2623 2053 2659 mandata
2086 2625 2147 2659 tua
2177 2623 2313 2670 dilexi,
2347 2625 2415 2660 Do-

1387 2688 1495 2731 mine,
1513 2688 1585 2722 etc.
1608 2687 1648 2721 ln
1666 2685 1875 2732 praemissis
1892 2687 2046 2721 oratum
2065 2687 2121 2721 est
2142 2695 2215 2732 pro
2230 2685 2412 2732 inimicis,

1389 2758 1437 2784 ne
1463 2747 1729 2793 gehennaliter
1753 2747 1984 2790 crucientur,
2011 2756 2060 2782 ne
2088 2746 2302 2783 mortaliter
2327 2757 2415 2783 sau-

1389 2809 1558 2854 cientur3
1591 2809 1684 2855 quia
1708 2818 1804 2844 vero
1829 2808 2065 2855 plerumque
2093 2817 2280 2854 peccare,
2307 2810 2344 2844 et
2372 2819 2413 2845 se

1387 2869 1590 2917 peccando
1609 2880 1749 2905 necare
1768 2869 1964 2914 videntur,
1979 2869 2042 2904 hic
2063 2871 2195 2905 oratur
2213 2878 2286 2916 pro
2304 2867 2412 2916 ipsis,

1388 2934 1432 2967 ut
1451 2930 1651 2967 moraliter
1677 2929 1933 2967 vivificentur.
1958 2932 2062 2967 Hanc
2088 2930 2306 2967 orationem
2333 2930 2413 2968 for-

1388 2995 1469 3029 mat
1504 2992 1696 3040 Propheta
1733 3002 1780 3028 ex
1813 2992 2035 3028 vehementi
2067 2991 2197 3028 cordis
2230 2991 2412 3029 amaritu-

1388 3054 1493 3100 dine,
1514 3054 1587 3090 sub
1606 3054 1681 3090 hac
1698 3053 1850 3090 forma:
1877 3054 1965 3090 Vide
1986 3056 2169 3100 quoniam,
2189 3056 2278 3098 etc„
2299 3054 2412 3100 quasi

1388 3115 1491 3152 dicat
1511 3129 1521 3152 .·
1544 3115 1657 3161 Vide,
1680 3115 1863 3161 Domine,
1884 3125 1947 3151 me
1966 3115 2200 3151 morientem
2218 3125 2308 3151 cum
2326 3125 2412 3152 mo-

1387 3177 1595 3222 rientibus,
1620 3179 1781 3224 propter
1802 3178 1963 3213 tuorum
1990 3175 2281 3213 observantiam
2299 3185 2410 3212 man-

1388 3238 1594 3285 datorum3
1615 3238 1738 3275 redde
1757 3248 1820 3274 me
1841 3238 2038 3274 viventem
2058 3248 2148 3274 cum
2165 3237 2407 3282 viventibus,

1386 3310 1456 3346 per
1475 3310 1638 3336 suorum
1654 3299 1939 3346 indulgentiam
1955 3302 2218 3347 peccatorum.
2238 3297 2304 3334 Hic
2322 3296 2408 3334 luce

1387 3361 1528 3397 clarius
1546 3364 1715 3408 quatuor
1735 3361 1984 3398 considerare
2002 3369 2212 3408 possumus
2232 3370 2242 3394 ι
2263 3357 2409 3395 scilicet

1385 3444 1397 3463 ²
1420 3443 1552 3483 lisseq„
1576 3449 1670 3483 xxu,
1697 3444 1749 3474 31.
1766 3460 1807 3466 -
1837 3442 1863 3464 ¹0
1889 3441 1980 3473 Psal.
2007 3441 2093 3480 hoc,
2124 3441 2194 3472 ¹40.
2215 3456 2248 3462 --
2273 3439 2296 3462 ¹¹
2314 3439 2406 3472 Psal.

1386 3497 1453 3529 ew,
1476 3489 1524 3521 19.
1540 3505 1579 3514 —
1594 3490 1637 3528 (α)
1654 3489 1745 3521 Edit.
1767 3489 1842 3520 Ven.
1861 3496 1911 3520 ea.
