2633 3878
138 1229 172 1254 ln
193 1227 279 1256 corde

161 1279 252 1305 quare

137 1314 220 1339 caute
234 1315 278 1341 est

137 1353 269 1382 scriben-

136 1394 217 1423 dum.

166 2294 232 2321 Elo-

148 2336 251 2370 quium

129 2371 262 2405 div'inum

130 2418 269 2448 notabile.

144 2608 270 2643 Neptita-

131 2650 192 2678 lim.

1154 185 1395 229 PSALMUS
1425 187 1582 230 CXVIII
1589 218 1598 229 .

300 280 524 322 visceribus,
558 277 723 316 refertur
751 277 804 315 ad
841 276 996 324 partem
1025 274 1168 312 animae
1192 276 1342 323 appeti-

302 342 449 388 tivam3
485 343 522 378 et
546 340 658 389 quod
689 339 743 376 ait
773 350 782 375 :
809 339 853 374 ln
874 337 978 374 corde
987 364 1000 383 ‚
1019 338 1269 385 retorquetur
1289 338 1341 375 ad

291 406 457 451 partem
488 401 830 450 apprehensivam.
858 400 910 436 De
944 399 1120 437 secundo
1141 399 1152 420 ¹
1184 413 1195 436 .·
1218 412 1239 435 «
1266 401 1341 437 Cor

302 477 418 503 suum
448 465 559 503 dabit
588 465 630 501 in
661 462 961 500 similitudinem
988 463 1172 510 picturae3
1208 475 1226 498 »
1251 473 1340 500 ecce

302 528 446 575 cordis,
466 530 510 565 ut
534 526 681 564 codicis
698 526 865 574 pictura.
892 528 942 563 De
963 526 1075 563 tertio
1097 527 1112 548 ²
1130 537 1140 563 ε
1167 538 1185 560 «
1204 527 1257 562 Ne
1277 525 1339 561 di-

301 591 432 628 mittas
463 590 593 637 legem
626 588 761 625 matris
799 591 899 635 tuae3
929 588 1009 636 liga
1035 599 1125 626 eam
1155 587 1198 624 in
1218 587 1339 625 corde

302 655 370 705 tup
394 665 402 690 ε
424 666 441 688 ι)
463 662 552 689 ecce
582 650 733 697 cordis,
763 651 806 687 ut
837 650 985 687 codicis
1019 651 1211 698 ligatura,
1245 649 1340 698 quia

302 725 439 752 revera
458 714 587 761 legem
607 713 648 750 in
677 712 798 750 corde
824 712 972 759 ligare,
995 715 1052 750 est
1083 723 1150 750 cor
1180 712 1270 759 lege
1291 712 1338 749 li-

302 787 396 824 gare
418 790 426 814 :
445 777 544 814 sicut
574 775 680 812 enim
710 774 811 811 liber
842 774 1013 821 ligatur,
1045 786 1136 812 cum
1163 775 1338 821 ligamen

301 839 424 886 ipsius
443 838 622 887 partibus
648 836 824 884 illigatur
837 863 850 882 ,
871 836 927 874 sic
953 848 1021 874 cor
1044 837 1190 885 ligatur
1203 865 1215 884 ,
1246 847 1337 875 cum

302 900 367 937 lex
387 901 490 938 illius
509 900 709 949 partibus,
728 899 912 938 videlicet
932 900 1073 937 animae
1089 900 1242 937 viribus
1261 899 1338 937 illi-

302 965 429 1010 gatar.

610 1011 800 1047 Articulus
825 1010 1014 1048 secundus.

349 1089 545 1133 Quantum
565 1087 618 1124 ad
636 1087 857 1124 secundum
871 1115 885 1133 ,
905 1087 1087 1125 subditur
1104 1099 1112 1124 ε
1130 1087 1314 1124 Abscondi
1323 1115 1335 1131 ,

299 1149 342 1187 id
362 1152 441 1194 est,
468 1149 699 1188 abscondite
729 1149 811 1186 sive
842 1152 952 1187 caute
982 1149 1132 1197 scripsi.
1153 1152 1196 1187 Et
1215 1151 1335 1196 nota,

299 1212 412 1260 quod
430 1212 472 1249 in
489 1212 567 1250 hoc
595 1212 754 1258 codice,
775 1212 923 1249 scilicet
942 1212 984 1249 in
1003 1212 1142 1259 corde,
1165 1212 1336 1249 scriben-

299 1274 397 1311 dum
416 1277 472 1312 est
491 1277 602 1312 caute
621 1274 767 1322 triplici
788 1275 940 1312 ratione
963 1287 972 1312 ε
995 1274 1197 1321 videlicet,
1214 1284 1337 1322 prop·

296 1337 354 1374 ter
373 1336 581 1383 zelatores,
614 1336 833 1384 delatores,
855 1336 1082 1374 adulatores
1116 1348 1125 1374 :
1153 1347 1203 1374 ne
1232 1336 1336 1374 zela·

296 1401 401 1437 tores
419 1398 635 1447 plangant3
657 1408 707 1435 ne
734 1398 931 1436 delatores
949 1400 1128 1447 pungant
1139 1411 1150 1446 3
1171 1409 1221 1436 ne
1239 1398 1336 1436 adu-

295 1459 442 1499 latores
474 1463 637 1508 ungant.
675 1462 728 1497 De
759 1460 898 1508 primis
936 1461 1120 1498 scribitur
1156 1461 1198 1498 in
1228 1461 1335 1499 hunc

295 1523 496 1561 modum³
532 1535 540 1560 ε
566 1536 585 1558 α
615 1527 645 1561 Α
672 1523 892 1560 zelantibus
929 1526 966 1561 te
1004 1534 1076 1572 per
1113 1523 1334 1570 invidiam,

295 1587 496 1624 absconde
515 1588 625 1624 tuam
642 1586 898 1634 prudentiam
913 1614 926 1634 ,
946 1600 964 1622 »
988 1598 1039 1625 ne
1058 1587 1193 1627 forsan
1211 1598 1334 1626 uran-

293 1651 355 1686 tur
390 1659 463 1696 per
498 1648 799 1697 impatientiam.
833 1652 884 1687 De
921 1649 1167 1687 secundariis
1190 1648 1203 1670 u
1232 1661 1240 1687 :
1268 1653 1335 1688 «A

292 1710 452 1759 flagello
478 1711 624 1760 linguae
648 1713 922 1751 absconderis.
951 1727 969 1747 »
992 1713 1100 1752 Istud
1127 1713 1335 1761 flagellum

293 1777 350 1812 est
380 1775 632 1814 detractionis
661 1775 820 1813 vitium.
840 1777 892 1813 De
917 1776 1039 1814 tertiis
1055 1776 1239 1815 scribitur
1257 1776 1331 1814 sub

292 1837 354 1876 his
371 1837 504 1876 verbis
517 1839 555 1876 ⁵:
576 1851 594 1874 «
612 1839 814 1887 Sapientes
830 1839 1084 1877 abscondunt
1102 1840 1332 1887 scientiam;

294 1910 339 1938 os
358 1903 491 1940 autem
506 1902 612 1941 stulti
632 1901 854 1941 confusioni
873 1902 1104 1950 proximum
1121 1905 1191 1940 est.
1208 1916 1226 1938 n
1251 1903 1333 1941 Pri-

293 1973 404 2003 mum
432 1967 488 2004 est
514 1964 768 2012 humilitatis3
797 1965 1019 2004 secundum
1049 1966 1106 2004 est
1132 1965 1327 2004 vanitatis.

627 2070 812 2107 Articulus
838 2072 984 2107 tertius.

338 2154 536 2200 Quantum
560 2153 613 2191 ad
636 2152 814 2200 tertium,
846 2153 1007 2191 additur
1029 2164 1038 2191 :
1068 2154 1226 2202 Eloquia
1252 2156 1328 2191 tua.

290 2219 388 2255 Ecce
405 2216 505 2264 quid
522 2215 855 2264 perscribendum
865 2227 878 2263 3
900 2216 1095 2264 quoniam
1123 2217 1332 2265 eloquium

290 2278 465 2327 bonum,
484 2278 690 2327 eloquium
710 2278 903 2317 divinum.
924 2281 968 2317 Et
985 2281 1102 2326 nota,
1122 2280 1235 2328 quod
1252 2279 1331 2319 elo·

291 2342 431 2391 quium
459 2341 640 2380 divinum
670 2344 728 2379 est
760 2341 939 2380 notabile
975 2342 1119 2391 triplici
1150 2343 1331 2391 ratione,

289 2404 498 2450 videlicet,
520 2406 682 2452 propter
709 2403 918 2451 decorem,
935 2404 1166 2451 dulcorem,
1195 2404 1329 2443 servo-

289 2477 388 2504 rem.
409 2467 531 2503 Decor
550 2468 699 2513 spectat
724 2465 777 2503 ad
803 2465 1073 2513 eloquentiam
1085 2478 1096 2512 3
1119 2466 1259 2504 dulcor
1277 2467 1330 2504 ad

291 2527 524 2576 sapientiam
534 2539 545 2574 3
566 2527 700 2565 fervor
731 2528 783 2566 ad
812 2527 1017 2574 justitiam.
1050 2530 1103 2565 De
1130 2528 1261 2576 primo
1282 2529 1295 2552 θ
1317 2540 1326 2566 :

295 2605 313 2628 «
341 2591 561 2640 Nephtalim
594 2601 734 2628 cervus
760 2592 944 2637 emissus,
967 2594 1004 2630 et
1036 2591 1136 2629 dans
1169 2591 1329 2639 eloquia

290 2656 608 2705 pulchritudinis.
630 2669 649 2691 n
666 2657 708 2693 In
729 2667 809 2704 quo
829 2658 989 2694 notatur
1006 2656 1153 2693 modus
1168 2656 1328 2693 dicendi

291 2719 528 2767 tripartitus,
555 2718 741 2756 videlicet
772 2719 972 2765 eruditus,
1005 2719 1232 2767 expeditus,
1263 2730 1328 2756 ex-

290 2782 450 2830 politus.
468 2783 679 2829 Nephtalim
700 2792 897 2830 namque,
918 2781 1031 2830 quod
1051 2782 1328 2830 interpretatur

290 2845 464 2881 dilatatio
487 2856 584 2888 mea,
613 2844 782 2892 pertinet
813 2845 866 2882 ad
894 2845 1182 2892 eruditionem3
1206 2856 1327 2882 cervus

291 2906 343 2943 ad
357 2906 672 2954 expeditionem3
689 2909 830 2954 eloquia
843 2907 1130 2954 pulchritudinis
1144 2907 1196 2944 ad
1210 2918 1328 2955 expo-

289 2968 515 3016 liationem3
544 2979 633 3007 ecce
667 2970 920 3018 eloquiorum
950 2969 1082 3006 decor.
1105 2971 1155 3006 De
1182 2980 1323 3007 secun-

291 3030 344 3067 do
364 3032 376 3053 ⁷
408 3043 416 3067 :
443 3032 606 3076 «Quam
644 3032 778 3069 dulcia
808 3032 990 3070 saucibus
1026 3031 1125 3069 meis
1162 3032 1324 3080 eloquia

292 3095 377 3130 tua!
414 3107 434 3130 >³
466 3096 562 3132 Ecce
597 3095 851 3142 eloquiorum
877 3094 1032 3133 dulcor.
1054 3096 1106 3131 De
1139 3094 1250 3132 tertio
1276 3096 1290 3117 ⁸
1315 3108 1323 3132 :

294 3156 543 3204 «Eloquium
571 3157 726 3194 Domini
755 3156 1016 3197 inflammavit
1046 3167 1162 3204 eum3
1185 3171 1204 3193 »
1236 3168 1325 3196 ecce

291 3218 545 3268 eloquiorum
565 3219 708 3258 fervor.

331 3334 337 3352 ¹
360 3333 480 3373 Ecclz'„
498 3341 651 3375 xxxvm,
670 3335 724 3366 28.
745 3351 785 3358 —
806 3335 820 3356 2
839 3335 950 3373 Prov„
973 3341 1042 3374 vn,
1061 3335 1093 3366 3.
1116 3351 1153 3359 —
1173 3334 1186 3354 ³
1206 3335 1324 3377 Eccli„

288 3389 419 3422 xxxvu,
440 3383 472 3414 Ἰ.
494 3399 534 3407 -
554 3383 564 3401 ⁴
580 3382 654 3421 Job,
674 3389 707 3423 V,
730 3384 779 3414 21.
798 3399 838 3407 —
853 3383 862 3401 ⁵
882 3383 993 3420 Prov..
1010 3391 1046 3423 x,
1067 3383 1118 3414 ¹4.
1141 3399 1177 3405 —
1196 3383 1207 3401 ⁶
1228 3383 1323 3424 Gen„

287 3435 390 3470 xmx,
410 3430 464 3462 21.
485 3447 521 3452 —
545 3429 557 3451 ⁷
577 3429 669 3463 Psal.
696 3430 781 3471 hoc,
810 3430 881 3462 ¹03.
904 3446 946 3453 -
972 3432 982 3447 ¹¹
1001 3428 1093 3462 Psal.
1117 3437 1186 3472 etv,
1213 3433 1263 3463 19.
1285 3448 1322 3454 —

289 3476 300 3492 ⁹
319 3475 443 3517 Eccle„
460 3483 509 3518 lx,
531 3478 626 3510 18.-
646 3478 673 3500 ¹⁰
687 3477 802 3519 Micia,
818 3485 880 3519 vir,
900 3478 932 3510 9.
947 3493 987 3504 --
1009 3478 1028 3496 ¹¹
1047 3477 1159 3516 P1·ov.,
1177 3485 1254 3519 vm,
1270 3479 1322 3510 36.

2373 193 2449 232 333

1744 320 1931 357 Articulus
1957 325 2119 367 quartus.

1462 402 1651 446 Quartum
1683 401 1962 449 superadditur
1987 414 1995 439 :
2026 405 2070 440 L‘t
2102 414 2172 440 non
2203 414 2340 451 peccem
2369 403 2449 439 tibi.

1415 464 1510 500 Eece
1549 463 1647 511 quid
1685 463 2018 511 proscribendum
2053 478 2061 501 :
2098 466 2192 512 quia
2229 468 2449 513 peccatum.

1415 524 1610 562 Debemus
1643 528 1775 563 autem
1804 529 2010 574 peccatum
2042 527 2290 574 proscribere
2311 527 2451 575 triplici
2509 530 2611 556 Pecca-

1416 588 1567 625 ratione
1584 601 1592 625 :
1612 589 1799 627 videlicet
1817 599 1866 626 ne
1887 589 2125 637 spoliemur,
2145 601 2194 627 nc
2216 591 2450 636 sauciemur,
2472 573 2610 640 ζὲἲῦἓζο

1415 652 1451 688 et
1464 661 1513 688 ne
1529 652 1762 689 cruciemur.
1780 653 1875 689 Ecce
1897 655 2183 689 nocumentum
2203 654 2449 700 tripartitum,
2471 655 2541 682 dum
2556 655 2610 680 2⁵²-

1413 715 1559 753 seilicet
1577 719 1862 754 nocumentum
1883 727 2062 763 sursum,
2079 716 2191 764 quod
2211 716 2376 764 pertinet
2401 717 2451 754 ad

1412 787 1573 825 poenam
1604 778 1765 825 damni3
1795 781 2082 817 nocumentum
2109 778 2320 824 deorsum,
2341 779 2452 826 quod

1413 839 1548 878 attinet
1579 840 1631 877 ad
1661 851 1823 889 poenam
1854 841 1981 888 ignis,
2013 843 2051 878 et
2076 843 2362 878 nocumentum
2391 841 2451 877 in-

1411 905 1603 949 trorsum,
1628 903 1740 951 quod
1758 903 1918 951 respicit
1936 914 2099 951 poenam
2118 902 2280 940 vermis.
2303 904 2354 940 De
2374 903 2453 950 pri-

1412 975 1479 1002 mo
1508 965 1551 1001 ⁹:
1582 965 1691 1010 «Qui
1723 965 1764 1003 in
1795 976 1876 1002 uno
1907 965 2159 1013 peccaverit,
2189 964 2314 1001 multa
2345 964 2453 1001 bona

1411 1027 1576 1075 perdet;
1597 1040 1615 1063 »
1641 1038 1731 1064 ecce
1760 1039 1880 1076 poena
1909 1027 2045 1065 damni
2066 1038 2089 1064 a
2109 1029 2221 1074 parte
2243 1026 2450 1074 superiori.

1413 1091 1463 1126 De
1479 1089 1655 1127 secundo
1668 1091 1719 1127 ¹⁰:
1740 1091 1872 1127 «Iram
1885 1089 2039 1127 Domini
2057 1089 2242 1137 portabo,
2258 1088 2353 1136 quia
2365 1099 2453 1135 pec-

1413 1152 1499 1190 cavi
1520 1152 1555 1189 ei
1567 1165 1578 1199 3
1600 1166 1618 1187 n
1640 1163 1729 1190 ecce
1748 1163 1868 1200 poena
1891 1152 1992 1199 ignis
2015 1162 2038 1189 a
2058 1154 2168 1200 parte
2197 1150 2385 1188 inferiori.
2402 1153 2451 1187 De

1413 1215 1528 1253 tertio
1545 1216 1570 1238 ¹¹
1589 1228 1597 1252 ε
1618 1230 1635 1250 (ι
1650 1216 1723 1261 Qui
1742 1216 1783 1252 in
1802 1227 1866 1253 me
1886 1215 2122 1264 peccaverit,
2144 1214 2259 1252 laedet
2279 1214 2452 1251 animam

1411 1288 1545 1325 suam,
1564 1291 1583 1314 »
1608 1278 1702 1316 dicit
1732 1278 1950 1326 Sapientia3
1983 1288 2072 1316 ecce
2103 1287 2223 1325 poena
2257 1276 2402 1314 vermis
2430 1288 2453 1313 a

1411 1342 1522 1387 parte
1542 1339 1732 1380 interiori.

1847 1394 2018 1436 Epilogus.

1460 1464 1557 1502 Dicit
1591 1476 1685 1514 ergo
1718 1466 1914 1514 Propheta
1942 1465 1984 1502 in
2013 1464 2263 1513 poenitentis,
2291 1467 2452 1513 propter

1411 1526 1621 1566 horrorem
1658 1528 1817 1566 malitiae
1837 1557 1849 1575 ,
1886 1527 2117 1576 suspirantis
2155 1538 2325 1575 persona
2364 1540 2372 1563 :
2407 1530 2452 1564 In

1411 1590 1513 1627 corde
1527 1601 1621 1637 meo,
1641 1592 1834 1639 tanquam
1851 1590 1893 1627 in
1914 1589 2050 1628 codice
2068 1600 2158 1627 meo
2174 1602 2184 1637 3
2203 1600 2292 1627 ecce
2312 1590 2353 1627 in
2369 1600 2450 1637 quo

1411 1652 1681 1691 scribendum.
1702 1653 1905 1696 Abscondi‚
1925 1652 2003 1691 hoc
2024 1654 2094 1699 est,
2118 1651 2349 1689 abscondite
2369 1651 2451 1688 sive

1411 1718 1523 1753 caute
1560 1716 1698 1765 scripsi
1724 1728 1736 1764 3
1774 1727 1864 1754 ecce
1893 1725 1975 1764 quo
2013 1714 2137 1753 modo
2176 1714 2446 1752 scribendum.

1409 1779 1565 1826 Eloquia
1585 1782 1669 1826 tua,
1690 1779 1836 1817 scilicet
1855 1767 2055 1816 dominica
2067 1791 2078 1825 3
2101 1788 2191 1815 ecce
2221 1778 2320 1825 quid
2339 1787 2446 1825 pers-

1410 1841 1646 1879 cribendum
1662 1870 1674 1889 ‚
1705 1841 1801 1890 quia
1829 1841 1997 1879 bonum.
2030 1842 2075 1877 t't
2094 1851 2164 1877 non
2188 1851 2326 1888 peccem
2360 1840 2448 1885 tibi3

1410 1915 1499 1945 ecce
1519 1906 1618 1954 quid
1635 1904 1993 1954 proscribendum,
2017 1904 2112 1952 quia
2127 1904 2292 1942 malum.

1766 2052 1989 2081 VERSICULUS
2023 2053 2090 2081 xli.

1454 2158 1669 2196 Benedictus
1688 2168 1724 2195 es
1737 2185 1751 2204 ,
1770 2160 1935 2205 Domine,
1964 2160 2036 2194 etc.
2059 2155 2281 2194 versiculus
2301 2166 2448 2204 proece-

1409 2221 1507 2258 dens
1545 2220 1768 2269 pertinebat
1811 2220 1865 2258 ad
1900 2219 2134 2268 poenitentes
2181 2230 2229 2256 ex
2281 2219 2446 2256 horrore

1407 2283 1567 2321 malitiae
1595 2283 1860 2331 suspirantes3
1881 2282 2098 2320 versiculus
2128 2292 2302 2330 praesens
2335 2292 2446 2330 spec-

1406 2349 1461 2384 tat
1494 2347 1546 2383 ad
1579 2345 1811 2394 poenitentes
1846 2355 1927 2393 pree
1962 2355 2097 2382 amore
2127 2344 2283 2391 justitiae
2323 2344 2446 2392 suspi-

1405 2411 1550 2446 rantes.
1576 2408 1684 2445 Unde
1704 2407 1897 2455 Propheta
1921 2406 1963 2443 in
1990 2417 2129 2443 eorum
2154 2417 2325 2454 persona
2350 2417 2444 2454 pro·

1405 2471 1518 2518 ponit
1550 2470 1770 2508 orationem
1791 2497 1804 2514 ,
1844 2472 1881 2506 et
1918 2470 2103 2517 supponit
2140 2470 2443 2517 quadruplicem

1405 2533 1471 2569 Dei
1502 2532 1783 2570 conditionem.
1811 2533 1856 2567 Et
1888 2531 1943 2568 sic
1972 2531 2014 2567 in
2041 2532 2118 2569 hoc
2148 2532 2342 2569 versiculo
2368 2542 2441 2570 no·
2463 2545 2515 2572 nei
2533 2553 2602 2580 qua.

1405 2597 1506 2632 tatur
1538 2594 1792 2642 quadruplex
1835 2594 1901 2630 Dei
1945 2594 2120 2631 conditio
2157 2621 2170 2639 ,
2215 2593 2398 2632 videlicet
2428 2606 2436 2631 :
2461 2586 2599 2655 οἶῒάῐζὶξζ,

1405 2657 1516 2706 quod
1535 2658 1583 2694 sit
1601 2657 1839 2702 lauditluus3
1864 2656 1976 2704 quod
2001 2656 2048 2693 sit
2077 2656 2282 2703 largifluus
2296 2669 2307 2704 ;
2330 2656 2441 2704 quod

1403 2721 1451 2757 sit
1496 2720 1680 2756 lucifluus
1702 2731 1713 2766 3
1762 2718 1874 2767 quod
1923 2720 1970 2755 sit
2017 2718 2246 2755 mellifluus.
2298 2718 2441 2756 Dicitur

1404 2785 1536 2820 autem
1555 2781 1784 2828 laudifluus,
1808 2783 2002 2829 quantum
2022 2781 2074 2818 ad
2094 2780 2203 2818 bona
2222 2780 2416 2818 naturalia
2427 2794 2438 2827 3

1403 2845 1623 2892 lai-gistum,
1645 2846 1838 2892 quantum
1859 2844 1910 2881 ab
1932 2844 2041 2880 bona
2060 2843 2320 2891 temporalia3
2340 2843 2438 2879 luci-

1403 2907 1506 2945 ssuus
1519 2935 1531 2954 ,
1555 2909 1745 2955 quantum
1771 2906 1824 2944 ad
1848 2906 1958 2943 bona
1983 2905 2263 2944 intellectualia
2276 2918 2287 2952 3
2308 2905 2438 2943 melli-

1403 2970 1519 3017 fluus,
1541 2972 1736 3018 quantum
1755 2969 1807 3008 ad
1828 2969 1936 3008 bona
1955 2968 2152 3006 virtualia.

1736 3075 1928 3111 Articulus
1953 3076 2109 3121 primus.

1450 3158 1718 3205 Quamobrem
1737 3157 1931 3206 Propheta
1949 3165 2178 3205 proponens
2200 3155 2436 3201 orationem,

1403 3225 1440 3259 et
1460 3231 1688 3270 supponens
1706 3219 1879 3268 primam
1905 3219 2195 3264 conditionem,
2217 3217 2311 3254 dicit
2331 3229 2340 3254 ε
2370 3219 2438 3255 Be-

1402 3285 1564 3321 nedictus
1586 3295 1641 3330 es,
1664 3285 1702 3321 et
1721 3282 1775 3319 sie
1795 3281 2031 3328 laudissuus,
2060 3280 2154 3328 quia
2178 3279 2361 3317 benedici
2381 3283 2438 3318 est

1400 3346 1571 3384 laudari.
1590 3349 1634 3384 Et
1660 3348 1772 3391 nota,
1801 3344 1913 3392 quod
1943 3343 2132 3381 Dominus
2164 3342 2306 3380 dicitur
2338 3343 2436 3381 bene-

1401 3408 1522 3446 dictus
1535 3436 1544 3452 ‚
1568 3410 1605 3445 et
1620 3407 1674 3444 sic
1690 3405 1907 3444 laudifluus
1925 3408 2088 3454 propter
2107 3405 2200 3444 data
2223 3405 2434 3453 naturalia,
2455 3401 2596 3463 ξέἷξζζ

1402 3473 1439 3508 et
1457 3469 1677 3518 specialiter
1694 3470 1856 3516 propter
1875 3468 1948 3506 tria
1970 3480 1978 3504 :
1997 3468 2128 3516 primo
2141 3496 2154 3516 ‚
2173 3472 2335 3517 propter
2349 3478 2436 3516 per·
2454 3477 2560 3505 dictus.

2498 3350 2596 3378 Domi-
