<?xml version="1.0" encoding="UTF-8"?>
<!DOCTYPE html PUBLIC "-//W3C//DTD XHTML 1.0 Transitional//EN"
    "http://www.w3.org/TR/xhtml1/DTD/xhtml1-transitional.dtd">
<html xmlns="http://www.w3.org/1999/xhtml" xml:lang="en" lang="en">
 <head>
  <title>
</title>
<meta http-equiv="Content-Type" content="text/html;charset=utf-8" />
  <meta name='ocr-system' content='tesseract 3.04.00' />
  <meta name='ocr-capabilities' content='ocr_page ocr_carea ocr_par ocr_line ocrx_word'/>
</head>
<body>
  <div class='ocr_page' id='page_1' title='image "./operaomniasixtiv09bonauoft/operaomniasixtiv09bonauoft_0019.png"; bbox 0 0 2633 3878; ppageno 0'>
   <div class='ocr_carea' id='block_1_1' title="bbox 2239 222 2311 252">
    <p class='ocr_par' dir='ltr' id='par_1_1' title="bbox 2239 222 2311 252">
     <span class='ocr_line' id='line_1_1' title="bbox 2239 222 2311 252; baseline 0 0"><span class='ocrx_word' id='word_1_1' title='bbox 2239 222 2311 252; x_wconf 86' lang='lat' dir='ltr'><em>xm</em></span> 
     </span>
    </p>
   </div>
   <div class='ocr_carea' id='block_1_2' title="bbox 464 319 2031 371">
    <p class='ocr_par' dir='ltr' id='par_1_2' title="bbox 464 319 2031 371">
     <span class='ocr_line' id='line_1_2' title="bbox 464 319 2031 371; baseline 0.002 -14"><span class='ocrx_word' id='word_1_2' title='bbox 464 322 485 367; x_wconf 63' lang='grc' dir='ltr'>ξ</span> <span class='ocrx_word' id='word_1_3' title='bbox 510 321 567 358; x_wconf 91' lang='lat' dir='ltr'><em>IV.</em></span> <span class='ocrx_word' id='word_1_4' title='bbox 589 340 635 348; x_wconf 89' lang='lat'>-</span> <span class='ocrx_word' id='word_1_5' title='bbox 661 321 841 356; x_wconf 66' lang='lat' dir='ltr'><em>Exposmo</em></span> <span class='ocrx_word' id='word_1_6' title='bbox 866 330 997 355; x_wconf 75' lang='lat' dir='ltr'>ALTERA</span> <span class='ocrx_word' id='word_1_7' title='bbox 1023 328 1139 355; x_wconf 73' lang='lat' dir='ltr'><em>ruston</em></span> <span class='ocrx_word' id='word_1_8' title='bbox 1167 330 1198 354; x_wconf 68' lang='lat' dir='ltr'><em>m</em></span> <span class='ocrx_word' id='word_1_9' title='bbox 1226 320 1387 356; x_wconf 75' lang='lat' dir='ltr'><em>PSALMUM</em></span> <span class='ocrx_word' id='word_1_10' title='bbox 1414 319 1544 356; x_wconf 85' lang='lat' dir='ltr'><em>CXVlll</em></span> <span class='ocrx_word' id='word_1_11' title='bbox 1573 320 1795 366; x_wconf 81' lang='lat' dir='ltr'><em>(Prodr0m.‚</em></span> <span class='ocrx_word' id='word_1_12' title='bbox 1825 323 1890 358; x_wconf 81' lang='lat' dir='ltr'><em>col.</em></span> <span class='ocrx_word' id='word_1_13' title='bbox 1920 324 2031 371; x_wconf 69' lang='lat'><em>712).</em></span> 
     </span>
    </p>
   </div>
   <div class='ocr_carea' id='block_1_3' title="bbox 174 401 2328 1934">
    <p class='ocr_par' dir='ltr' id='par_1_3' title="bbox 174 401 2328 1934">
     <span class='ocr_line' id='line_1_3' title="bbox 231 401 2313 462; baseline 0.004 -16"><span class='ocrx_word' id='word_1_14' title='bbox 231 404 332 446; x_wconf 86' lang='lat' dir='ltr'><em>Heic</em></span> <span class='ocrx_word' id='word_1_15' title='bbox 355 403 691 451; x_wconf 87' lang='lat' dir='ltr'><em>discutiendum,</em></span> <span class='ocrx_word' id='word_1_16' title='bbox 723 414 778 444; x_wconf 90' lang='lat' dir='ltr'><em>an</em></span> <span class='ocrx_word' id='word_1_17' title='bbox 796 401 904 444; x_wconf 88' lang='lat' dir='ltr'><em>sicut</em></span> <span class='ocrx_word' id='word_1_18' title='bbox 938 401 983 443; x_wconf 90' lang='lat' dir='ltr'><em>D.</em></span> <span class='ocrx_word' id='word_1_19' title='bbox 1017 401 1318 445; x_wconf 89' lang='lat' dir='ltr'><em>Bonaventura</em></span> <span class='ocrx_word' id='word_1_20' title='bbox 1346 402 1530 444; x_wconf 89' lang='lat' dir='ltr'><em>creditur</em></span> <span class='ocrx_word' id='word_1_21' title='bbox 1559 405 1705 445; x_wconf 84' lang='lat' dir='ltr'>auctor</span> <span class='ocrx_word' id='word_1_22' title='bbox 1738 404 1935 447; x_wconf 79' lang='lat' dir='ltr'><em>Summoe</em></span> <span class='ocrx_word' id='word_1_23' title='bbox 1967 409 2242 462; x_wconf 67' lang='lat' dir='ltr'><em>expositionis</em></span> <span class='ocrx_word' id='word_1_24' title='bbox 2269 413 2313 454; x_wconf 83' lang='lat' dir='ltr'><em>in</em></span> 
     </span>
     <span class='ocr_line' id='line_1_4' title="bbox 179 479 2314 534; baseline 0.004 -12"><span class='ocrx_word' id='word_1_25' title='bbox 179 480 437 522; x_wconf 82' lang='lat' dir='ltr'><em>Psalterium</em></span> <span class='ocrx_word' id='word_1_26' title='bbox 450 510 466 531; x_wconf 86' lang='lat'><em>,</em></span> <span class='ocrx_word' id='word_1_27' title='bbox 487 479 676 533; x_wconf 83' lang='lat' dir='ltr'>adeoque</span> <span class='ocrx_word' id='word_1_28' title='bbox 695 481 736 521; x_wconf 89' lang='lat' dir='ltr'><em>et</em></span> <span class='ocrx_word' id='word_1_29' title='bbox 753 479 961 521; x_wconf 88' lang='lat' dir='ltr'><em>brevioris</em></span> <span class='ocrx_word' id='word_1_30' title='bbox 983 479 1258 533; x_wconf 80' lang='lat' dir='ltr'><em>expositionis</em></span> <span class='ocrx_word' id='word_1_31' title='bbox 1279 480 1324 521; x_wconf 91' lang='lat' dir='ltr'><em>in</em></span> <span class='ocrx_word' id='word_1_32' title='bbox 1349 479 1568 523; x_wconf 91' lang='lat' dir='ltr'><em>Psalmum</em></span> <span class='ocrx_word' id='word_1_33' title='bbox 1591 493 1739 534; x_wconf 83' lang='lat' dir='ltr'><em>cxvm,</em></span> <span class='ocrx_word' id='word_1_34' title='bbox 1773 482 1830 523; x_wconf 89' lang='lat' dir='ltr'><em>ita</em></span> <span class='ocrx_word' id='word_1_35' title='bbox 1851 482 2070 527; x_wconf 86' lang='lat' dir='ltr'><em>habendus</em></span> <span class='ocrx_word' id='word_1_36' title='bbox 2091 487 2145 529; x_wconf 89' lang='lat' dir='ltr'><em>sit</em></span> <span class='ocrx_word' id='word_1_37' title='bbox 2165 491 2314 531; x_wconf 85' lang='lat' dir='ltr'>auctor</span> 
     </span>
     <span class='ocr_line' id='line_1_5' title="bbox 181 555 2312 619; baseline 0.004 -20"><span class='ocrx_word' id='word_1_38' title='bbox 181 559 354 600; x_wconf 85' lang='lat' dir='ltr'><em>alterius</em></span> <span class='ocrx_word' id='word_1_39' title='bbox 373 569 543 612; x_wconf 87' lang='lat' dir='ltr'><em>quoque</em></span> <span class='ocrx_word' id='word_1_40' title='bbox 573 557 742 599; x_wconf 83' lang='lat' dir='ltr'><em>fusioris</em></span> <span class='ocrx_word' id='word_1_41' title='bbox 771 555 1057 610; x_wconf 84' lang='lat' dir='ltr'><em>Expositionis</em></span> <span class='ocrx_word' id='word_1_42' title='bbox 1077 557 1121 598; x_wconf 89' lang='lat' dir='ltr'><em>in</em></span> <span class='ocrx_word' id='word_1_43' title='bbox 1141 557 1342 600; x_wconf 90' lang='lat' dir='ltr'><em>eumdem</em></span> <span class='ocrx_word' id='word_1_44' title='bbox 1363 558 1579 601; x_wconf 86' lang='lat' dir='ltr'><em>Psalmum</em></span> <span class='ocrx_word' id='word_1_45' title='bbox 1616 572 1744 601; x_wconf 78' lang='lat' dir='ltr'><em>cxvm</em></span> <span class='ocrx_word' id='word_1_46' title='bbox 1760 592 1771 610; x_wconf 87' lang='lat'>‚</span> <span class='ocrx_word' id='word_1_47' title='bbox 1807 560 2045 614; x_wconf 90' lang='lat' dir='ltr'><em>incipientis</em></span> <span class='ocrx_word' id='word_1_48' title='bbox 2069 576 2079 605; x_wconf 76' lang='grc' dir='ltr'>ε</span> <span class='ocrx_word' id='word_1_49' title='bbox 2105 565 2312 619; x_wconf 83' lang='lat' dir='ltr'><em>Alleluia,</em></span> 
     </span>
     <span class='ocr_line' id='line_1_6' title="bbox 181 635 2316 695; baseline 0.003 -17"><span class='ocrx_word' id='word_1_50' title='bbox 181 638 274 680; x_wconf 81' lang='lat' dir='ltr'><em>laus</em></span> <span class='ocrx_word' id='word_1_51' title='bbox 293 643 333 680; x_wconf 85' lang='lat' dir='ltr'><em>et</em></span> <span class='ocrx_word' id='word_1_52' title='bbox 361 637 516 692; x_wconf 72' lang='lat' dir='ltr'><em>yloria.</em></span> <span class='ocrx_word' id='word_1_53' title='bbox 539 637 770 679; x_wconf 86' lang='lat' dir='ltr'><strong>Auctorem</strong></span> <span class='ocrx_word' id='word_1_54' title='bbox 790 647 879 678; x_wconf 86' lang='lat' dir='ltr'><em>esse</em></span> <span class='ocrx_word' id='word_1_55' title='bbox 905 635 979 689; x_wconf 89' lang='lat' dir='ltr'><em>huj</em></span> <span class='ocrx_word' id='word_1_56' title='bbox 988 647 1037 677; x_wconf 87' lang='lat' dir='ltr'><em>us</em></span> <span class='ocrx_word' id='word_1_57' title='bbox 1058 636 1186 676; x_wconf 89' lang='lat' dir='ltr'><em>etiam</em></span> <span class='ocrx_word' id='word_1_58' title='bbox 1207 636 1492 690; x_wconf 87' lang='lat' dir='ltr'><em>Expositionis</em></span> <span class='ocrx_word' id='word_1_59' title='bbox 1511 639 1683 679; x_wconf 89' lang='lat' dir='ltr'><em>censent</em></span> <span class='ocrx_word' id='word_1_60' title='bbox 1706 636 1897 679; x_wconf 83' lang='lat' dir='ltr'><em>Editores</em></span> <span class='ocrx_word' id='word_1_61' title='bbox 1925 637 2127 692; x_wconf 88' lang='lat' dir='ltr'><em>Romani,</em></span> <span class='ocrx_word' id='word_1_62' title='bbox 2160 643 2316 695; x_wconf 89' lang='lat' dir='ltr'><em>quibus</em></span> 
     </span>
     <span class='ocr_line' id='line_1_7' title="bbox 179 712 2314 774; baseline 0.003 -18"><span class='ocrx_word' id='word_1_63' title='bbox 179 715 475 768; x_wconf 83' lang='lat' dir='ltr'><em>suffragantur</em></span> <span class='ocrx_word' id='word_1_64' title='bbox 493 714 710 768; x_wconf 84' lang='lat' dir='ltr'><em>exemplar</em></span> <span class='ocrx_word' id='word_1_65' title='bbox 732 713 778 754; x_wconf 91' lang='grc'><em>111</em></span> <span class='ocrx_word' id='word_1_66' title='bbox 797 712 989 755; x_wconf 88' lang='lat' dir='ltr'><em>coenobio</em></span> <span class='ocrx_word' id='word_1_67' title='bbox 1008 712 1206 755; x_wconf 82' lang='lat' dir='ltr'><strong>Fratrum</strong></span> <span class='ocrx_word' id='word_1_68' title='bbox 1225 714 1439 758; x_wconf 89' lang='lat' dir='ltr'><em>Minorum</em></span> <span class='ocrx_word' id='word_1_69' title='bbox 1472 715 1610 758; x_wconf 90' lang='lat' dir='ltr'><em>Castri</em></span> <span class='ocrx_word' id='word_1_70' title='bbox 1643 715 1854 769; x_wconf 87' lang='lat' dir='ltr'><em>Radulphi</em></span> <span class='ocrx_word' id='word_1_71' title='bbox 1883 716 2226 774; x_wconf 80' lang='lat' dir='ltr'><em>(Chatellerault)</em></span> <span class='ocrx_word' id='word_1_72' title='bbox 2249 733 2314 762; x_wconf 89' lang='lat' dir='ltr'><em>re-</em></span> 
     </span>
     <span class='ocr_line' id='line_1_8' title="bbox 177 791 2318 847; baseline 0.001 -13"><span class='ocrx_word' id='word_1_73' title='bbox 177 795 374 847; x_wconf 87' lang='lat' dir='ltr'><em>pertum,</em></span> <span class='ocrx_word' id='word_1_74' title='bbox 398 793 526 834; x_wconf 92' lang='lat' dir='ltr'><em>editio</em></span> <span class='ocrx_word' id='word_1_75' title='bbox 555 793 608 834; x_wconf 88' lang='lat' dir='ltr'><em>ad</em></span> <span class='ocrx_word' id='word_1_76' title='bbox 635 792 828 846; x_wconf 74' lang='lat' dir='ltr'><em>eiusdem</em></span> <span class='ocrx_word' id='word_1_77' title='bbox 851 791 1107 846; x_wconf 83' lang='lat' dir='ltr'><em>exemplaris</em></span> <span class='ocrx_word' id='word_1_78' title='bbox 1126 804 1324 834; x_wconf 90' lang='lat' dir='ltr'><em>normam</em></span> <span class='ocrx_word' id='word_1_79' title='bbox 1352 793 1461 836; x_wconf 83' lang='lat' dir='ltr'><em>facta</em></span> <span class='ocrx_word' id='word_1_80' title='bbox 1488 793 1660 835; x_wconf 89' lang='lat' dir='ltr'><em>Parisiis</em></span> <span class='ocrx_word' id='word_1_81' title='bbox 1683 805 1753 835; x_wconf 92' lang='lat' dir='ltr'><em>an.</em></span> <span class='ocrx_word' id='word_1_82' title='bbox 1780 795 1885 835; x_wconf 78' lang='lat'>1524</span> <span class='ocrx_word' id='word_1_83' title='bbox 1903 794 1949 835; x_wconf 91' lang='lat' dir='ltr'><em>in</em></span> <span class='ocrx_word' id='word_1_84' title='bbox 1967 794 2132 837; x_wconf 84' lang='lat' dir='ltr'><em>aedibus</em></span> <span class='ocrx_word' id='word_1_85' title='bbox 2159 796 2318 838; x_wconf 85' lang='lat' dir='ltr'><em>Claudii</em></span> 
     </span>
     <span class='ocr_line' id='line_1_9' title="bbox 180 869 2320 926; baseline 0.002 -14"><span class='ocrx_word' id='word_1_86' title='bbox 180 870 432 923; x_wconf 87' lang='lat' dir='ltr'><em>Chevallon,</em></span> <span class='ocrx_word' id='word_1_87' title='bbox 455 872 582 924; x_wconf 87' lang='lat' dir='ltr'><em>atque</em></span> <span class='ocrx_word' id='word_1_88' title='bbox 603 869 748 912; x_wconf 84' lang='lat' dir='ltr'><em>Sixtus</em></span> <span class='ocrx_word' id='word_1_89' title='bbox 767 869 982 912; x_wconf 82' lang='lat' dir='ltr'><em>Senensis.</em></span> <span class='ocrx_word' id='word_1_90' title='bbox 1003 869 1148 923; x_wconf 88' lang='lat' dir='ltr'><em>Neque</em></span> <span class='ocrx_word' id='word_1_91' title='bbox 1167 870 1320 922; x_wconf 81' lang='lat' dir='ltr'><em>officit,</em></span> <span class='ocrx_word' id='word_1_92' title='bbox 1351 871 1466 925; x_wconf 90' lang='lat' dir='ltr'><em>quod</em></span> <span class='ocrx_word' id='word_1_93' title='bbox 1488 883 1577 913; x_wconf 88' lang='lat' dir='ltr'><em>una</em></span> <span class='ocrx_word' id='word_1_94' title='bbox 1596 872 1651 913; x_wconf 91' lang='lat' dir='ltr'><em>sit</em></span> <span class='ocrx_word' id='word_1_95' title='bbox 1671 872 1858 923; x_wconf 87' lang='lat' dir='ltr'><em>brevior,</em></span> <span class='ocrx_word' id='word_1_96' title='bbox 1881 873 2013 914; x_wconf 89' lang='lat' dir='ltr'><em>altera</em></span> <span class='ocrx_word' id='word_1_97' title='bbox 2030 874 2192 926; x_wconf 83' lang='lat' dir='ltr'><em>fusior;</em></span> <span class='ocrx_word' id='word_1_98' title='bbox 2219 887 2320 917; x_wconf 89' lang='lat' dir='ltr'><em>nam</em></span> 
     </span>
     <span class='ocr_line' id='line_1_10' title="bbox 176 947 2318 1006; baseline 0.004 -19"><span class='ocrx_word' id='word_1_99' title='bbox 176 947 337 990; x_wconf 90' lang='lat' dir='ltr'><em>laudati</em></span> <span class='ocrx_word' id='word_1_100' title='bbox 356 947 547 989; x_wconf 90' lang='lat' dir='ltr'><em>Editores</em></span> <span class='ocrx_word' id='word_1_101' title='bbox 568 947 748 989; x_wconf 88' lang='lat' dir='ltr'><em>Romani</em></span> <span class='ocrx_word' id='word_1_102' title='bbox 768 947 915 999; x_wconf 86' lang='lat' dir='ltr'><em>aiunt,</em></span> <span class='ocrx_word' id='word_1_103' title='bbox 933 962 952 986; x_wconf 76' lang='grc' dir='ltr'>α</span> <span class='ocrx_word' id='word_1_104' title='bbox 968 947 1011 989; x_wconf 92' lang='lat' dir='ltr'><em>id</em></span> <span class='ocrx_word' id='word_1_105' title='bbox 1030 959 1117 989; x_wconf 92' lang='lat' dir='ltr'><em>non</em></span> <span class='ocrx_word' id='word_1_106' title='bbox 1134 947 1323 990; x_wconf 87' lang='lat' dir='ltr'><em>alienum</em></span> <span class='ocrx_word' id='word_1_107' title='bbox 1345 960 1435 990; x_wconf 90' lang='lat' dir='ltr'><em>esse</em></span> <span class='ocrx_word' id='word_1_108' title='bbox 1455 961 1481 990; x_wconf 90' lang='lat' dir='ltr'><em>a</em></span> <span class='ocrx_word' id='word_1_109' title='bbox 1502 961 1722 992; x_wconf 90' lang='lat' dir='ltr'><em>sacrarum</em></span> <span class='ocrx_word' id='word_1_110' title='bbox 1745 950 1986 992; x_wconf 88' lang='lat' dir='ltr'><em>litterarum</em></span> <span class='ocrx_word' id='word_1_111' title='bbox 2005 951 2318 1006; x_wconf 82' lang='lat' dir='ltr'><em>interpretibUS,</em></span> 
     </span>
     <span class='ocr_line' id='line_1_11' title="bbox 179 1025 2324 1081; baseline 0.001 -13"><span class='ocrx_word' id='word_1_112' title='bbox 179 1026 255 1080; x_wconf 92' lang='lat' dir='ltr'><em>qui</em></span> <span class='ocrx_word' id='word_1_113' title='bbox 273 1039 388 1080; x_wconf 87' lang='lat' dir='ltr'><em>saepe</em></span> <span class='ocrx_word' id='word_1_114' title='bbox 408 1038 593 1068; x_wconf 91' lang='lat' dir='ltr'><em>numero</em></span> <span class='ocrx_word' id='word_1_115' title='bbox 605 1025 752 1068; x_wconf 90' lang='lat' dir='ltr'><em>eadem</em></span> <span class='ocrx_word' id='word_1_116' title='bbox 769 1026 896 1067; x_wconf 85' lang='lat' dir='ltr'><em>modo</em></span> <span class='ocrx_word' id='word_1_117' title='bbox 916 1025 1064 1076; x_wconf 88' lang='lat' dir='ltr'><em>fusius,</em></span> <span class='ocrx_word' id='word_1_118' title='bbox 1079 1026 1206 1068; x_wconf 92' lang='lat' dir='ltr'><em>modo</em></span> <span class='ocrx_word' id='word_1_119' title='bbox 1224 1026 1399 1069; x_wconf 85' lang='lat' dir='ltr'><em>brevius</em></span> <span class='ocrx_word' id='word_1_120' title='bbox 1419 1028 1735 1081; x_wconf 73' lang='lat' dir='ltr'><em>explicarunt.»</em></span> <span class='ocrx_word' id='word_1_121' title='bbox 1755 1027 1895 1070; x_wconf 90' lang='lat' dir='ltr'><em>Nihilo</em></span> <span class='ocrx_word' id='word_1_122' title='bbox 1915 1030 2060 1071; x_wconf 87' lang='lat' dir='ltr'><em>tamen</em></span> <span class='ocrx_word' id='word_1_123' title='bbox 2080 1029 2218 1071; x_wconf 89' lang='lat' dir='ltr'><em>secius</em></span> <span class='ocrx_word' id='word_1_124' title='bbox 2237 1029 2324 1072; x_wconf 88' lang='lat' dir='ltr'><em>ani-</em></span> 
     </span>
     <span class='ocr_line' id='line_1_12' title="bbox 179 1102 2324 1159; baseline 0.001 -13"><span class='ocrx_word' id='word_1_125' title='bbox 179 1104 450 1146; x_wconf 87' lang='lat' dir='ltr'><em>madvertens</em></span> <span class='ocrx_word' id='word_1_126' title='bbox 462 1103 510 1145; x_wconf 89' lang='lat' dir='ltr'><em>P.</em></span> <span class='ocrx_word' id='word_1_127' title='bbox 523 1103 745 1155; x_wconf 66' lang='grc' dir='ltr'><em>Ι8113131661,</em></span> <span class='ocrx_word' id='word_1_128' title='bbox 767 1103 881 1156; x_wconf 92' lang='lat' dir='ltr'><em>quod</em></span> <span class='ocrx_word' id='word_1_129' title='bbox 901 1102 1119 1156; x_wconf 83' lang='lat' dir='ltr'><em>Expositio</em></span> <span class='ocrx_word' id='word_1_130' title='bbox 1139 1103 1233 1146; x_wconf 86' lang='lat' dir='ltr'><em>haec</em></span> <span class='ocrx_word' id='word_1_131' title='bbox 1246 1105 1378 1146; x_wconf 81' lang='lat' dir='ltr'><em>fusior</em></span> <span class='ocrx_word' id='word_1_132' title='bbox 1397 1105 1559 1159; x_wconf 82' lang='lat' dir='ltr'><em>stylum</em></span> <span class='ocrx_word' id='word_1_133' title='bbox 1580 1105 2004 1148; x_wconf 88' lang='lat' dir='ltr'><em>Bonaventurianum</em></span> <span class='ocrx_word' id='word_1_134' title='bbox 2033 1106 2221 1148; x_wconf 86' lang='lat' dir='ltr'><em>redolere</em></span> <span class='ocrx_word' id='word_1_135' title='bbox 2237 1119 2324 1149; x_wconf 93' lang='lat' dir='ltr'><em>non</em></span> 
     </span>
     <span class='ocr_line' id='line_1_13' title="bbox 178 1180 2322 1236; baseline 0.002 -16"><span class='ocrx_word' id='word_1_136' title='bbox 178 1180 387 1232; x_wconf 90' lang='lat' dir='ltr'><em>videatur,</em></span> <span class='ocrx_word' id='word_1_137' title='bbox 413 1180 612 1234; x_wconf 90' lang='lat' dir='ltr'><em>quodque</em></span> <span class='ocrx_word' id='word_1_138' title='bbox 632 1181 709 1222; x_wconf 88' lang='lat' dir='ltr'><em>ubi</em></span> <span class='ocrx_word' id='word_1_139' title='bbox 729 1183 876 1222; x_wconf 84' lang='lat' dir='ltr'><em>auctor</em></span> <span class='ocrx_word' id='word_1_140' title='bbox 895 1180 1113 1234; x_wconf 83' lang='lat' dir='ltr'><em>praedictae</em></span> <span class='ocrx_word' id='word_1_141' title='bbox 1133 1182 1168 1224; x_wconf 89' lang='lat' dir='ltr'><em>S</em></span> <span class='ocrx_word' id='word_1_142' title='bbox 1171 1194 1331 1224; x_wconf 82' lang='lat' dir='ltr'><em>ummae</em></span> <span class='ocrx_word' id='word_1_143' title='bbox 1352 1182 1650 1236; x_wconf 78' lang='lat' dir='ltr'><em>Eoepositionis</em></span> <span class='ocrx_word' id='word_1_144' title='bbox 1672 1184 1716 1224; x_wconf 82' lang='lat' dir='ltr'><em>in</em></span> <span class='ocrx_word' id='word_1_145' title='bbox 1740 1182 2015 1232; x_wconf 72' lang='lat' dir='ltr'><em>Psalterium,</em></span> <span class='ocrx_word' id='word_1_146' title='bbox 2038 1196 2073 1226; x_wconf 87' lang='lat' dir='ltr'><em>c.</em></span> <span class='ocrx_word' id='word_1_147' title='bbox 2097 1196 2192 1236; x_wconf 86' lang='lat' dir='ltr'><em>vm,</em></span> <span class='ocrx_word' id='word_1_148' title='bbox 2216 1197 2260 1226; x_wconf 85' lang='lat' dir='ltr'><em>v.</em></span> <span class='ocrx_word' id='word_1_149' title='bbox 2283 1188 2322 1234; x_wconf 82' lang='lat'><em>7,</em></span> 
     </span>
     <span class='ocr_line' id='line_1_14' title="bbox 174 1256 2323 1315; baseline 0.002 -17"><span class='ocrx_word' id='word_1_150' title='bbox 174 1256 304 1310; x_wconf 87' lang='lat' dir='ltr'><em>legit:</em></span> <span class='ocrx_word' id='word_1_151' title='bbox 323 1258 527 1311; x_wconf 80' lang='lat' dir='ltr'><em>Sprevisti</em></span> <span class='ocrx_word' id='word_1_152' title='bbox 535 1269 680 1299; x_wconf 82' lang='lat' dir='ltr'><em>omnes</em></span> <span class='ocrx_word' id='word_1_153' title='bbox 695 1257 950 1299; x_wconf 77' lang='lat' dir='ltr'><em>discedentes</em></span> <span class='ocrx_word' id='word_1_154' title='bbox 966 1271 994 1299; x_wconf 84' lang='grc' dir='ltr'><em>α</em></span> <span class='ocrx_word' id='word_1_155' title='bbox 1006 1257 1185 1311; x_wconf 83' lang='lat' dir='ltr'><em>judiciis</em></span> <span class='ocrx_word' id='word_1_156' title='bbox 1199 1260 1296 1311; x_wconf 79' lang='lat' dir='ltr'><em>tuis,</em></span> <span class='ocrx_word' id='word_1_157' title='bbox 1313 1262 1460 1302; x_wconf 81' lang='lat' dir='ltr'><em>auctor</em></span> <span class='ocrx_word' id='word_1_158' title='bbox 1471 1259 1758 1314; x_wconf 84' lang='lat' dir='ltr'><em>Expositionis</em></span> <span class='ocrx_word' id='word_1_159' title='bbox 1771 1261 1903 1315; x_wconf 85' lang='lat' dir='ltr'><em>hujus</em></span> <span class='ocrx_word' id='word_1_160' title='bbox 1917 1261 2134 1315; x_wconf 86' lang='lat' dir='ltr'><em>amplioris</em></span> <span class='ocrx_word' id='word_1_161' title='bbox 2144 1262 2189 1302; x_wconf 92' lang='lat' dir='ltr'><em>in</em></span> <span class='ocrx_word' id='word_1_162' title='bbox 2202 1274 2323 1304; x_wconf 91' lang='lat' dir='ltr'><em>eum-</em></span> 
     </span>
     <span class='ocr_line' id='line_1_15' title="bbox 176 1335 2323 1392; baseline 0.002 -15"><span class='ocrx_word' id='word_1_163' title='bbox 176 1335 274 1378; x_wconf 89' lang='lat' dir='ltr'><em>dem</em></span> <span class='ocrx_word' id='word_1_164' title='bbox 292 1335 511 1378; x_wconf 90' lang='lat' dir='ltr'><em>Psalmum</em></span> <span class='ocrx_word' id='word_1_165' title='bbox 530 1349 683 1388; x_wconf 84' lang='lat' dir='ltr'><em>cxvm,</em></span> <span class='ocrx_word' id='word_1_166' title='bbox 707 1349 743 1378; x_wconf 91' lang='lat' dir='ltr'><em>c.</em></span> <span class='ocrx_word' id='word_1_167' title='bbox 773 1349 876 1388; x_wconf 85' lang='lat' dir='ltr'><em>vm,</em></span> <span class='ocrx_word' id='word_1_168' title='bbox 897 1349 939 1378; x_wconf 88' lang='lat' dir='ltr'><em>v.</em></span> <span class='ocrx_word' id='word_1_169' title='bbox 963 1339 989 1377; x_wconf 83' lang='lat'>6</span> <span class='ocrx_word' id='word_1_170' title='bbox 1010 1337 1089 1389; x_wconf 89' lang='lat' dir='ltr'><em>(al.</em></span> <span class='ocrx_word' id='word_1_171' title='bbox 1114 1337 1230 1390; x_wconf 83' lang='lat'>118),</span> <span class='ocrx_word' id='word_1_172' title='bbox 1256 1338 1384 1379; x_wconf 89' lang='lat' dir='ltr'><em>habet</em></span> <span class='ocrx_word' id='word_1_173' title='bbox 1406 1350 1432 1378; x_wconf 82' lang='lat' dir='ltr'><em>cz</em></span> <span class='ocrx_word' id='word_1_174' title='bbox 1459 1337 1639 1390; x_wconf 81' lang='lat' dir='ltr'><em>justitiis</em></span> <span class='ocrx_word' id='word_1_175' title='bbox 1668 1339 1750 1379; x_wconf 80' lang='lat' dir='ltr'><em>tuis</em></span> <span class='ocrx_word' id='word_1_176' title='bbox 1766 1371 1777 1390; x_wconf 86' lang='lat'><em>,</em></span> <span class='ocrx_word' id='word_1_177' title='bbox 1806 1338 1950 1380; x_wconf 91' lang='lat' dir='ltr'><em>intulit</em></span> <span class='ocrx_word' id='word_1_178' title='bbox 1976 1342 2104 1392; x_wconf 90' lang='lat' dir='ltr'><em>atque</em></span> <span class='ocrx_word' id='word_1_179' title='bbox 2133 1350 2323 1392; x_wconf 91' lang='lat' dir='ltr'><em>pronun-</em></span> 
     </span>
     <span class='ocr_line' id='line_1_16' title="bbox 175 1413 2324 1468; baseline 0.001 -14"><span class='ocrx_word' id='word_1_180' title='bbox 175 1413 296 1455; x_wconf 88' lang='lat' dir='ltr'><em>tiavit</em></span> <span class='ocrx_word' id='word_1_181' title='bbox 312 1414 423 1455; x_wconf 92' lang='lat' dir='ltr'><em>hanc</em></span> <span class='ocrx_word' id='word_1_182' title='bbox 451 1414 654 1456; x_wconf 87' lang='lat' dir='ltr'><em>fusiorem</em></span> <span class='ocrx_word' id='word_1_183' title='bbox 684 1413 1003 1468; x_wconf 82' lang='lat' dir='ltr'><em>Expositionem</em></span> <span class='ocrx_word' id='word_1_184' title='bbox 1030 1428 1049 1452; x_wconf 80' lang='grc' dir='ltr'>α</span> <span class='ocrx_word' id='word_1_185' title='bbox 1070 1425 1156 1455; x_wconf 82' lang='grc'>11611</span> <span class='ocrx_word' id='word_1_186' title='bbox 1175 1425 1266 1455; x_wconf 89' lang='lat' dir='ltr'><em>esse</em></span> <span class='ocrx_word' id='word_1_187' title='bbox 1291 1415 1425 1455; x_wconf 88' lang='lat' dir='ltr'><em>sancti</em></span> <span class='ocrx_word' id='word_1_188' title='bbox 1456 1413 1771 1457; x_wconf 88' lang='lat' dir='ltr'><em>Bonaventurae</em></span> <span class='ocrx_word' id='word_1_189' title='bbox 1787 1447 1798 1467; x_wconf 89' lang='lat'><em>,</em></span> <span class='ocrx_word' id='word_1_190' title='bbox 1820 1416 1893 1457; x_wconf 88' lang='lat' dir='ltr'><em>sed</em></span> <span class='ocrx_word' id='word_1_191' title='bbox 1922 1415 2095 1457; x_wconf 91' lang='lat' dir='ltr'><em>Joannis</em></span> <span class='ocrx_word' id='word_1_192' title='bbox 2128 1415 2324 1460; x_wconf 87' lang='lat' dir='ltr'><em>Lemovi-</em></span> 
     </span>
     <span class='ocr_line' id='line_1_17' title="bbox 176 1469 2325 1546; baseline 0.002 -15"><span class='ocrx_word' id='word_1_193' title='bbox 176 1490 312 1532; x_wconf 89' lang='lat' dir='ltr'><em>censis</em></span> <span class='ocrx_word' id='word_1_194' title='bbox 332 1491 532 1532; x_wconf 91' lang='lat' dir='ltr'><em>monachi</em></span> <span class='ocrx_word' id='word_1_195' title='bbox 554 1491 905 1541; x_wconf 87' lang='lat' dir='ltr'><em>Claraevallensis‚</em></span> <span class='ocrx_word' id='word_1_196' title='bbox 930 1503 983 1533; x_wconf 85' lang='lat' dir='ltr'><em>ex</em></span> <span class='ocrx_word' id='word_1_197' title='bbox 997 1503 1096 1532; x_wconf 91' lang='lat' dir='ltr'><em>mss.</em></span> <span class='ocrx_word' id='word_1_198' title='bbox 1121 1492 1263 1533; x_wconf 90' lang='lat' dir='ltr'><em>codice</em></span> <span class='ocrx_word' id='word_1_199' title='bbox 1283 1491 1485 1533; x_wconf 87' lang='lat' dir='ltr'><em>Biblioth.</em></span> <span class='ocrx_word' id='word_1_200' title='bbox 1510 1492 1554 1533; x_wconf 88' lang='lat' dir='ltr'><em>S.</em></span> <span class='ocrx_word' id='word_1_201' title='bbox 1578 1469 1874 1534; x_wconf 53' lang='lat' dir='ltr'><em>Marci&#39;Veneti</em></span> <span class='ocrx_word' id='word_1_202' title='bbox 1889 1525 1902 1544; x_wconf 89' lang='lat'><em>,</em></span> <span class='ocrx_word' id='word_1_203' title='bbox 1923 1494 1998 1546; x_wconf 87' lang='lat' dir='ltr'><em>qui</em></span> <span class='ocrx_word' id='word_1_204' title='bbox 2018 1494 2161 1535; x_wconf 87' lang='lat' dir='ltr'><em>forsan</em></span> <span class='ocrx_word' id='word_1_205' title='bbox 2178 1494 2214 1534; x_wconf 89' lang='lat' dir='ltr'><em>is</em></span> <span class='ocrx_word' id='word_1_206' title='bbox 2241 1497 2325 1546; x_wconf 84' lang='lat' dir='ltr'><em>est,</em></span> 
     </span>
     <span class='ocr_line' id='line_1_18' title="bbox 175 1567 2328 1622; baseline 0.002 -15"><span class='ocrx_word' id='word_1_207' title='bbox 175 1567 252 1620; x_wconf 91' lang='lat' dir='ltr'><em>qui</em></span> <span class='ocrx_word' id='word_1_208' title='bbox 270 1570 460 1622; x_wconf 91' lang='lat' dir='ltr'><em>tempore</em></span> <span class='ocrx_word' id='word_1_209' title='bbox 480 1568 716 1610; x_wconf 87' lang='lat' dir='ltr'><em>Innocentii</em></span> <span class='ocrx_word' id='word_1_210' title='bbox 737 1568 888 1619; x_wconf 84' lang='lat' dir='ltr'><em>Quarti</em></span> <span class='ocrx_word' id='word_1_211' title='bbox 909 1568 1043 1610; x_wconf 85' lang='lat' dir='ltr'><em>factus</em></span> <span class='ocrx_word' id='word_1_212' title='bbox 1067 1567 1280 1620; x_wconf 89' lang='lat' dir='ltr'><em>Minorita‚</em></span> <span class='ocrx_word' id='word_1_213' title='bbox 1306 1581 1376 1610; x_wconf 91' lang='lat' dir='ltr'><em>an.</em></span> <span class='ocrx_word' id='word_1_214' title='bbox 1402 1571 1507 1611; x_wconf 73' lang='lat'>1245</span> <span class='ocrx_word' id='word_1_215' title='bbox 1520 1600 1533 1620; x_wconf 88' lang='lat'><em>‚</em></span> <span class='ocrx_word' id='word_1_216' title='bbox 1556 1572 1647 1610; x_wconf 90' lang='lat' dir='ltr'><em>erat</em></span> <span class='ocrx_word' id='word_1_217' title='bbox 1667 1570 1762 1622; x_wconf 77' lang='lat' dir='ltr'><em>ers</em></span> <span class='ocrx_word' id='word_1_218' title='bbox 1782 1570 2121 1622; x_wconf 81' lang='lat' dir='ltr'><em>poenitentiarius</em></span> <span class='ocrx_word' id='word_1_219' title='bbox 2140 1583 2194 1612; x_wconf 84' lang='lat' dir='ltr'><em>ex</em></span> <span class='ocrx_word' id='word_1_220' title='bbox 2214 1571 2328 1612; x_wconf 85' lang='lat' dir='ltr'><em>Actis</em></span> 
     </span>
     <span class='ocr_line' id='line_1_19' title="bbox 176 1644 2325 1702; baseline 0.002 -16"><span class='ocrx_word' id='word_1_221' title='bbox 176 1645 342 1687; x_wconf 87' lang='lat' dir='ltr'><em>concilii</em></span> <span class='ocrx_word' id='word_1_222' title='bbox 361 1645 686 1700; x_wconf 85' lang='lat' dir='ltr'><em>Lugdunensis,</em></span> <span class='ocrx_word' id='word_1_223' title='bbox 708 1648 750 1687; x_wconf 92' lang='lat' dir='ltr'><em>et</em></span> <span class='ocrx_word' id='word_1_224' title='bbox 769 1647 863 1698; x_wconf 77' lang='lat' dir='ltr'><em>eJus</em></span> <span class='ocrx_word' id='word_1_225' title='bbox 891 1645 1087 1687; x_wconf 86' lang='lat' dir='ltr'><em>meminit</em></span> <span class='ocrx_word' id='word_1_226' title='bbox 1111 1644 1376 1698; x_wconf 88' lang='lat' dir='ltr'><em>Waddingus</em></span> <span class='ocrx_word' id='word_1_227' title='bbox 1400 1646 1453 1687; x_wconf 87' lang='lat' dir='ltr'><em>ad</em></span> <span class='ocrx_word' id='word_1_228' title='bbox 1483 1658 1553 1686; x_wconf 87' lang='grc'>311.</span> <span class='ocrx_word' id='word_1_229' title='bbox 1585 1649 1705 1697; x_wconf 72' lang='grc'>1251,</span> <span class='ocrx_word' id='word_1_230' title='bbox 1738 1659 1782 1687; x_wconf 89' lang='grc'><em>11.</em></span> <span class='ocrx_word' id='word_1_231' title='bbox 1806 1649 1872 1687; x_wconf 83' lang='grc'><em>68.</em></span> <span class='ocrx_word' id='word_1_232' title='bbox 1894 1661 1913 1685; x_wconf 71' lang='grc' dir='ltr'><em>ι)</em></span> <span class='ocrx_word' id='word_1_233' title='bbox 1938 1647 2187 1689; x_wconf 89' lang='lat' dir='ltr'><em>Addiderim</em></span> <span class='ocrx_word' id='word_1_234' title='bbox 2213 1660 2296 1702; x_wconf 90' lang='lat' dir='ltr'><em>ego</em></span> <span class='ocrx_word' id='word_1_235' title='bbox 2314 1681 2325 1701; x_wconf 91' lang='lat'>‚</span> 
     </span>
     <span class='ocr_line' id='line_1_20' title="bbox 175 1722 2328 1777; baseline 0.002 -14"><span class='ocrx_word' id='word_1_236' title='bbox 175 1723 288 1776; x_wconf 91' lang='lat' dir='ltr'><em>quod</em></span> <span class='ocrx_word' id='word_1_237' title='bbox 327 1723 396 1764; x_wconf 90' lang='lat' dir='ltr'><em>ille</em></span> <span class='ocrx_word' id='word_1_238' title='bbox 436 1726 598 1776; x_wconf 83' lang='lat' dir='ltr'><em>auctor,</em></span> <span class='ocrx_word' id='word_1_239' title='bbox 632 1736 668 1764; x_wconf 91' lang='lat' dir='ltr'><em>c.</em></span> <span class='ocrx_word' id='word_1_240' title='bbox 700 1736 714 1764; x_wconf 94' lang='lat'>1</span> <span class='ocrx_word' id='word_1_241' title='bbox 729 1755 740 1775; x_wconf 94' lang='lat'>‚</span> <span class='ocrx_word' id='word_1_242' title='bbox 781 1735 824 1766; x_wconf 86' lang='lat' dir='ltr'><em>v.</em></span> <span class='ocrx_word' id='word_1_243' title='bbox 863 1725 904 1773; x_wconf 82' lang='lat'><em>9,</em></span> <span class='ocrx_word' id='word_1_244' title='bbox 942 1722 1095 1776; x_wconf 80' lang='lat' dir='ltr'><em>psalmi</em></span> <span class='ocrx_word' id='word_1_245' title='bbox 1138 1736 1269 1765; x_wconf 80' lang='lat' dir='ltr'><em>exvm</em></span> <span class='ocrx_word' id='word_1_246' title='bbox 1283 1755 1297 1775; x_wconf 88' lang='lat'><em>,</em></span> <span class='ocrx_word' id='word_1_247' title='bbox 1334 1722 1459 1777; x_wconf 75' lang='lat' dir='ltr'><em>aleph</em></span> <span class='ocrx_word' id='word_1_248' title='bbox 1493 1723 1680 1764; x_wconf 83' lang='lat' dir='ltr'><em>litteram</em></span> <span class='ocrx_word' id='word_1_249' title='bbox 1716 1724 2017 1777; x_wconf 85' lang='lat' dir='ltr'><em>interpretatur</em></span> <span class='ocrx_word' id='word_1_250' title='bbox 2043 1726 2328 1768; x_wconf 86' lang='lat' dir='ltr'><em>tentationum</em></span> 
     </span>
     <span class='ocr_line' id='line_1_21' title="bbox 175 1799 2325 1861; baseline 0.005 -21"><span class='ocrx_word' id='word_1_251' title='bbox 175 1799 330 1853; x_wconf 90' lang='lat' dir='ltr'><em>millia,</em></span> <span class='ocrx_word' id='word_1_252' title='bbox 351 1801 424 1842; x_wconf 90' lang='lat' dir='ltr'><em>sed</em></span> <span class='ocrx_word' id='word_1_253' title='bbox 443 1801 744 1844; x_wconf 89' lang='lat' dir='ltr'><em>Bonaventura</em></span> <span class='ocrx_word' id='word_1_254' title='bbox 769 1802 816 1843; x_wconf 94' lang='lat' dir='ltr'><em>in</em></span> <span class='ocrx_word' id='word_1_255' title='bbox 839 1801 1112 1855; x_wconf 82' lang='lat' dir='ltr'><em>Expositione</em></span> <span class='ocrx_word' id='word_1_256' title='bbox 1132 1802 1279 1856; x_wconf 88' lang='lat' dir='ltr'><em>capitis</em></span> <span class='ocrx_word' id='word_1_257' title='bbox 1300 1814 1344 1854; x_wconf 84' lang='lat'><em>11,</em></span> <span class='ocrx_word' id='word_1_258' title='bbox 1372 1803 1754 1846; x_wconf 75' lang='lat' dir='ltr'><em>Lamentationum</em></span> <span class='ocrx_word' id='word_1_259' title='bbox 1772 1804 1968 1848; x_wconf 86' lang='lat' dir='ltr'><em>Jeremiae</em></span> <span class='ocrx_word' id='word_1_260' title='bbox 1989 1806 2208 1860; x_wconf 70' lang='lat' dir='ltr'><em>prophetae</em></span> <span class='ocrx_word' id='word_1_261' title='bbox 2221 1841 2232 1861; x_wconf 91' lang='lat'><em>,</em></span> <span class='ocrx_word' id='word_1_262' title='bbox 2259 1808 2325 1850; x_wconf 91' lang='lat' dir='ltr'><em>in-</em></span> 
     </span>
     <span class='ocr_line' id='line_1_22' title="bbox 175 1877 1136 1934; baseline 0.001 -16"><span class='ocrx_word' id='word_1_263' title='bbox 175 1877 270 1930; x_wconf 87' lang='lat' dir='ltr'><em>quit</em></span> <span class='ocrx_word' id='word_1_264' title='bbox 295 1891 306 1920; x_wconf 90' lang='lat'>:</span> <span class='ocrx_word' id='word_1_265' title='bbox 334 1892 354 1918; x_wconf 77' lang='grc' dir='ltr'><strong>α</strong></span> <span class='ocrx_word' id='word_1_266' title='bbox 370 1879 507 1933; x_wconf 77' lang='lat' dir='ltr'><em>Aleplz</em></span> <span class='ocrx_word' id='word_1_267' title='bbox 526 1879 833 1934; x_wconf 85' lang='lat' dir='ltr'><em>interpretatur</em></span> <span class='ocrx_word' id='word_1_268' title='bbox 851 1879 1043 1922; x_wconf 85' lang='lat' dir='ltr'><em>doctrina</em></span> <span class='ocrx_word' id='word_1_269' title='bbox 1062 1880 1090 1920; x_wconf 85' lang='lat'><em>¹.</em></span> <span class='ocrx_word' id='word_1_270' title='bbox 1116 1893 1136 1919; x_wconf 74' lang='lat' dir='ltr'><em>n</em></span> 
     </span>
    </p>
   </div>
   <div class='ocr_carea' id='block_1_4' title="bbox 521 1995 1993 2045">
    <p class='ocr_par' dir='ltr' id='par_1_4' title="bbox 521 1995 1993 2045">
     <span class='ocr_line' id='line_1_23' title="bbox 521 1995 1993 2045; baseline 0.003 -15"><span class='ocrx_word' id='word_1_271' title='bbox 521 1995 542 2042; x_wconf 65' lang='grc' dir='ltr'>ξ</span> <span class='ocrx_word' id='word_1_272' title='bbox 566 1996 609 2030; x_wconf 72' lang='lat' dir='ltr'><em>V.</em></span> <span class='ocrx_word' id='word_1_273' title='bbox 633 2014 678 2021; x_wconf 90' lang='lat'>—</span> <span class='ocrx_word' id='word_1_274' title='bbox 706 1995 887 2031; x_wconf 71' lang='lat' dir='ltr'><em>Exposmo</em></span> <span class='ocrx_word' id='word_1_275' title='bbox 916 2006 950 2031; x_wconf 76' lang='lat' dir='ltr'><em>m</em></span> <span class='ocrx_word' id='word_1_276' title='bbox 977 2004 1101 2031; x_wconf 64' lang='grc'>11611611</span> <span class='ocrx_word' id='word_1_277' title='bbox 1127 1995 1364 2032; x_wconf 65' lang='lat' dir='ltr'><em>Ecctsssmsrffi</em></span> <span class='ocrx_word' id='word_1_278' title='bbox 1391 1995 1608 2041; x_wconf 81' lang='lat' dir='ltr'><em>(Prodrom.,</em></span> <span class='ocrx_word' id='word_1_279' title='bbox 1637 1996 1703 2033; x_wconf 87' lang='lat' dir='ltr'><em>col.</em></span> <span class='ocrx_word' id='word_1_280' title='bbox 1733 1998 1795 2034; x_wconf 83' lang='lat'><em>631</em></span> <span class='ocrx_word' id='word_1_281' title='bbox 1827 2001 1863 2034; x_wconf 90' lang='lat' dir='ltr'><em>et</em></span> <span class='ocrx_word' id='word_1_282' title='bbox 1888 1997 1993 2045; x_wconf 89' lang='lat' dir='ltr'><em>seq.).</em></span> 
     </span>
    </p>
   </div>
   <div class='ocr_carea' id='block_1_5' title="bbox 155 2077 2333 3299">
    <p class='ocr_par' dir='ltr' id='par_1_5' title="bbox 155 2077 2329 2830">
     <span class='ocr_line' id='line_1_24' title="bbox 232 2077 2327 2136; baseline 0.001 -14"><span class='ocrx_word' id='word_1_283' title='bbox 232 2078 448 2133; x_wconf 85' lang='lat' dir='ltr'><em>Objiciunt</em></span> <span class='ocrx_word' id='word_1_284' title='bbox 478 2077 671 2121; x_wconf 88' lang='lat' dir='ltr'><em>Editores</em></span> <span class='ocrx_word' id='word_1_285' title='bbox 701 2078 927 2122; x_wconf 88' lang='lat' dir='ltr'><em>novissimi</em></span> <span class='ocrx_word' id='word_1_286' title='bbox 954 2093 963 2120; x_wconf 74' lang='grc' dir='ltr'>ε</span> <span class='ocrx_word' id='word_1_287' title='bbox 1006 2095 1026 2118; x_wconf 88' lang='lat'>«</span> <span class='ocrx_word' id='word_1_288' title='bbox 1046 2078 1422 2121; x_wconf 89' lang='lat' dir='ltr'><em>Nomenclatorum</em></span> <span class='ocrx_word' id='word_1_289' title='bbox 1451 2079 1695 2132; x_wconf 90' lang='lat' dir='ltr'><em>silentium,</em></span> <span class='ocrx_word' id='word_1_290' title='bbox 1735 2092 1885 2122; x_wconf 91' lang='lat' dir='ltr'><em>eorum</em></span> <span class='ocrx_word' id='word_1_291' title='bbox 1916 2081 2044 2122; x_wconf 88' lang='lat' dir='ltr'><em>etiam</em></span> <span class='ocrx_word' id='word_1_292' title='bbox 2077 2082 2236 2136; x_wconf 89' lang='lat' dir='ltr'><em>quibus</em></span> <span class='ocrx_word' id='word_1_293' title='bbox 2266 2083 2327 2125; x_wconf 92' lang='lat' dir='ltr'><em>nil</em></span> 
     </span>
     <span class='ocr_line' id='line_1_25' title="bbox 178 2155 2329 2214; baseline 0.001 -15"><span class='ocrx_word' id='word_1_294' title='bbox 178 2156 318 2211; x_wconf 89' lang='lat' dir='ltr'><em>potius</em></span> <span class='ocrx_word' id='word_1_295' title='bbox 330 2156 426 2208; x_wconf 84' lang='lat' dir='ltr'><em>fuit,</em></span> <span class='ocrx_word' id='word_1_296' title='bbox 443 2167 576 2209; x_wconf 89' lang='lat' dir='ltr'><em>quam</em></span> <span class='ocrx_word' id='word_1_297' title='bbox 593 2159 642 2198; x_wconf 91' lang='lat' dir='ltr'><em>ut</em></span> <span class='ocrx_word' id='word_1_298' title='bbox 655 2155 968 2199; x_wconf 86' lang='lat' dir='ltr'><em>Bonaventurae</em></span> <span class='ocrx_word' id='word_1_299' title='bbox 988 2155 1231 2209; x_wconf 82' lang='lat' dir='ltr'><em>catalogum</em></span> <span class='ocrx_word' id='word_1_300' title='bbox 1251 2159 1461 2210; x_wconf 84' lang='lat' dir='ltr'><em>augerent</em></span> <span class='ocrx_word' id='word_1_301' title='bbox 1479 2157 1654 2199; x_wconf 91' lang='lat' dir='ltr'><em>omnino</em></span> <span class='ocrx_word' id='word_1_302' title='bbox 1669 2162 1697 2198; x_wconf 78' lang='lat'><em>².</em></span> <span class='ocrx_word' id='word_1_303' title='bbox 1715 2172 1735 2196; x_wconf 73' lang='lat' dir='ltr'><em>n</em></span> <span class='ocrx_word' id='word_1_304' title='bbox 1749 2157 1828 2199; x_wconf 91' lang='lat' dir='ltr'><em>Sed</em></span> <span class='ocrx_word' id='word_1_305' title='bbox 1846 2170 2082 2212; x_wconf 88' lang='lat' dir='ltr'><em>perperam,</em></span> <span class='ocrx_word' id='word_1_306' title='bbox 2105 2159 2208 2214; x_wconf 88' lang='lat' dir='ltr'><em>quia</em></span> <span class='ocrx_word' id='word_1_307' title='bbox 2228 2161 2329 2202; x_wconf 87' lang='lat' dir='ltr'><em>satis</em></span> 
     </span>
     <span class='ocr_line' id='line_1_26' title="bbox 179 2231 2326 2286; baseline 0.003 -13"><span class='ocrx_word' id='word_1_308' title='bbox 179 2233 388 2276; x_wconf 87' lang='lat' dir='ltr'><em>indicatur</em></span> <span class='ocrx_word' id='word_1_309' title='bbox 405 2245 430 2275; x_wconf 91' lang='lat' dir='ltr'><em>a</em></span> <span class='ocrx_word' id='word_1_310' title='bbox 448 2231 682 2275; x_wconf 82' lang='lat' dir='ltr'><em>Ptolomaeo</em></span> <span class='ocrx_word' id='word_1_311' title='bbox 704 2232 885 2276; x_wconf 89' lang='lat' dir='ltr'><em>Lucensi</em></span> <span class='ocrx_word' id='word_1_312' title='bbox 901 2265 911 2285; x_wconf 88' lang='lat'>‚</span> <span class='ocrx_word' id='word_1_313' title='bbox 937 2235 1067 2286; x_wconf 88' lang='lat' dir='ltr'><em>atque</em></span> <span class='ocrx_word' id='word_1_314' title='bbox 1105 2233 1352 2286; x_wconf 85' lang='lat' dir='ltr'><em>expressius</em></span> <span class='ocrx_word' id='word_1_315' title='bbox 1386 2236 1651 2276; x_wconf 87' lang='lat' dir='ltr'><em>memoratur</em></span> <span class='ocrx_word' id='word_1_316' title='bbox 1681 2248 1707 2276; x_wconf 88' lang='lat' dir='ltr'><em>a</em></span> <span class='ocrx_word' id='word_1_317' title='bbox 1734 2233 1895 2277; x_wconf 89' lang='lat' dir='ltr'><em>Joanne</em></span> <span class='ocrx_word' id='word_1_318' title='bbox 1914 2235 2136 2279; x_wconf 89' lang='lat' dir='ltr'><em>Francisco</em></span> <span class='ocrx_word' id='word_1_319' title='bbox 2164 2237 2215 2279; x_wconf 91' lang='lat' dir='ltr'><em>de</em></span> <span class='ocrx_word' id='word_1_320' title='bbox 2246 2237 2326 2280; x_wconf 89' lang='lat' dir='ltr'><em>Pa-</em></span> 
     </span>
     <span class='ocr_line' id='line_1_27' title="bbox 179 2309 2328 2369; baseline 0.002 -17"><span class='ocrx_word' id='word_1_321' title='bbox 179 2310 318 2362; x_wconf 89' lang='lat' dir='ltr'><em>vinis,</em></span> <span class='ocrx_word' id='word_1_322' title='bbox 342 2313 419 2352; x_wconf 90' lang='lat' dir='ltr'><em>etc.</em></span> <span class='ocrx_word' id='word_1_323' title='bbox 449 2310 644 2364; x_wconf 83' lang='lat' dir='ltr'><em>Urgent:</em></span> <span class='ocrx_word' id='word_1_324' title='bbox 673 2325 693 2350; x_wconf 81' lang='grc' dir='ltr'><em>ιι</em></span> <span class='ocrx_word' id='word_1_325' title='bbox 714 2310 822 2352; x_wconf 90' lang='lat' dir='ltr'><em>Satis</em></span> <span class='ocrx_word' id='word_1_326' title='bbox 849 2309 930 2352; x_wconf 82' lang='lat' dir='ltr'><em>fuit</em></span> <span class='ocrx_word' id='word_1_327' title='bbox 959 2310 1164 2352; x_wconf 89' lang='lat' dir='ltr'><em>Romanis</em></span> <span class='ocrx_word' id='word_1_328' title='bbox 1195 2310 1462 2362; x_wconf 83' lang='lat' dir='ltr'><em>Editoribus,</em></span> <span class='ocrx_word' id='word_1_329' title='bbox 1486 2314 1533 2352; x_wconf 89' lang='lat' dir='ltr'><em>ut</em></span> <span class='ocrx_word' id='word_1_330' title='bbox 1554 2310 1867 2355; x_wconf 85' lang='lat' dir='ltr'><em>Bonaventurae</em></span> <span class='ocrx_word' id='word_1_331' title='bbox 1898 2325 2057 2355; x_wconf 81' lang='lat' dir='ltr'><em>nomen</em></span> <span class='ocrx_word' id='word_1_332' title='bbox 2085 2314 2130 2355; x_wconf 92' lang='lat' dir='ltr'><em>in</em></span> <span class='ocrx_word' id='word_1_333' title='bbox 2152 2315 2328 2369; x_wconf 91' lang='lat' dir='ltr'><em>antiquo</em></span> 
     </span>
     <span class='ocr_line' id='line_1_28' title="bbox 155 2387 2327 2446; baseline 0.002 -16"><span class='ocrx_word' id='word_1_334' title='bbox 155 2398 160 2401; x_wconf 82' lang='grc'><em>·</em></span> <span class='ocrx_word' id='word_1_335' title='bbox 180 2387 414 2442; x_wconf 84' lang='lat' dir='ltr'><em>exemplari</em></span> <span class='ocrx_word' id='word_1_336' title='bbox 432 2387 627 2431; x_wconf 89' lang='lat' dir='ltr'><em>viderent</em></span> <span class='ocrx_word' id='word_1_337' title='bbox 650 2388 910 2442; x_wconf 88' lang='lat' dir='ltr'><em>inscriptum</em></span> <span class='ocrx_word' id='word_1_338' title='bbox 928 2420 938 2440; x_wconf 89' lang='lat'><strong>‚</strong></span> <span class='ocrx_word' id='word_1_339' title='bbox 963 2400 1049 2442; x_wconf 91' lang='lat' dir='ltr'><em>quo</em></span> <span class='ocrx_word' id='word_1_340' title='bbox 1068 2388 1318 2441; x_wconf 87' lang='lat' dir='ltr'><em>hujusmodi</em></span> <span class='ocrx_word' id='word_1_341' title='bbox 1337 2388 1657 2442; x_wconf 80' lang='lat' dir='ltr'><em>Expositionem</em></span> <span class='ocrx_word' id='word_1_342' title='bbox 1676 2390 1721 2430; x_wconf 97' lang='grc'><em>111</em></span> <span class='ocrx_word' id='word_1_343' title='bbox 1749 2389 2062 2434; x_wconf 85' lang='lat' dir='ltr'><em>Bonaventurae</em></span> <span class='ocrx_word' id='word_1_344' title='bbox 2083 2393 2327 2446; x_wconf 87' lang='lat' dir='ltr'><em>catalogum</em></span> 
     </span>
     <span class='ocr_line' id='line_1_29' title="bbox 181 2464 2316 2525; baseline 0.003 -19"><span class='ocrx_word' id='word_1_345' title='bbox 181 2467 401 2508; x_wconf 81' lang='lat' dir='ltr'><em>referrent.</em></span> <span class='ocrx_word' id='word_1_346' title='bbox 423 2465 479 2507; x_wconf 92' lang='lat' dir='ltr'><em>At</em></span> <span class='ocrx_word' id='word_1_347' title='bbox 499 2465 662 2507; x_wconf 88' lang='lat' dir='ltr'><em>incauti</em></span> <span class='ocrx_word' id='word_1_348' title='bbox 683 2465 880 2507; x_wconf 88' lang='lat' dir='ltr'><em>homines</em></span> <span class='ocrx_word' id='word_1_349' title='bbox 911 2464 1092 2507; x_wconf 90' lang='lat' dir='ltr'><em>minime</em></span> <span class='ocrx_word' id='word_1_350' title='bbox 1123 2465 1422 2517; x_wconf 83' lang='lat' dir='ltr'><em>adverterunt,</em></span> <span class='ocrx_word' id='word_1_351' title='bbox 1448 2467 1542 2508; x_wconf 88' lang='lat' dir='ltr'><em>fieri</em></span> <span class='ocrx_word' id='word_1_352' title='bbox 1562 2467 1791 2522; x_wconf 87' lang='lat' dir='ltr'><em>aliquando</em></span> <span class='ocrx_word' id='word_1_353' title='bbox 1820 2481 1940 2522; x_wconf 86' lang='lat' dir='ltr'><em>posse</em></span> <span class='ocrx_word' id='word_1_354' title='bbox 1966 2473 2014 2512; x_wconf 91' lang='lat' dir='ltr'><em>ut</em></span> <span class='ocrx_word' id='word_1_355' title='bbox 2045 2472 2113 2513; x_wconf 87' lang='lat' dir='ltr'><em>vel</em></span> <span class='ocrx_word' id='word_1_356' title='bbox 2140 2472 2316 2525; x_wconf 90' lang='lat' dir='ltr'><em>antiqua</em></span> 
     </span>
     <span class='ocr_line' id='line_1_30' title="bbox 181 2543 2329 2598; baseline 0.002 -13"><span class='ocrx_word' id='word_1_357' title='bbox 181 2543 440 2598; x_wconf 84' lang='lat' dir='ltr'><em>exemplaria</em></span> <span class='ocrx_word' id='word_1_358' title='bbox 457 2545 582 2585; x_wconf 87' lang='lat' dir='ltr'><em>nobis</em></span> <span class='ocrx_word' id='word_1_359' title='bbox 601 2545 773 2586; x_wconf 89' lang='lat' dir='ltr'><em>errandi</em></span> <span class='ocrx_word' id='word_1_360' title='bbox 793 2555 986 2586; x_wconf 89' lang='lat' dir='ltr'><em>caussam</em></span> <span class='ocrx_word' id='word_1_361' title='bbox 1006 2543 1240 2596; x_wconf 83' lang='lat' dir='ltr'><em>praebeant.</em></span> <span class='ocrx_word' id='word_1_362' title='bbox 1276 2543 1383 2585; x_wconf 88' lang='lat' dir='ltr'><em>Illud</em></span> <span class='ocrx_word' id='word_1_363' title='bbox 1412 2557 1512 2585; x_wconf 88' lang='lat' dir='ltr'><em>cum</em></span> <span class='ocrx_word' id='word_1_364' title='bbox 1534 2545 1682 2598; x_wconf 88' lang='lat' dir='ltr'><em>primis</em></span> <span class='ocrx_word' id='word_1_365' title='bbox 1714 2545 2069 2588; x_wconf 89' lang='lat' dir='ltr'><em>considerandum</em></span> <span class='ocrx_word' id='word_1_366' title='bbox 2089 2551 2198 2598; x_wconf 91' lang='lat' dir='ltr'><em>erat,</em></span> <span class='ocrx_word' id='word_1_367' title='bbox 2222 2560 2329 2589; x_wconf 89' lang='lat' dir='ltr'><em>num</em></span> 
     </span>
     <span class='ocr_line' id='line_1_31' title="bbox 180 2621 2323 2675; baseline 0 -11"><span class='ocrx_word' id='word_1_368' title='bbox 180 2633 278 2675; x_wconf 82' lang='lat' dir='ltr'><em>quae</em></span> <span class='ocrx_word' id='word_1_369' title='bbox 297 2622 453 2675; x_wconf 87' lang='lat' dir='ltr'><em>scripta</em></span> <span class='ocrx_word' id='word_1_370' title='bbox 469 2624 569 2663; x_wconf 93' lang='lat' dir='ltr'><em>sunt</em></span> <span class='ocrx_word' id='word_1_371' title='bbox 592 2621 640 2662; x_wconf 89' lang='grc'><em>111</em></span> <span class='ocrx_word' id='word_1_372' title='bbox 666 2621 841 2674; x_wconf 88' lang='lat' dir='ltr'><em>antiquo</em></span> <span class='ocrx_word' id='word_1_373' title='bbox 874 2621 1132 2675; x_wconf 83' lang='lat' dir='ltr'><em>exemplari,</em></span> <span class='ocrx_word' id='word_1_374' title='bbox 1165 2621 1217 2662; x_wconf 89' lang='lat' dir='ltr'><em>ad</em></span> <span class='ocrx_word' id='word_1_375' title='bbox 1239 2622 1419 2674; x_wconf 90' lang='lat' dir='ltr'><em>genium</em></span> <span class='ocrx_word' id='word_1_376' title='bbox 1459 2621 1770 2665; x_wconf 82' lang='lat' dir='ltr'><em>Bonaventurae</em></span> <span class='ocrx_word' id='word_1_377' title='bbox 1790 2624 2062 2668; x_wconf 86' lang='lat' dir='ltr'><em>accederent.</em></span> <span class='ocrx_word' id='word_1_378' title='bbox 2098 2637 2231 2668; x_wconf 90' lang='lat' dir='ltr'><em>necne</em></span> <span class='ocrx_word' id='word_1_379' title='bbox 2251 2630 2279 2667; x_wconf 83' lang='lat'><em>³.</em></span> <span class='ocrx_word' id='word_1_380' title='bbox 2304 2642 2323 2664; x_wconf 76' lang='grc' dir='ltr'>υ</span> 
     </span>
     <span class='ocr_line' id='line_1_32' title="bbox 181 2697 2329 2757; baseline 0.002 -17"><span class='ocrx_word' id='word_1_381' title='bbox 181 2697 265 2740; x_wconf 89' lang='lat' dir='ltr'><em>Sed</em></span> <span class='ocrx_word' id='word_1_382' title='bbox 282 2699 328 2741; x_wconf 88' lang='lat' dir='ltr'><em>id</em></span> <span class='ocrx_word' id='word_1_383' title='bbox 357 2712 456 2742; x_wconf 82' lang='lat' dir='ltr'><em>cum</em></span> <span class='ocrx_word' id='word_1_384' title='bbox 480 2699 638 2753; x_wconf 83' lang='lat' dir='ltr'><em>primis</em></span> <span class='ocrx_word' id='word_1_385' title='bbox 671 2699 957 2742; x_wconf 78' lang='lat' dir='ltr'><em>considerasse</em></span> <span class='ocrx_word' id='word_1_386' title='bbox 989 2699 1203 2742; x_wconf 89' lang='lat' dir='ltr'><em>Romanos</em></span> <span class='ocrx_word' id='word_1_387' title='bbox 1227 2699 1447 2751; x_wconf 82' lang='lat' dir='ltr'><em>Editores,</em></span> <span class='ocrx_word' id='word_1_388' title='bbox 1482 2712 1620 2755; x_wconf 87' lang='lat' dir='ltr'><em>neque</em></span> <span class='ocrx_word' id='word_1_389' title='bbox 1655 2702 1847 2743; x_wconf 75' lang='lat' dir='ltr'><em>incautos</em></span> <span class='ocrx_word' id='word_1_390' title='bbox 1877 2702 2031 2754; x_wconf 82' lang='lat' dir='ltr'><em>fuisse,</em></span> <span class='ocrx_word' id='word_1_391' title='bbox 2056 2703 2329 2757; x_wconf 89' lang='lat' dir='ltr'><em>perspicuum</em></span> 
     </span>
     <span class='ocr_line' id='line_1_33' title="bbox 180 2778 828 2830; baseline 0.003 -13"><span class='ocrx_word' id='word_1_392' title='bbox 180 2778 243 2818; x_wconf 87' lang='lat' dir='ltr'><em>est</em></span> <span class='ocrx_word' id='word_1_393' title='bbox 274 2789 329 2819; x_wconf 85' lang='lat' dir='ltr'><em>ex</em></span> <span class='ocrx_word' id='word_1_394' title='bbox 348 2787 500 2819; x_wconf 86' lang='lat' dir='ltr'><em>eorum</em></span> <span class='ocrx_word' id='word_1_395' title='bbox 519 2780 782 2830; x_wconf 88' lang='lat' dir='ltr'><em>argumento</em></span> <span class='ocrx_word' id='word_1_396' title='bbox 799 2778 828 2819; x_wconf 72' lang='lat'><em>⁸.</em></span> 
     </span>
    </p>

    <p class='ocr_par' dir='ltr' id='par_1_6' title="bbox 182 2852 2333 3299">
     <span class='ocr_line' id='line_1_34' title="bbox 234 2852 2328 2912; baseline 0.002 -17"><span class='ocrx_word' id='word_1_397' title='bbox 234 2852 424 2896; x_wconf 87' lang='lat' dir='ltr'><em>Profecto</em></span> <span class='ocrx_word' id='word_1_398' title='bbox 472 2853 533 2895; x_wconf 80' lang='lat' dir='ltr'><em>ad</em></span> <span class='ocrx_word' id='word_1_399' title='bbox 568 2855 747 2908; x_wconf 72' lang='lat' dir='ltr'><em>qenium</em></span> <span class='ocrx_word' id='word_1_400' title='bbox 790 2855 1106 2898; x_wconf 81' lang='lat' dir='ltr'><em>Bonaventurae</em></span> <span class='ocrx_word' id='word_1_401' title='bbox 1152 2856 1339 2906; x_wconf 79' lang='lat' dir='ltr'><em>accedit,</em></span> <span class='ocrx_word' id='word_1_402' title='bbox 1391 2855 1505 2910; x_wconf 85' lang='lat' dir='ltr'><em>quod</em></span> <span class='ocrx_word' id='word_1_403' title='bbox 1553 2858 1749 2910; x_wconf 79' lang='lat' dir='ltr'><em>praeferat</em></span> <span class='ocrx_word' id='word_1_404' title='bbox 1793 2857 2068 2911; x_wconf 85' lang='lat' dir='ltr'><em>allegationes</em></span> <span class='ocrx_word' id='word_1_405' title='bbox 2115 2857 2328 2912; x_wconf 89' lang='lat' dir='ltr'><em>Dionysii,</em></span> 
     </span>
     <span class='ocr_line' id='line_1_35' title="bbox 182 2931 2329 2989; baseline 0.001 -15"><span class='ocrx_word' id='word_1_406' title='bbox 182 2931 459 2986; x_wconf 86' lang='lat' dir='ltr'><em>Hieronymi,</em></span> <span class='ocrx_word' id='word_1_407' title='bbox 480 2931 743 2985; x_wconf 88' lang='lat' dir='ltr'><em>Augustini,</em></span> <span class='ocrx_word' id='word_1_408' title='bbox 769 2932 982 2986; x_wconf 89' lang='lat' dir='ltr'><em>Gregorii,</em></span> <span class='ocrx_word' id='word_1_409' title='bbox 1012 2933 1184 2986; x_wconf 88' lang='lat' dir='ltr'><em>Isidori,</em></span> <span class='ocrx_word' id='word_1_410' title='bbox 1215 2934 1462 2975; x_wconf 90' lang='lat' dir='ltr'><em>Damasceni</em></span> <span class='ocrx_word' id='word_1_411' title='bbox 1479 2966 1491 2985; x_wconf 91' lang='lat'><em>,</em></span> <span class='ocrx_word' id='word_1_412' title='bbox 1521 2933 1744 2985; x_wconf 86' lang='lat' dir='ltr'><em>Bernardi,</em></span> <span class='ocrx_word' id='word_1_413' title='bbox 1780 2934 1999 2988; x_wconf 89' lang='lat' dir='ltr'><em>Hugonis‚</em></span> <span class='ocrx_word' id='word_1_414' title='bbox 2026 2935 2329 2989; x_wconf 86' lang='lat' dir='ltr'><em>citationesque</em></span> 
     </span>
     <span class='ocr_line' id='line_1_36' title="bbox 187 3009 2331 3065; baseline 0.001 -14"><span class='ocrx_word' id='word_1_415' title='bbox 187 3009 433 3061; x_wconf 74' lang='lat' dir='ltr'><em>Aristotelis,</em></span> <span class='ocrx_word' id='word_1_416' title='bbox 455 3009 608 3061; x_wconf 88' lang='lat' dir='ltr'><em>Ovidii,</em></span> <span class='ocrx_word' id='word_1_417' title='bbox 623 3009 837 3062; x_wconf 87' lang='lat' dir='ltr'><em>Macrobii,</em></span> <span class='ocrx_word' id='word_1_418' title='bbox 852 3009 1002 3062; x_wconf 87' lang='lat' dir='ltr'><em>Boetii,</em></span> <span class='ocrx_word' id='word_1_419' title='bbox 1022 3013 1101 3052; x_wconf 91' lang='lat' dir='ltr'><em>etc.</em></span> <span class='ocrx_word' id='word_1_420' title='bbox 1123 3011 1272 3053; x_wconf 89' lang='lat' dir='ltr'><em>Itidem</em></span> <span class='ocrx_word' id='word_1_421' title='bbox 1291 3011 1416 3065; x_wconf 67' lang='lat' dir='ltr'><em>{lenio</em></span> <span class='ocrx_word' id='word_1_422' title='bbox 1435 3011 1750 3054; x_wconf 77' lang='lat' dir='ltr'><em>Bonaventuroe</em></span> <span class='ocrx_word' id='word_1_423' title='bbox 1770 3013 1987 3055; x_wconf 84' lang='lat' dir='ltr'><em>conforme</em></span> <span class='ocrx_word' id='word_1_424' title='bbox 2004 3013 2067 3065; x_wconf 88' lang='lat' dir='ltr'><em>(ut</em></span> <span class='ocrx_word' id='word_1_425' title='bbox 2079 3015 2127 3054; x_wconf 89' lang='lat' dir='ltr'><em>ut</em></span> <span class='ocrx_word' id='word_1_426' title='bbox 2142 3011 2331 3054; x_wconf 88' lang='lat' dir='ltr'><em>Editores</em></span> 
     </span>
     <span class='ocr_line' id='line_1_37' title="bbox 182 3085 2328 3144; baseline 0.001 -17"><span class='ocrx_word' id='word_1_427' title='bbox 182 3085 405 3128; x_wconf 86' lang='lat' dir='ltr'><em>novissimi</em></span> <span class='ocrx_word' id='word_1_428' title='bbox 422 3085 666 3138; x_wconf 88' lang='lat' dir='ltr'><em>reclament)</em></span> <span class='ocrx_word' id='word_1_429' title='bbox 683 3086 891 3139; x_wconf 88' lang='lat' dir='ltr'><em>indagare</em></span> <span class='ocrx_word' id='word_1_430' title='bbox 907 3088 1264 3143; x_wconf 88' lang='lat' dir='ltr'><em>philosophorum</em></span> <span class='ocrx_word' id='word_1_431' title='bbox 1283 3092 1530 3143; x_wconf 87' lang='lat' dir='ltr'><em>systemata,</em></span> <span class='ocrx_word' id='word_1_432' title='bbox 1549 3091 1675 3144; x_wconf 90' lang='lat' dir='ltr'><em>atque</em></span> <span class='ocrx_word' id='word_1_433' title='bbox 1693 3090 1739 3131; x_wconf 93' lang='lat' dir='ltr'><em>in</em></span> <span class='ocrx_word' id='word_1_434' title='bbox 1753 3102 1846 3132; x_wconf 90' lang='lat' dir='ltr'><em>rem</em></span> <span class='ocrx_word' id='word_1_435' title='bbox 1863 3103 1986 3132; x_wconf 88' lang='lat' dir='ltr'><em>suam</em></span> <span class='ocrx_word' id='word_1_436' title='bbox 2005 3102 2054 3132; x_wconf 88' lang='lat' dir='ltr'><em>ea</em></span> <span class='ocrx_word' id='word_1_437' title='bbox 2072 3089 2328 3144; x_wconf 86' lang='lat' dir='ltr'><em>pertrahere,</em></span> 
     </span>
     <span class='ocr_line' id='line_1_38' title="bbox 182 3163 2331 3221; baseline 0.002 -18"><span class='ocrx_word' id='word_1_438' title='bbox 182 3163 547 3216; x_wconf 88' lang='lat' dir='ltr'><em>quemadmodum</em></span> <span class='ocrx_word' id='word_1_439' title='bbox 569 3163 614 3204; x_wconf 88' lang='lat' dir='ltr'><em>in</em></span> <span class='ocrx_word' id='word_1_440' title='bbox 632 3164 822 3205; x_wconf 84' lang='lat' dir='ltr'><em>confesso</em></span> <span class='ocrx_word' id='word_1_441' title='bbox 841 3175 932 3206; x_wconf 89' lang='lat' dir='ltr'><em>esse</em></span> <span class='ocrx_word' id='word_1_442' title='bbox 950 3166 1074 3207; x_wconf 87' lang='lat' dir='ltr'><em>dehet</em></span> <span class='ocrx_word' id='word_1_443' title='bbox 1092 3166 1251 3219; x_wconf 91' lang='lat' dir='ltr'><em>legenti</em></span> <span class='ocrx_word' id='word_1_444' title='bbox 1274 3170 1473 3221; x_wconf 80' lang='lat' dir='ltr'><em>quartam</em></span> <span class='ocrx_word' id='word_1_445' title='bbox 1501 3168 1667 3221; x_wconf 87' lang='lat' dir='ltr'><em>partem</em></span> <span class='ocrx_word' id='word_1_446' title='bbox 1686 3167 1784 3209; x_wconf 90' lang='lat' dir='ltr'><em>libri</em></span> <span class='ocrx_word' id='word_1_447' title='bbox 1809 3168 2002 3220; x_wconf 78' lang='lat' dir='ltr'><em>eJ&#39;usdem</em></span> <span class='ocrx_word' id='word_1_448' title='bbox 2020 3166 2331 3209; x_wconf 83' lang='lat' dir='ltr'><em>Bonaventurae</em></span> 
     </span>
     <span class='ocr_line' id='line_1_39' title="bbox 183 3239 2333 3299; baseline 0.002 -18"><span class='ocrx_word' id='word_1_449' title='bbox 183 3239 234 3281; x_wconf 84' lang='lat' dir='ltr'><em>de</em></span> <span class='ocrx_word' id='word_1_450' title='bbox 257 3241 558 3284; x_wconf 70' lang='lat' dir='ltr'><em>Ecclesiastico</em></span> <span class='ocrx_word' id='word_1_451' title='bbox 577 3241 848 3293; x_wconf 79' lang='lat' dir='ltr'><em>Hierarchia,</em></span> <span class='ocrx_word' id='word_1_452' title='bbox 875 3241 1208 3286; x_wconf 86' lang='lat' dir='ltr'><em>Commentarios</em></span> <span class='ocrx_word' id='word_1_453' title='bbox 1236 3244 1282 3285; x_wconf 92' lang='lat' dir='ltr'><em>in</em></span> <span class='ocrx_word' id='word_1_454' title='bbox 1311 3243 1442 3286; x_wconf 90' lang='lat' dir='ltr'><em>libros</em></span> <span class='ocrx_word' id='word_1_455' title='bbox 1468 3245 1816 3297; x_wconf 77' lang='lat' dir='ltr'><em>Sententiarzmz,</em></span> <span class='ocrx_word' id='word_1_456' title='bbox 1840 3249 1918 3287; x_wconf 89' lang='lat' dir='ltr'><em>etc.</em></span> <span class='ocrx_word' id='word_1_457' title='bbox 1940 3244 2130 3299; x_wconf 89' lang='lat' dir='ltr'><em>Cumque</em></span> <span class='ocrx_word' id='word_1_458' title='bbox 2148 3243 2333 3286; x_wconf 90' lang='lat' dir='ltr'><em>Isidorus</em></span> 
     </span>
    </p>
   </div>
   <div class='ocr_carea' id='block_1_6' title="bbox 184 3390 2334 3529">
    <p class='ocr_par' dir='ltr' id='par_1_7' title="bbox 184 3390 2334 3529">
     <span class='ocr_line' id='line_1_40' title="bbox 224 3390 2334 3434; baseline 0.001 -11"><span class='ocrx_word' id='word_1_459' title='bbox 224 3390 238 3412; x_wconf 68' lang='lat'><strong>⁴</strong></span> <span class='ocrx_word' id='word_1_460' title='bbox 257 3391 365 3424; x_wconf 71' lang='lat' dir='ltr'><em>Leves</em></span> <span class='ocrx_word' id='word_1_461' title='bbox 383 3392 535 3434; x_wconf 80' lang='lat' dir='ltr'><em>protecto</em></span> <span class='ocrx_word' id='word_1_462' title='bbox 555 3391 723 3432; x_wconf 80' lang='lat' dir='ltr'><em>rationes,</em></span> <span class='ocrx_word' id='word_1_463' title='bbox 744 3401 809 3424; x_wconf 87' lang='lat' dir='ltr'><em>nec</em></span> <span class='ocrx_word' id='word_1_464' title='bbox 829 3391 913 3423; x_wconf 83' lang='lat' dir='ltr'><em>tanti</em></span> <span class='ocrx_word' id='word_1_465' title='bbox 932 3392 1113 3434; x_wconf 75' lang='lat' dir='ltr'><em>ponderis,</em></span> <span class='ocrx_word' id='word_1_466' title='bbox 1135 3395 1173 3425; x_wconf 86' lang='lat' dir='ltr'><em>ut</em></span> <span class='ocrx_word' id='word_1_467' title='bbox 1193 3393 1432 3426; x_wconf 84' lang='lat' dir='ltr'><em>auctoritatem</em></span> <span class='ocrx_word' id='word_1_468' title='bbox 1452 3393 1537 3426; x_wconf 83' lang='lat' dir='ltr'><em>Sixti</em></span> <span class='ocrx_word' id='word_1_469' title='bbox 1559 3394 1740 3434; x_wconf 82' lang='lat' dir='ltr'><em>Senensis,</em></span> <span class='ocrx_word' id='word_1_470' title='bbox 1761 3403 1803 3426; x_wconf 87' lang='lat' dir='ltr'><em>nc</em></span> <span class='ocrx_word' id='word_1_471' title='bbox 1823 3393 1934 3426; x_wconf 83' lang='lat' dir='ltr'><em>dicam</em></span> <span class='ocrx_word' id='word_1_472' title='bbox 1949 3403 2026 3426; x_wconf 91' lang='lat' dir='ltr'><em>cum</em></span> <span class='ocrx_word' id='word_1_473' title='bbox 2041 3393 2203 3426; x_wconf 82' lang='lat' dir='ltr'><em>Romanis</em></span> <span class='ocrx_word' id='word_1_474' title='bbox 2222 3394 2334 3427; x_wconf 78' lang='lat' dir='ltr'><em>Edito-</em></span> 
     </span>
     <span class='ocr_line' id='line_1_41' title="bbox 184 3439 2331 3483; baseline 0.001 -13"><span class='ocrx_word' id='word_1_475' title='bbox 184 3439 297 3479; x_wconf 77' lang='lat' dir='ltr'><em>1ibus,</em></span> <span class='ocrx_word' id='word_1_476' title='bbox 315 3439 465 3470; x_wconf 79' lang='lat' dir='ltr'><em>omnium</em></span> <span class='ocrx_word' id='word_1_477' title='bbox 483 3448 656 3471; x_wconf 72' lang='lat' dir='ltr'><em>censemus</em></span> <span class='ocrx_word' id='word_1_478' title='bbox 677 3439 916 3473; x_wconf 83' lang='lat' dir='ltr'><em>anctoritatem</em></span> <span class='ocrx_word' id='word_1_479' title='bbox 935 3439 1082 3472; x_wconf 88' lang='lat' dir='ltr'><em>elevent.</em></span> <span class='ocrx_word' id='word_1_480' title='bbox 1106 3457 1141 3463; x_wconf 87' lang='lat'>-</span> <span class='ocrx_word' id='word_1_481' title='bbox 1167 3441 1180 3462; x_wconf 81' lang='lat'>²</span> <span class='ocrx_word' id='word_1_482' title='bbox 1201 3440 1350 3472; x_wconf 74' lang='lat' dir='ltr'><em>Dialrib.</em></span> <span class='ocrx_word' id='word_1_483' title='bbox 1371 3449 1450 3481; x_wconf 81' lang='lat' dir='ltr'><em>pag.</em></span> <span class='ocrx_word' id='word_1_484' title='bbox 1473 3443 1543 3481; x_wconf 89' lang='grc'>107,</span> <span class='ocrx_word' id='word_1_485' title='bbox 1563 3441 1635 3482; x_wconf 80' lang='lat' dir='ltr'><em>hui.</em></span> <span class='ocrx_word' id='word_1_486' title='bbox 1656 3444 1781 3474; x_wconf 81' lang='lat' dir='ltr'><em>nostroe</em></span> <span class='ocrx_word' id='word_1_487' title='bbox 1803 3440 1960 3473; x_wconf 79' lang='lat' dir='ltr'><em>editionis</em></span> <span class='ocrx_word' id='word_1_488' title='bbox 1980 3443 2065 3473; x_wconf 81' lang='lat' dir='ltr'><em>tom.</em></span> <span class='ocrx_word' id='word_1_489' title='bbox 2089 3442 2118 3482; x_wconf 85' lang='lat'><em>1,</em></span> <span class='ocrx_word' id='word_1_490' title='bbox 2139 3450 2219 3483; x_wconf 82' lang='lat' dir='ltr'><em>pag.</em></span> <span class='ocrx_word' id='word_1_491' title='bbox 2240 3449 2331 3474; x_wconf 77' lang='lat' dir='ltr'><em>thv.</em></span> 
     </span>
     <span class='ocr_line' id='line_1_42' title="bbox 184 3485 1922 3529; baseline 0.002 -13"><span class='ocrx_word' id='word_1_492' title='bbox 184 3501 225 3509; x_wconf 90' lang='lat'>-</span> <span class='ocrx_word' id='word_1_493' title='bbox 240 3485 254 3508; x_wconf 82' lang='lat'>⁸</span> <span class='ocrx_word' id='word_1_494' title='bbox 273 3485 436 3526; x_wconf 62' lang='lat' dir='ltr'><em>Diam-ib„</em></span> <span class='ocrx_word' id='word_1_495' title='bbox 455 3495 533 3528; x_wconf 84' lang='lat' dir='ltr'><em>pag.</em></span> <span class='ocrx_word' id='word_1_496' title='bbox 562 3487 640 3526; x_wconf 75' lang='grc'>107,</span> <span class='ocrx_word' id='word_1_497' title='bbox 665 3485 736 3527; x_wconf 89' lang='lat' dir='ltr'><em>huj.</em></span> <span class='ocrx_word' id='word_1_498' title='bbox 757 3489 883 3518; x_wconf 81' lang='lat' dir='ltr'><em>nostrae</em></span> <span class='ocrx_word' id='word_1_499' title='bbox 903 3486 986 3518; x_wconf 84' lang='lat' dir='ltr'><em>edit.</em></span> <span class='ocrx_word' id='word_1_500' title='bbox 1006 3489 1089 3518; x_wconf 83' lang='lat' dir='ltr'><em>tom.</em></span> <span class='ocrx_word' id='word_1_501' title='bbox 1113 3489 1139 3527; x_wconf 96' lang='grc' dir='ltr'>Ι,</span> <span class='ocrx_word' id='word_1_502' title='bbox 1162 3496 1241 3528; x_wconf 80' lang='lat' dir='ltr'><em>pag.</em></span> <span class='ocrx_word' id='word_1_503' title='bbox 1264 3495 1357 3519; x_wconf 76' lang='lat' dir='ltr'>Lx1v.</span> <span class='ocrx_word' id='word_1_504' title='bbox 1375 3505 1416 3511; x_wconf 98' lang='lat'>—</span> <span class='ocrx_word' id='word_1_505' title='bbox 1436 3488 1450 3508; x_wconf 51' lang='grc' dir='ltr'><strong>ὓ</strong></span> <span class='ocrx_word' id='word_1_506' title='bbox 1468 3486 1545 3528; x_wconf 82' lang='lat' dir='ltr'><em>Huj.</em></span> <span class='ocrx_word' id='word_1_507' title='bbox 1569 3491 1652 3521; x_wconf 88' lang='lat' dir='ltr'><em>tom.</em></span> <span class='ocrx_word' id='word_1_508' title='bbox 1678 3496 1727 3528; x_wconf 76' lang='lat' dir='ltr'><em>ix,</em></span> <span class='ocrx_word' id='word_1_509' title='bbox 1747 3496 1826 3529; x_wconf 81' lang='lat' dir='ltr'><em>pag.</em></span> <span class='ocrx_word' id='word_1_510' title='bbox 1850 3489 1922 3520; x_wconf 91' lang='grc'>000.</span> 
     </span>
    </p>
   </div>
  </div>
 </body>
</html>
