2633 3878
1054 224 1294 266 PSALMUS
1325 227 1497 269 CXVIII.

204 319 298 356 citer
316 319 598 365 custodiendo,
617 319 715 356 sicut
737 318 872 355 enituit
890 316 929 353 in
951 314 1126 352 secundo
1139 327 1150 361 ;
1172 317 1239 351 aut

201 381 334 429 ipsum
359 381 568 418 efficaciter
595 379 853 428 adimplendo
869 406 880 425 ,
903 378 1001 414 sicut
1020 376 1179 414 emicuit
1197 376 1237 412 in

202 443 315 481 tertio
332 456 340 480 :
363 444 418 481 sic
435 446 473 480 et
490 443 620 491 ipsum
633 440 910 490 perspicaciter
930 437 1237 483 considerando,

201 506 299 543 sicut
316 506 495 544 elucescit
511 505 552 542 in
570 505 657 541 isto.
678 506 739 541 Est
755 506 885 541 autem
904 500 1236 550 quadrimembris

202 568 375 605 conditio
410 568 594 604 denotata
623 567 663 603 in
696 565 875 614 praesenti
907 563 1119 609 versiculo,
1156 573 1236 610 qua

200 630 385 667 laudatur
419 630 491 666 ista
524 629 807 675 consideratio;
838 631 998 675 utputa,
1027 626 1121 674 quia
1156 625 1235 662 vir-

200 694 333 738 tuosa,
367 691 566 737 studiosa,
600 690 836 737 affectuosa,
869 690 1080 726 fructuosa.
1109 687 1236 725 Prima

200 753 374 791 conditio
410 756 558 801 spectat
595 753 647 790 ad
682 753 849 800 gratiam
891 751 1136 797 devotionis3
1178 761 1236 787 se-

200 816 345 862 cunda,
365 816 416 853 ad
447 816 613 863 gratiam
633 815 877 852 discretionis
891 827 901 860 3
925 813 1050 858 tertia,
1074 813 1124 850 ad
1151 823 1235 859 gra-

198 877 292 914 tiam
320 878 580 916 aemulationis
598 891 609 925 3
632 880 794 926 quarta,
817 876 869 913 ad
900 875 1067 923 gratiam
1092 875 1233 911 exhor-

198 938 368 976 tationis.

538 988 721 1024 Articulus
739 990 890 1033 primus.

245 1066 287 1100 In
307 1065 634 1110 „iustificationibus
655 1066 741 1103 tuis.
766 1066 859 1101 Ecce
880 1063 987 1100 bona
1008 1063 1233 1100 considera-

195 1126 312 1164 tionis
329 1126 514 1173 materia,
534 1129 673 1174 utputa
694 1125 920 1173 J'ustificatio
947 1125 1148 1162 dominica
1171 1138 1178 1162 :
1211 1137 1234 1162 a
1258 1159 1261 1165 .

196 1201 275 1238 qua
298 1190 440 1227 dicitur
456 1190 718 1227 consideratio
746 1191 940 1235 virtuosa,
961 1190 1055 1238 quia
1071 1190 1234 1227 materia

195 1252 520 1290 considerationis
539 1255 595 1290 est
614 1256 723 1290 actus
742 1253 908 1290 virtutis.
932 1255 974 1289 Et
992 1256 1099 1299 nota,
1123 1252 1233 1300 quod

193 1315 267 1352 tria
288 1315 378 1351 sunt
398 1315 502 1352 cirea
522 1316 822 1362 Justificationes
838 1315 1116 1363 hujuscemodi
1137 1325 1231 1351 con-

193 1377 432 1414 sideranda:
453 1377 657 1425 videlicet,
686 1389 735 1414 ne
758 1378 1012 1423 deserantur,
1033 1389 1082 1415 ne
1105 1377 1233 1425 profe-

193 1441 351 1486 rantur,
374 1450 422 1476 ne
451 1439 689 1477 auferantur.
714 1441 882 1477 Desertio
904 1440 947 1476 fit
966 1451 1037 1488 per
1057 1439 1233 1477 omissio-

194 1511 305 1548 nem,
333 1501 502 1549 prolatio
534 1513 605 1550 per
637 1503 964 1549 ostentationem,
987 1502 1133 1540 ablatio
1161 1513 1232 1550 per

195 1564 514 1601 obdurationem.
544 1566 595 1601 De
622 1564 752 1611 primo
783 1566 793 1586 ¹
826 1577 834 1600 :
867 1578 884 1598 «
911 1564 1230 1601 Justificationem

191 1636 344 1672 meam,
376 1637 497 1674 quam
533 1626 633 1674 coepi
670 1628 801 1663 tenere
817 1654 828 1671 ,
867 1637 949 1662 non
987 1626 1187 1673 deseram3
1209 1640 1227 1661 »

190 1688 303 1735 quasi
333 1688 481 1725 diceret
502 1701 510 1725 ε
531 1677 829 1734 justificationem
847 1717 858 1735 ,
891 1701 999 1736 quam
1030 1693 1128 1726 teneo
1158 1700 1230 1736 per

190 1750 525 1796 observationem,
563 1762 634 1787 ozon
662 1752 820 1788 deseram
857 1762 928 1799 per
956 1751 1225 1788 omissionem.

190 1813 240 1848 De
251 1813 468 1850 secund02:
487 1815 648 1861 «Neque
663 1813 768 1850 enim
778 1813 817 1849 in
829 1813 1190 1861 justificationibus,
1205 1828 1222 1849 »

188 1874 332 1912 scilicet
358 1876 521 1923 prolatis
549 1886 620 1923 per
651 1876 951 1913 ostentationem
965 1904 974 1919 ‚
995 1877 1060 1913 vel
1077 1877 1229 1923 jactan-

188 1936 296 1981 tiam,
320 1938 631 1986 «prosternimus
641 1949 779 1986 preces
797 1940 886 1975 ante
906 1938 1048 1975 faciem
1068 1941 1188 1975 tuam.
1206 1953 1224 1974 »

187 2001 238 2036 De
277 2000 387 2037 tertio
407 2001 421 2022 ³
453 2013 461 2036 :
495 2013 512 2034 «
549 2001 733 2038 Auferam
774 2012 797 2037 a
836 2003 872 2038 te
906 2001 1228 2048 justificationem

184 2064 316 2109 tuam,
342 2065 379 2099 et
401 2063 508 2100 dabo
537 2065 573 2100 te
595 2063 635 2099 in
656 2063 808 2100 animas
829 2063 1062 2100 odientium.
1084 2077 1101 2098 »
1126 2065 1228 2108 Quo-

183 2135 272 2161 rum
284 2125 459 2173 primum
473 2128 622 2173 spectat
639 2126 691 2162 ad
711 2126 1056 2163 mortificationem
1075 2126 1224 2173 meriti;

183 2187 420 2234 secundum,
443 2188 495 2225 ad
514 2188 797 2235 irrogationem
817 2188 1012 2236 supplicii.

503 2298 686 2333 Articulus
711 2296 899 2333 secundas.

229 2379 445 2415 Meditabor.
474 2381 570 2416 Ecce
589 2379 697 2416 bona
717 2379 1044 2416 considerationis
1063 2379 1192 2417 forma
1211 2392 1219 2415 :

181 2451 263 2477 non
282 2451 406 2486 vaga,
433 2441 504 2477 sed
527 2441 630 2487 fixa3
652 2451 735 2477 non
753 2441 878 2487 lenta,
904 2441 975 2477 sed
996 2443 1160 2482 attenta,
1187 2444 1223 2478 et

181 2501 274 2538 ideo
309 2502 498 2539 studiosa.
530 2504 573 2539 Et
599 2504 723 2549 nota,
754 2503 865 2550 quod
899 2503 988 2539 talis
1018 2503 1220 2540 meditatio

181 2574 263 2600 non
284 2563 404 2601 debet
423 2564 568 2601 versari
589 2564 693 2601 circa
712 2564 921 2602 materiam
938 2565 1139 2611 vitiosam,
1164 2567 1221 2601 ut-

180 2628 277 2673 puta
309 2626 626 2673 immunditiam,
654 2627 918 2673 discordiam,
952 2627 1149 2675 rapinam.
1178 2630 1221 2665 Et

181 2690 313 2725 tamen
347 2689 530 2726 nonnulli
574 2689 851 2726 meditationes
894 2700 985 2727 suas
1023 2693 1219 2738 occupant

181 2749 285 2787 eirea
321 2750 431 2787 illam
474 2763 482 2787 z
521 2762 615 2788 nam
650 2762 941 2800 nonnunquam
978 2753 1219 2790 meditantur

181 2812 473 2850 immunditiam
508 2814 645 2861 otiosi,
681 2814 921 2852 discordiam
960 2816 1217 2862 contentiosi,

180 2876 362 2924 rapinam
394 2878 603 2924 negotiosi.
632 2880 682 2916 De
711 2879 840 2927 primo
873 2878 1044 2916 dicitur³
1068 2891 1076 2916 :
1104 2894 1120 2913 «
1140 2879 1216 2916 lni-

181 2939 371 2986 quitatem
398 2940 608 2977 meditatus
629 2944 685 2978 est
703 2941 742 2978 in
763 2941 884 2978 cubili
904 2952 991 2978 suo.
1013 2955 1030 2976 »
1055 2943 1140 2978 Haec
1160 2944 1217 2978 est

181 2999 366 3047 iniquitas
386 3001 658 3050 immunditiae,
674 3004 786 3050 cujus
804 3003 1008 3040 meditatio
1028 3003 1213 3052 frequen-

181 3065 238 3098 ter
262 3063 403 3099 accidit
435 3064 576 3102 otioso.
608 3067 659 3102 De
687 3066 863 3103 secundo
884 3067 897 3088 ⁵
921 3078 929 3102 ε
955 3079 973 3100 «
994 3066 1066 3110 Qui
1085 3066 1213 3103 medi-

180 3126 281 3160 tatur
320 3125 538 3163 discordias
560 3154 571 3173 ,
600 3127 728 3173 diligit
757 3128 878 3165 rixas.
909 3141 928 3163 »
958 3130 1009 3165 De
1036 3128 1148 3166 tertio
1167 3129 1180 3151 ⁶
1203 3142 1211 3165 :

185 3198 201 3220 «
226 3187 396 3235 Rapinas
428 3188 640 3226 meditatur
670 3200 782 3227 mens
811 3200 972 3235 eorum,
992 3192 1029 3226 et
1055 3191 1214 3228 fraudes

179 3250 285 3289 labia
307 3262 447 3289 eorum
465 3252 696 3301 loquuntur.
719 3267 737 3289 »
761 3254 871 3291 Tales
890 3257 979 3292 sunt
998 3255 1212 3302 negotiosi,

180 3313 247 3361 qui
276 3316 460 3364 rapinam
486 3316 727 3354 meditantur
751 3317 792 3354 in
813 3318 1033 3366 emptione,
1055 3321 1091 3355 et
1109 3318 1214 3357 frau-

221 3412 230 3432 ¹
252 3412 323 3454 Job,
343 3422 460 3457 xxvn,
480 3417 512 3448 ὓ.
528 3433 568 3440 -
586 3417 600 3438 ²
623 3417 720 3454 Dan„
741 3425 794 3456 ix,
817 3419 866 3449 18.
890 3416 931 3441 —ss-
949 3418 962 3440 ³
985 3418 1115 3454 Ezech..
1139 3426 1211 3460 xw,

179 3458 231 3491 27.
245 3475 286 3483 —
303 3460 316 3482 ⁴
332 3462 421 3495 Psal.
441 3471 548 3505 xxxv,
570 3467 600 3497 5.
616 3481 656 3488 -
675 3465 689 3488 ⁶
704 3466 815 3506 Ρι·ου.,
834 3473 920 3506 xvn,
944 3467 994 3498 19.
1009 3483 1049 3490 —
1069 3467 1082 3488 ⁶
1101 3467 1212 3508 Prov„

179 3512 274 3548 xxiv,
294 3509 325 3540 2.
348 3525 382 3533 -—-
407 3511 418 3530 ⁷
439 3511 550 3554 Dent„
571 3519 652 3554 xxv,
676 3514 723 3545 19.
746 3531 783 3536 —
805 3513 820 3535 ⁸
838 3512 957 3554 Eccli„
980 3521 1076 3556 xxix,
1098 3515 1151 3547 20.
1174 3532 1208 3538 —

2271 248 2346 283 :3:39

1312 315 1382 352 des
1395 317 1435 353 in
1450 317 1680 355 venditione
1702 321 1818 368 :quia
1838 323 1977 360 volunt
1995 336 2123 364 emere
2144 329 2345 376 vilissimo,

1312 380 1350 413 et
1368 379 1540 417 vendere
1561 380 1773 418 carissime.

1650 488 1838 525 Articulus
1866 494 2005 528 tertius.

1360 570 1441 605 Non
1469 571 1669 607 obtiviscar.
1709 574 1804 609 Ecce
1838 573 1988 610 bonum
2023 578 2345 617 considerationis

1310 629 1570 679 principium,
1586 633 1733 671 scilicet
1751 636 2013 673 aemulationis
2030 642 2171 676 sanctae
2192 641 2345 678 deside-

1311 691 1427 728 rium.
1462 694 1577 737 Quod
1614 695 1714 732 enim
1754 708 1825 744 per
1859 699 2151 737 aemulationem
2191 703 2343 749 agitur,

1312 754 1505 791 oblivioni
1533 767 1614 793 non
1642 759 1821 796 traditur.
1857 761 1961 797 Unde
1992 763 2254 801 consideratio
2274 766 2346 802 ista

1310 820 1413 855 recte
1435 818 1576 856 dicitur
1595 820 1821 859 affectuosa.
1845 824 1910 860 Hic
1929 828 2056 872 potest
2074 829 2216 873 notari,
2235 830 2345 876 quod

1308 880 1382 917 tria
1411 881 1632 928 specialiter
1655 894 1737 920 non
1770 884 1887 922 debet
1907 874 2084 924 oblivisci
2108 901 2116 925 :
2137 889 2344 936 videlicet,

1311 942 1470 990 culpam
1491 943 1753 993 abolendam,
1777 947 1943 994 gratiam
1972 950 2223 988 recolendam
2239 980 2249 996 ,
2279 953 2346 989 be-

1311 1004 1561 1043 neficentiam
1577 1008 1859 1047 exhibendam.
1884 1010 2054 1048 Primum
2076 1013 2238 1060 quidem
2265 1025 2344 1051 non

1312 1066 1431 1104 debet
1461 1069 1644 1106 oblivisci
1677 1081 1748 1118 per
1779 1071 2158 1122 impoenitudinem3
2188 1087 2260 1113 nec
2291 1088 2347 1114 se-

1310 1130 1487 1167 cundum
1516 1142 1587 1179 per
1618 1132 1964 1182 ingratitudinem,
1987 1147 2060 1173 nec
2092 1138 2249 1175 tertium
2276 1150 2347 1187 per

1309 1192 1550 1239 cupidinem.
1573 1196 1622 1231 De
1642 1195 1773 1242 primo
1787 1197 1800 1219 ⁷
1816 1208 1824 1232 :
1843 1210 1860 1231 α
1874 1197 2026 1234 Delebis
2045 1209 2190 1236 nomen
2206 1201 2309 1248 ejus,
2324 1216 2341 1236 ι)

1308 1253 1454 1291 scilicet
1474 1255 1680 1302 Amalech,
1705 1271 1724 1292 «
1745 1259 1820 1295 sub
1840 1259 1939 1296 coelo
1956 1273 1966 1307 3
1990 1271 2082 1298 cave
2106 1272 2155 1298 ne
2183 1262 2345 1299 oblivis-

1305 1317 1435 1364 caris3
1459 1331 1476 1352 »
1512 1318 1624 1365 quasi
1645 1320 1792 1357 diceret
1819 1333 1826 1357 :
1856 1321 1942 1358 Noli
1971 1322 2153 1360 oblivisci
2182 1324 2344 1362 deletio-

1306 1389 1399 1415 nem
1437 1380 1612 1427 peccati3
1647 1382 1747 1419 sicut
1784 1383 1883 1420 solet
1922 1384 1972 1421 ab
2010 1384 2345 1433 impoenitentibus

1309 1442 1406 1478 fieri.
1434 1443 1600 1479 Amalech
1630 1444 1735 1481 enim
1764 1445 2041 1494 interpretatur
2072 1459 2168 1495 gens
2198 1449 2342 1497 bruta,

1305 1508 1342 1543 et
1374 1506 1568 1552 significat
1599 1510 1706 1554 gesta
1741 1509 1935 1554 brutalia,
1970 1513 2006 1546 et
2037 1511 2259 1549 indiscreta.
2293 1515 2344 1550 De

1305 1568 1482 1606 secundo
1498 1569 1536 1604 ⁸:
1564 1582 1582 1603 «
1602 1570 1772 1607 Gratiam
1793 1571 2037 1618 fldeJ‘ussoris
2065 1583 2113 1608 ne
2135 1573 2345 1612 oblivisca-

1304 1630 1382 1676 ris3
1404 1643 1421 1664 »
1443 1630 1590 1668 scilicet
1610 1641 1658 1667 ne
1680 1631 1857 1668 incurras
1878 1633 2018 1670 vitium
2038 1634 2341 1681 ingratitudinis.

1305 1693 1355 1729 De
1370 1692 1482 1729 tertio
1495 1693 1508 1714 ⁹
1522 1704 1530 1729 ι
1547 1705 1564 1727 «
1578 1693 1848 1731 Beneficentiae
1861 1696 1899 1730 et
1918 1696 2209 1734 communionis
2222 1699 2343 1735 nolite

1304 1753 1497 1791 oblivisci.
1520 1769 1536 1788 n
1709 1759 1717 1761 ’

1628 1804 1822 1841 Artz'culus
1850 1810 2014 1852 quartus.

1351 1886 1532 1923 Sermones
1582 1889 1672 1923 tuos.
1712 1890 1809 1924 Eece
1848 1888 1979 1926 bonus
2019 1891 2343 1930 considerationis

1302 1947 1512 1993 terminus,
1534 1950 1577 1984 ut
1606 1949 1926 1998 considerantes,
1947 1952 2045 1989 alios
2076 1953 2340 2003 instruamus,

1303 2011 1346 2045 ut
1359 2010 1664 2048 sermocinando
1679 2011 1970 2050 fructificemus.
1994 2017 2203 2063 Propterea
2222 2017 2341 2055 bene-

1303 2069 1444 2109 dicitur
1454 2072 1536 2109 haee
1550 2073 1813 2111 consideratio
1825 2074 2036 2113 fructuosa.
2054 2079 2098 2114 Et
2109 2081 2216 2125 nota,
2230 2081 2340 2128 quod

1301 2144 1503 2171 sermones
1523 2135 1755 2182 huJusmodi
1776 2148 1858 2174 non
1888 2141 1978 2175 sunt
1997 2141 2336 2188 parvipendendi,

1299 2206 1381 2233 non
1403 2198 1678 2244 erubescendi,
1694 2209 1777 2236 non
1791 2200 2020 2247 negligendi
2039 2213 2048 2238 :
2065 2213 2238 2250 quorum
2259 2205 2339 2252 pri-

1300 2269 1412 2295 mum
1440 2259 1608 2307 pertinet
1640 2261 1692 2298 ad.
1719 2261 1901 2299 effectum
1933 2263 2005 2311 (‹1);
2041 2265 2260 2302 secundum
2287 2267 2339 2304 ad

1299 2320 1464 2358 affatum
1486 2322 1555 2369 (ως
1578 2322 1735 2360 tertium
1755 2324 1807 2360 ad
1825 2324 2018 2362 effectum.
2042 2327 2183 2364 Contra
2203 2329 2338 2375 parvi·

1298 2384 1516 2430 pendentes
1545 2385 1690 2424 dicitur
1710 2388 1737 2410 ¹⁰
1766 2401 1813 2423 :«
1843 2389 2149 2428 subsannabant
2180 2392 2338 2430 nuntios

1298 2446 1390 2492 Dei,
1413 2449 1449 2483 et
1468 2448 1813 2495 parvipendebant
1834 2462 2036 2489 sermones
2067 2453 2164 2500 ejus,
2186 2467 2204 2488 ›>
2227 2454 2335 2490 Unde

1298 2507 1365 2555 qui
1386 2509 1639 2557 parvipendit
1671 2523 1896 2550 sermonem
1917 2514 2099 2552 divinum
2116 2543 2128 2561 ,
2152 2518 2219 2552 aut
2251 2516 2336 2562 eJus

1296 2570 1502 2618 nuntium,
1526 2573 1779 2622 parvipendit
1795 2575 1925 2623 ipsum
1946 2579 2068 2613 Deum
2092 2589 2099 2613 :
2124 2578 2235 2625 quod
2252 2588 2334 2616 non

1296 2638 1352 2672 est
1382 2635 1470 2673 leve
1500 2641 1719 2685 peccatum.
1755 2641 1897 2678 Contra
1932 2641 2204 2679 erubescentes
2234 2643 2332 2691 legi-

1294 2700 1356 2735 tur
1381 2699 1406 2721 ¹¹
1434 2712 1442 2736 :
1472 2712 1489 2734 «
1509 2701 1581 2745 Qui
1603 2712 1666 2739 me
1686 2703 1900 2748 erubuerit,
1923 2707 1960 2740 et
1980 2715 2183 2743 sermones
2204 2718 2330 2754 meos,

1292 2760 1398 2797 hunc
1417 2762 1535 2799 Filius
1564 2763 1738 2801 hominis
1757 2765 1984 2812 erubescet,
2007 2778 2097 2804 cum
2117 2769 2269 2806 venerit
2288 2770 2329 2807 in

1292 2824 1492 2870 maJ'estate
1505 2837 1590 2863 sua.
1613 2839 1631 2860 »
1655 2828 1798 2864 Contra
1809 2828 2052 2875 negligentes
2072 2831 2256 2868 scribitur
2274 2833 2328 2870 ¹²:

1296 2898 1314 2919 «
1334 2887 1508 2924 Audiunt
1538 2898 1743 2926 sermones
1770 2892 1880 2936 tuos,
1901 2894 1937 2928 et
1962 2901 2044 2928 non
2070 2893 2219 2930 faciunt
2237 2905 2304 2931 eos
2318 2924 2330 2941 ‚

1292 2945 1387 2996 quia
1404 2948 1445 2985 in
1467 2951 1663 2988 canticum
1692 2952 1771 2989 oris
1798 2953 1858 2989 sui
1887 2957 2042 2991 vertunt
2060 2954 2162 2993 illos.
2185 2970 2202 2991 »
2222 2957 2330 2994 Unde

1290 3009 1437 3059 liquet,
1466 3013 1577 3059 quod
1609 3013 1665 3049 illi
1697 3016 1787 3051 sunt
1819 3015 2017 3053 audiendo
2051 3018 2194 3055 curiosi
2211 3031 2222 3065 3
2248 3030 2328 3056 non

1289 3072 1472 3111 faciendo
1494 3104 1505 3120 ,
1538 3074 1726 3112 desidiosi
1746 3089 1754 3121 ;
1777 3077 1974 3115 cantando
1994 3107 2007 3124 ,
2039 3080 2326 3117 contumeliosi.

1724 3186 1897 3228 Epilogus.

1339 3263 1433 3300 Dicit
1462 3274 1556 3309 ergo
1590 3265 1782 3312 Propheta
1807 3266 1848 3302 in
1876 3277 2047 3314 persona
2073 3267 2325 3314 poenitentis,

1286 3325 1456 3362 verbum
1477 3326 1542 3362 Dei
1562 3326 1839 3374 perspicaciter
1859 3328 2158 3374 considerantis,
2174 3332 2215 3365 et
2233 3340 2327 3366 con-

1285 3418 1299 3439 ⁹
1327 3417 1437 3458 Helm,
1468 3425 1550 3459 xm,
1589 3420 1635 3450 16.
1668 3436 1708 3441 —
1739 3420 1763 3441 ¹0
1795 3419 1818 3450 11
1854 3419 2022 3461 Paralip..
2055 3422 2258 3462 xxxv1‚16.
2285 3439 2325 3446 —

1289 3466 1309 3486 ¹¹
1336 3465 1496 3505 Luc.,1x‚
1518 3468 1569 3497 20.
1590 3482 1631 3489 —
1652 3466 1677 3487 ¹¹
1696 3465 1829 3505 Ezech„
1852 3470 2051 3502 xxx111,31.

1327 3518 1372 3559 (α)
1395 3519 1471 3559 Ley.
1495 3518 1645 3551 affatum.
1665 3537 1705 3542 -
1724 3518 1768 3560 (b)
1787 3519 1861 3560 Leq.
1883 3519 2055 3554 affectum.

2364 1461 2503 1489 Amalech
