2633 3878
1098 192 1341 238 PSALMUS
1371 196 1544 240 CXVIII.

119 290 228 326 miqui·
250 285 311 321 isti
330 284 544 332 iniquitatis
570 284 804 331 processus?
823 281 975 318 Primus
994 284 1050 319 est
1069 281 1284 330 iniquitatis

91 332 231 400 ὲζξζΰξω
250 347 422 384 incessus
431 359 441 393 3
476 356 540 383 see
554 343 950 392 undus‚iniquitatis
979 354 1181 392 accessus;
1213 347 1282 382 ter-

252 409 344 454 tius,
377 407 590 456 iniquitatis
622 416 826 452 excessus;
855 408 1039 453 quartus,
1069 405 1284 454 iniquitatis

250 481 464 508 successus.
502 472 675 506 Incessus
712 467 847 504 attinet
882 467 934 504 ad
964 469 1255 515 suggestionem
1271 484 1281 516 3

251 543 446 578 accessus,
468 531 520 569 ad
539 530 860 579 subreptionem,
882 541 1083 576 excessus,
1105 531 1156 568 ad
1177 542 1284 569 aver-

250 595 401 633 sionem
413 607 424 641 3
445 603 658 638 successuS‚
677 593 728 630 ad
749 593 1148 631 animadversionem.

582 701 767 737 Articulus
797 702 949 747 primus.

296 784 510 832 iniquitatis
530 784 704 821 incessus
724 782 967 829 insinuatur,
991 793 1081 819 cum
1107 783 1250 820 dicitur
1272 796 1280 820 :

109 856 228 884 viaim-
252 848 358 884 Viam
389 848 614 893 iniquitatis.
669 847 775 882 Viam
826 847 1064 891 iniquitatis,
1100 845 1177 892 ait,
1213 856 1283 893 per

87 897 214 932 vimi&
248 919 369 956 quam
395 908 580 956 iniquitas
610 906 768 944 incedit.
800 907 884 943 Haec
914 907 979 943 via
1013 907 1281 954 proculdubio

247 973 303 1008 est
334 970 548 1017 iniquitatis
583 968 794 1016 suggestio.
825 970 868 1006 Et
901 969 1143 1016 notandum,
1173 970 1282 1018 quod

245 1033 327 1070 haec
358 1031 420 1068 via
448 1031 670 1068 trifurcatur
688 1031 729 1067 in
758 1031 915 1067 trivium
938 1043 946 1067 :
981 1031 1152 1068 continet
1177 1033 1281 1070 enim

245 1095 351 1132 viam
373 1094 537 1140 erroris,
559 1094 664 1131 viam
685 1092 828 1130 furoris
842 1122 853 1139 ,
873 1095 910 1130 et
932 1093 1040 1130 viam
1068 1095 1248 1131 stercoris
1269 1107 1277 1131 :

245 1168 415 1206 quarum
432 1157 561 1205 prima
578 1159 725 1205 spectat
738 1157 790 1193 ad
806 1156 1086 1205 insipientiam,
1107 1159 1282 1196 secunda

243 1221 296 1257 ad
323 1219 628 1268 impatientiam,
662 1219 772 1256 tertia
802 1219 855 1256 ad
887 1219 1194 1256 immunditiam.
1230 1223 1280 1258 De

242 1283 372 1331 prima
390 1282 431 1318 in
455 1281 558 1318 libro
585 1283 796 1328 Sapientioe,
817 1281 887 1318 ubi
916 1281 1098 1318 scribitur
1120 1282 1169 1319 de
1190 1284 1281 1331 qui-

243 1344 435 1388 busdam,
465 1343 534 1392 qui
565 1343 759 1381 insensate
791 1343 972 1381 vixerunt
998 1349 1008 1371 ¹
1033 1356 1042 1381 ε
1083 1357 1101 1378 ι(
1133 1345 1279 1382 Etenim

243 1407 284 1444 in
313 1406 455 1443 erroris
482 1405 546 1442 via
581 1405 726 1443 diutius
755 1409 982 1443 erraverunt
1012 1418 1020 1442 :
1048 1422 1064 1439 »
1096 1417 1184 1444 ecce
1216 1408 1280 1445 via

243 1469 398 1506 erroris.
430 1470 480 1505 De
510 1468 682 1505 secunda
708 1469 721 1489 ²
756 1481 764 1504 :
790 1481 807 1502 «
832 1468 1173 1506 proficiscentibus
1194 1469 1247 1507 ait
1268 1482 1277 1507 :

241 1532 293 1567 Ne
314 1530 538 1567 irascamini
568 1530 609 1566 in
639 1530 722 1576 via‚·
745 1544 762 1564 »
799 1533 835 1568 et
866 1533 955 1567 sunt
983 1531 1106 1568 verba
1135 1532 1279 1579 Joseph

239 1592 375 1629 fratres
390 1592 663 1629 admonentis:
680 1603 769 1630 ecce
786 1593 851 1629 via
865 1593 1020 1630 furoris.
1040 1595 1091 1629 De
1107 1594 1218 1631 tertia
1236 1595 1249 1617 ⁸
1267 1607 1274 1630 :

242 1654 408 1692 «Omnis
429 1654 571 1691 mulier
592 1654 818 1699 fornicaria,
838 1655 952 1702 quasi
971 1656 1117 1692 stercus
1136 1655 1177 1692 in
1196 1655 1276 1701 via,

238 1716 290 1753 ab
323 1716 509 1754 omnibus
536 1716 860 1764 praetereuntibus
891 1717 1220 1755 conculcabitur:
1254 1731 1272 1753 »

238 1789 327 1815 ecce
347 1778 412 1816 via
430 1779 622 1816 stercoris.

557 1885 746 1921 Articulus
766 1885 953 1921 secundus.

109 1982 216 2016 tuiqui-
283 1968 498 2016 miquitatis
531 1978 707 2005 accessus
738 1967 955 2014 indicatur,
987 1979 1077 2004 cum
1110 1969 1273 2015 subJ'un-

76 2024 143 2078 ¹.⁸¹.i³
165 2032 213 2050 ³²·
235 2031 338 2078 gitur
359 2043 367 2066 :
402 2032 536 2067 Amove
564 2043 585 2066 α
607 2041 661 2066 me
674 2043 685 2077 3
722 2030 835 2078 quasi
868 2029 972 2067 dicat
993 2041 1001 2066 :
1040 2032 1147 2067 Viam
1162 2059 1174 2077 ,
1201 2042 1273 2079 per

73 2073 183 2092 tessus.
233 2103 354 2140 quam
389 2095 570 2130 movetur
596 2092 805 2140 iniquitas,
838 2103 958 2128 amove
984 2104 1005 2127 α
1032 2103 1085 2128 me
1099 2120 1112 2138 ,
1137 2103 1186 2129 ne
1218 2093 1270 2129 ad

230 2166 294 2192 me
325 2158 532 2192 moveatur
561 2155 776 2203 iniquitas:
809 2165 878 2191 seu
906 2157 1026 2198 viam,
1049 2165 1119 2202 per
1147 2165 1270 2202 quam

228 2217 374 2255 incedit
392 2217 590 2265 iniquitas,
613 2229 732 2255 amove
750 2229 772 2255 α
791 2229 858 2264 me,
877 2228 927 2255 ne
952 2217 1004 2254 ad
1024 2228 1088 2254 me
1109 2217 1270 2255 accedat

227 2280 413 2328 iniquitas
442 2293 450 2317 :
473 2291 518 2318 ac
547 2281 577 2317 si
607 2284 739 2329 aperte
771 2281 903 2318 dicat:
930 2281 1016 2319 Scio
1046 2292 1116 2329 per
1146 2292 1268 2329 quam

226 2343 334 2379 viam
352 2343 538 2390 iniquitas
557 2343 715 2380 incedat
737 2355 745 2380 :
773 2344 868 2382 nolo
892 2344 1004 2392 quod
1023 2344 1077 2380 sic
1095 2343 1267 2390 incedat,

225 2407 268 2441 ut
296 2404 347 2441 ad
376 2415 439 2441 me
467 2405 641 2442 accedat.
670 2408 739 2442 Per
769 2407 1061 2454 suggestionem
1093 2406 1264 2452 incedit3

224 2475 294 2512 per
315 2465 611 2513 subreptionem
630 2467 779 2504 accedit
799 2480 807 2503 :
836 2467 932 2504 nolo
953 2467 1064 2515 quod
1084 2467 1139 2504 sic
1157 2468 1264 2504 ince-

225 2528 292 2564 dat
311 2538 381 2576 per
409 2528 724 2575 suggestionem,
746 2532 789 2566 ut
808 2530 969 2566 accedat
992 2540 1064 2577 per
1096 2530 1263 2577 subrep-

225 2589 384 2626 tionem.
415 2592 457 2626 Et
479 2592 592 2636 nota,
613 2591 725 2639 quod
750 2591 951 2639 tripliciter
971 2591 1100 2628 dicere
1122 2603 1262 2640 possu-

222 2662 311 2688 mus
333 2665 343 2687 :
367 2653 502 2689 Amove
518 2663 540 2689 a
558 2664 625 2699 me,
646 2653 866 2691 secundum
886 2657 961 2691 tres
980 2654 1084 2691 vires
1105 2654 1261 2700 animae,

223 2724 267 2750 ac
287 2713 318 2749 si
340 2713 491 2751 dicatur
511 2727 519 2751 z
549 2715 685 2751 Amove
706 2727 728 2751 a
752 2727 818 2762 me,
840 2715 882 2752 id
903 2719 972 2762 est,
994 2727 1017 2754 a
1036 2727 1126 2754 mea
1145 2717 1262 2754 ratio-

222 2775 368 2820 nabili,
394 2775 458 2812 vel
483 2787 505 2813 a
525 2787 614 2814 mea
642 2777 849 2824 irascibili,
870 2778 935 2814 vel
964 2789 987 2815 a
1009 2789 1098 2815 mea
1119 2789 1261 2815 concu-

221 2837 391 2884 piscibili
414 2851 421 2874 :
455 2849 478 2875 a
506 2850 595 2876 mea
621 2839 784 2887 quidem
804 2840 1044 2887 rationabili,
1068 2843 1260 2889 quantum

222 2898 276 2935 ad
296 2899 564 2947 intelligentiae
583 2901 887 2950 impedimenta3
908 2913 931 2940 a
948 2913 1038 2940 mea
1057 2903 1257 2950 irascibili,

222 2963 415 3007 quantum
450 2963 502 2999 ad
531 2963 780 3011 impatientiae
811 2965 1053 3002 irritamenta
1069 2978 1080 3012 3
1114 2976 1137 3002 a
1171 2976 1260 3003 mea

223 3024 536 3072 concupiscibili,
559 3029 751 3074 quantum
775 3027 826 3064 ad
853 3028 1177 3075 concupiscentiae¹
1199 3028 1258 3065 in-

223 3085 442 3124 citamenta.
470 3089 519 3124 De
537 3088 667 3136 primo
685 3091 698 3112 ⁴
719 3102 727 3126 ;
755 3103 773 3122 α
791 3090 947 3127 Amovit
965 3090 1155 3138 lapidem,
1177 3102 1257 3139 quo

101 3156 202 3184 Jacob.
222 3151 362 3195 puteus
391 3149 698 3187 claudebatur.»
723 3152 779 3189 lbi
815 3152 971 3198 legitur,
1007 3153 1117 3200 quod
1135 3154 1256 3191 Jacob

223 3211 374 3247 amovit
391 3211 595 3259 lapideum
613 3213 720 3260 putei
738 3216 1007 3260 tegumentum
1024 3215 1075 3252 ad
1095 3226 1256 3263 gregem

223 3272 401 3309 Rachelis
429 3273 727 3322 adaquandum.
756 3276 889 3322 Jacob,
929 3277 970 3313 id
990 3279 1047 3314 est
1066 3277 1254 3326 luctator,

224 3334 322 3381 quid
348 3337 425 3382 est,
454 3336 528 3373 nisi
554 3337 753 3384 sapientiae
778 3338 1014 3376 meditator?
1039 3340 1191 3387 Rachel,
1213 3340 1255 3377 id

67 3275 185 3302 [rachel.

265 3417 275 3438 ¹
296 3418 388 3459 Solu,
417 3428 485 3461 xii,
511 3421 563 3452 Ξῖ.
584 3438 624 3444 -
650 3421 660 3440 ²
682 3421 777 3462 Gen.,
805 3429 883 3463 XLV,
905 3423 956 3454 24.
975 3440 1015 3446 —
1036 3422 1050 3444 ³
1068 3423 1254 3464 Eccli.,1x‚

224 3464 275 3494 ¹0·
299 3483 333 3487 -
355 3466 366 3487 ⁴
385 3467 476 3507 Gen,
505 3476 604 3508 xxm,
632 3471 679 3501 10.
704 3485 742 3491 —
759 3470 772 3491 ⁵
791 3469 909 3510 Ecca„
936 3477 991 3510 xv,
1015 3472 1045 3501 3.
1068 3487 1107 3494 —-
1129 3473 1141 3491 θ
1160 3471 1252 3504 Psal.

2312 211 2387 250 357

1358 287 1415 323 est
1439 287 1579 324 videns
1605 289 1750 337 Deum,
1773 292 1870 339 quid
1898 297 1974 341 est,
2002 295 2077 332 nisi
2102 296 2387 345 intelligentia?

1356 350 1488 386 Puteus
1507 351 1660 397 clausus,
1682 352 1779 399 quid
1805 358 1873 400 cst,
1893 356 1966 392 nisi
1994 358 2147 396 occulta
2166 360 2389 408 sapientia?

1356 412 1477 449 Jacob
1509 413 1627 460 igitur
1659 420 1816 454 amovet
1845 420 1952 465 putei
1984 421 2173 468 lapidem,
2206 435 2296 461 cum
2327 436 2389 462 sa-

1355 474 1511 522 pientiae
1535 476 1745 515 meditator
1771 483 1947 518 removet
1976 483 2173 530 sapientiae
2192 487 2386 525 velamen.

1357 538 1455 574 Grex
1476 538 1652 576 Rachelis
1682 540 1923 587 adaquatur,
1943 554 2033 580 cum
2063 546 2305 586 scientiatum
2324 551 2389 587 in-

1355 600 1664 639 tellectuantium
1694 605 1997 652 congregatione
2028 606 2263 658 illustratur,
2297 614 2388 651 vel⁵

1360 674 1379 695 «
1399 673 1504 710 aqua
1524 665 1722 711 sapientiae
1744 667 1923 704 salutaris
1952 682 1970 703 »
2002 673 2172 717 potatur.
2195 675 2294 711 Sane
2316 676 2389 713 tale

1357 725 1645 772 operimentum
1689 729 1912 776 sapientiae,
1951 741 2020 767 seu
2063 732 2388 781 impedimentum

1355 785 1619 833 intelligentiae
1647 799 1936 839 nonnunquam
1968 795 2149 841 procedit
2177 796 2227 833 ab
2247 797 2391 846 iniqui-

1355 849 1454 894 tate,
1476 852 1511 886 et
1532 849 1624 887 ideo
1646 851 1787 889 dicitur
1804 863 1886 890 non
1907 855 2079 893 absurde
2102 869 2110 893 :
2134 860 2262 896 Amove
2281 872 2302 896 a
2321 872 2388 898 me.

1356 911 1406 947 De
1426 912 1601 949 secundo
1623 913 1805 951 scribitur
1829 916 1842 936 ⁶
1873 929 1880 952 z
1916 929 1933 950 ι(
1953 919 2101 955 Amove
2128 930 2151 956 a
2170 931 2232 957 me
2253 922 2391 969 plagas

1355 974 1453 1009 tuas.
1476 986 1493 1007 »
1518 976 1603 1011 Non
1623 978 1679 1012 est
1695 976 1877 1023 dubium,
1894 978 1990 1026 quin
2007 979 2134 1027 plagae
2153 984 2231 1019 tam
2249 985 2391 1021 extrin-

1355 1045 1465 1082 secae,
1505 1047 1626 1084 quam
1663 1037 1892 1086 intrinsecae,
1933 1041 1975 1077 id
2010 1044 2078 1089 est,
2118 1045 2295 1092 corporis
2328 1048 2390 1083 vel

1355 1097 1511 1143 animae,
1540 1099 1617 1136 sint
1635 1100 1876 1139 irritamenta
1896 1102 2161 1152 impatientiae,
2189 1118 2276 1154 quae
2301 1120 2392 1156 pro-

1355 1159 1457 1197 cedit
1489 1171 1534 1197 ex
1563 1161 1791 1210 iniquitate;
1826 1167 1986 1213 propter
2017 1168 2127 1215 quod
2157 1169 2232 1206 dici
2264 1174 2392 1218 potest

1354 1232 1436 1259 non
1456 1222 1624 1271 insipide
1641 1236 1650 1260 ε
1670 1226 1805 1262 Amove
1825 1238 1846 1263 α
1865 1239 1928 1264 me.
1945 1231 1996 1265 De
2014 1230 2125 1267 tertio
2143 1233 2156 1253 ⁷
2179 1245 2186 1268 :
2207 1245 2224 1266 «
2242 1235 2390 1271 Amove

1354 1284 1545 1322 malitiam
1565 1297 1587 1323 a
1608 1297 1724 1324 carne
1747 1290 1824 1325 tua.
1853 1303 1869 1324 »
1894 1291 2077 1328 Malitiam
2098 1292 2191 1331 dicit
2210 1305 2390 1342 causam,

1353 1345 1605 1384 intrinsecam
1643 1349 1705 1385 vel
1745 1351 2026 1399 extrinsecam,
2069 1357 2390 1403 concupiscentiae

1353 1407 1614 1456 incitativam,
1638 1422 1727 1459 quae
1751 1414 2018 1460 proculdubio
2043 1417 2232 1464 contingit
2252 1430 2298 1456 ex
2318 1420 2389 1457 ini-

1354 1470 1515 1518 quitate.
1549 1473 1656 1510 Unde
1697 1474 1828 1511 adhuc
1864 1475 1940 1513 hoc
1977 1478 2100 1516 modo
2139 1479 2280 1518 dicitur
2309 1493 2390 1520 non

1353 1533 1571 1581 incongrue
1594 1547 1602 1571 :
1625 1536 1760 1573 Amove
1779 1548 1801 1573 α
1819 1548 1885 1574 me.

1696 1640 1887 1677 Articulus
1908 1644 2048 1679 tertius.

1399 1720 1617 1768 Iniquitatis
1646 1731 1825 1760 excessus
1853 1723 2075 1773 intimatur,
2107 1738 2197 1766 cum
2222 1730 2389 1769 subnec-
2440 1741 2547 1776 lniqui—

1349 1782 1441 1819 titur
1462 1794 1471 1819 z
1503 1785 1551 1820 Et
1565 1785 1606 1819 in
1627 1785 1700 1840 que
1726 1787 1810 1831 tua,
1839 1797 1962 1834 quam
1982 1790 2154 1836 excessi,
2175 1791 2272 1829 dum
2298 1794 2388 1831 abs·
2408 1782 2549 1851 Qu?

1349 1845 1459 1882 cessi.
1482 1847 1524 1882 Et
1542 1847 1764 1883 notandum
1785 1848 1888 1885 circa
1914 1849 2012 1897 legis
2037 1862 2254 1901 excessum,
2277 1857 2389 1903 quod

1348 1907 1389 1943 in
1426 1907 1512 1954 lege
1543 1909 1770 1946 excedimus
1801 1911 1932 1948 modis
1971 1913 2095 1950 tribus
2135 1927 2144 1951 :
2179 1916 2384 1965 videlicet,

1347 1969 1477 2017 legem
1505 1972 1823 2019 contemnendo,
1853 1977 1990 2012 contra
2018 1976 2147 2023 legem
2177 1979 2385 2027 faciendo,

1346 2034 1413 2068 aut
1437 2032 1565 2078 legem
1585 2043 1666 2070 non
1692 2034 1874 2072 faciendo
1898 2048 1906 2072 ε
1940 2048 2112 2084 quorum
2136 2040 2310 2087 primum
2331 2047 2387 2079 est

1344 2094 1684 2141 praesumptionis3
1717 2097 1958 2144 secundum,
1982 2101 2288 2148 commissionis5
2311 2107 2385 2141 ter-

1345 2156 1443 2192 tium
1468 2158 1622 2203 autem,
1645 2158 1880 2196 omissionis.
1903 2162 1953 2198 De
1979 2162 2109 2209 primo
2136 2165 2149 2186 ⁸
2180 2176 2188 2201 :
2213 2180 2231 2199 «
2253 2167 2383 2204 Sacer—

1345 2217 1456 2255 dotes
1476 2219 1559 2265 ejus
1579 2222 1898 2268 contempserunt
1924 2223 2053 2270 legem
2072 2236 2202 2263 meam
2224 2240 2231 2264 :
2255 2242 2272 2262 »
2295 2240 2382 2267 ecce

1342 2281 1612 2328 praesumptio.
1647 2283 1698 2318 De
1724 2284 1896 2321 secundo
1927 2287 1971 2322 ⁹:
2006 2288 2271 2327 «Sacerdotes
2301 2292 2383 2338 ejfis

1341 2342 1573 2390 polluerunt
1592 2348 1772 2382 sanetum
1788 2374 1799 2390 ,
1821 2346 1963 2393 inJuste
1996 2353 2158 2396 egerunt
2176 2355 2311 2390 contra
2330 2354 2384 2391 le-

1341 2415 1453 2451 gem:
1487 2418 1505 2440 »
1529 2417 1617 2443 ecce
1648 2407 1886 2445 commissio.
1918 2413 1968 2447 De
1990 2412 2101 2449 tertio
2118 2412 2174 2450 ¹⁰:
2206 2428 2224 2449 ι(
2247 2419 2381 2454 Nonne

1340 2467 1490 2513 Moyses
1523 2467 1632 2504 dedit
1662 2469 1777 2505 vobis
1805 2470 1956 2517 legem,
1983 2476 2020 2510 et
2046 2484 2164 2512 nemo
2186 2486 2233 2512 ex
2265 2478 2380 2516 vobis

1337 2527 1432 2565 facit
1449 2529 1579 2577 legem
1595 2531 1613 2566 ⁶?
1632 2544 1649 2565 »
1682 2541 1771 2569 ecce
1792 2533 1967 2571 omissio.

1667 2637 1859 2675 Articulus
1884 2644 2049 2686 quartus.

1386 2719 1602 2768 Iniquitatis
1637 2732 1838 2760 successus
1866 2724 2124 2773 subnotatur,
2157 2738 2247 2764 cum
2283 2730 2374 2766 sub·
2426 2742 2535 2776 iniqm-

1339 2781 1443 2818 ditur
1476 2794 1484 2818 ε
1513 2784 1683 2820 Miserere
1716 2787 1787 2822 mei
1803 2798 1813 2832 3
1843 2785 1883 2822 in
1913 2797 1993 2834 quo
2024 2790 2182 2826 notatur
2218 2790 2375 2829 miseria
2394 2783 2533 2852 Zssjussffl*

1336 2845 1550 2883 succedens
1570 2847 1779 2896 iniquitati.
1813 2850 2000 2898 iniquitas
2029 2851 2134 2888 enim
2162 2854 2372 2900 praeccdit;
2444 2845 2454 2851 ⁶
2498 2844 2504 2851 ’

1335 2908 1494 2945 miseria
1517 2909 1712 2957 succedit,-
1735 2910 2007 2949 misericordia
2035 2913 2247 2951 intercedit.
2282 2917 2375 2953 Petit

1335 2980 1429 3017 ergo
1450 2971 1561 3018 quod
1589 2971 1861 3010 misericordia
1892 2974 2124 3022 intercedat,
2146 2987 2195 3013 nc
2216 2976 2373 3015 miseria

1334 3031 1529 3080 iniquitati
1564 3034 1767 3081 succedat,
1797 3035 1964 3073 dicens:
1996 3040 2165 3075 Miserere
2186 3042 2268 3075 mei.
2302 3040 2370 3076 Ubi

1333 3104 1543 3141 possumus
1565 3099 1702 3133 notare
1723 3108 1948 3135 successum
1973 3099 2138 3136 miseriae
2158 3101 2367 3148 tripartitae,

1333 3156 1480 3194 scilicet
1507 3157 1674 3195 miseriae
1698 3160 1937 3207 superioriS,
1958 3161 2171 3207 interioris,
2203 3163 2368 3200 exterio-

1331 3219 1384 3256 ris
1405 3231 1414 3256 :
1436 3231 1605 3267 quarum
1624 3221 1752 3269 prima
1772 3223 1940 3270 pertinet
1963 3223 2013 3260 ad
2036 3235 2194 3271 poenam
2213 3224 2368 3262 damni-

1330 3281 1543 3329 ficationis3
1572 3283 1769 3330 secunda,
1797 3284 1848 3320 ad
1874 3295 2034 3332 poenam
2053 3286 2220 3333 vermis;
2241 3287 2365 3333 tertia,

1331 3342 1383 3379 ad
1402 3354 1562 3390 poenam
1580 3344 1693 3391 ignis.
1717 3347 1766 3381 De
1785 3345 1914 3393 prima
1933 3346 2072 3383 (licitur
2093 3347 2139 3383 ¹¹:
2167 3361 2185 3382 α
2204 3349 2366 3397 Respice

1331 3430 1597 3466 xxxv111,11.-
1612 3429 1625 3450 '¹
1646 3428 1768 3468 Eccle„
1786 3431 1960 3468 xi‚1o.—
1977 3429 1990 3451 ⁸
2008 3430 2139 3471 Bacch„
2156 3434 2363 3472 xx11‚‘..‘6.—

1329 3474 1343 3496 ⁹
1357 3474 1579 3515 Soplion.,111,
1597 3476 2362 3521 -2.—¹0.l0c111.,vn,1o.—¹¹1’sal.1.xxxv‚16.
