<?xml version="1.0" encoding="UTF-8"?>
<!DOCTYPE html PUBLIC "-//W3C//DTD XHTML 1.0 Transitional//EN"
    "http://www.w3.org/TR/xhtml1/DTD/xhtml1-transitional.dtd">
<html xmlns="http://www.w3.org/1999/xhtml" xml:lang="en" lang="en">
 <head>
  <title>
</title>
<meta http-equiv="Content-Type" content="text/html;charset=utf-8" />
  <meta name='ocr-system' content='tesseract 3.04.00' />
  <meta name='ocr-capabilities' content='ocr_page ocr_carea ocr_par ocr_line ocrx_word'/>
</head>
<body>
  <div class='ocr_page' id='page_1' title='image "./operaomniasixtiv09bonauoft/operaomniasixtiv09bonauoft_0170.png"; bbox 0 0 2633 3878; ppageno 0'>
   <div class='ocr_carea' id='block_1_1' title="bbox 260 182 336 220">
    <p class='ocr_par' dir='ltr' id='par_1_1' title="bbox 260 182 336 220">
     <span class='ocr_line' id='line_1_1' title="bbox 260 182 336 220; baseline 0.013 -1"><span class='ocrx_word' id='word_1_1' title='bbox 260 182 336 220; x_wconf 66' lang='lat'>144</span> 
     </span>
    </p>
   </div>
   <div class='ocr_carea' id='block_1_2' title="bbox 232 267 1282 3540">
    <p class='ocr_par' dir='ltr' id='par_1_2' title="bbox 232 267 1282 3540">
     <span class='ocr_line' id='line_1_2' title="bbox 257 267 1280 324; baseline 0.005 -17"><span class='ocrx_word' id='word_1_2' title='bbox 257 270 297 308; x_wconf 89' lang='lat' dir='ltr'>et</span> <span class='ocrx_word' id='word_1_3' title='bbox 316 267 580 318; x_wconf 83' lang='lat' dir='ltr'><strong>industriam,</strong></span> <span class='ocrx_word' id='word_1_4' title='bbox 603 268 772 320; x_wconf 91' lang='lat' dir='ltr'>quando</span> <span class='ocrx_word' id='word_1_5' title='bbox 791 268 947 311; x_wconf 88' lang='lat' dir='ltr'>seilicet</span> <span class='ocrx_word' id='word_1_6' title='bbox 973 283 1100 324; x_wconf 89' lang='lat' dir='ltr'>super</span> <span class='ocrx_word' id='word_1_7' title='bbox 1121 284 1164 312; x_wconf 90' lang='lat' dir='ltr'>se</span> <span class='ocrx_word' id='word_1_8' title='bbox 1190 271 1280 312; x_wconf 86' lang='lat' dir='ltr'>ani-</span> 
     </span>
     <span class='ocr_line' id='line_1_3' title="bbox 255 338 1282 394; baseline 0.006 -17"><span class='ocrx_word' id='word_1_9' title='bbox 255 350 325 378; x_wconf 89' lang='lat' dir='ltr'>ma</span> <span class='ocrx_word' id='word_1_10' title='bbox 344 338 504 378; x_wconf 83' lang='lat' dir='ltr'>elevata</span> <span class='ocrx_word' id='word_1_11' title='bbox 524 341 599 389; x_wconf 87' lang='lat' dir='ltr'>est,</span> <span class='ocrx_word' id='word_1_12' title='bbox 622 341 662 379; x_wconf 91' lang='lat' dir='ltr'>et</span> <span class='ocrx_word' id='word_1_13' title='bbox 682 339 857 390; x_wconf 85' lang='lat' dir='ltr'>deserta,</span> <span class='ocrx_word' id='word_1_14' title='bbox 876 344 915 382; x_wconf 86' lang='lat' dir='ltr'>et</span> <span class='ocrx_word' id='word_1_15' title='bbox 928 342 1098 394; x_wconf 83' lang='lat' dir='ltr'>suscipit</span> <span class='ocrx_word' id='word_1_16' title='bbox 1118 342 1282 383; x_wconf 89' lang='lat' dir='ltr'>divinas</span> 
     </span>
     <span class='ocr_line' id='line_1_4' title="bbox 254 409 1281 466; baseline 0.006 -18"><span class='ocrx_word' id='word_1_17' title='bbox 254 409 595 458; x_wconf 75' lang='lat' dir='ltr'>illuminationes,</span> <span class='ocrx_word' id='word_1_18' title='bbox 621 414 661 451; x_wconf 87' lang='lat' dir='ltr'>et</span> <span class='ocrx_word' id='word_1_19' title='bbox 693 424 819 465; x_wconf 85' lang='lat' dir='ltr'>supra</span> <span class='ocrx_word' id='word_1_20' title='bbox 841 425 883 454; x_wconf 86' lang='lat' dir='ltr'>se</span> <span class='ocrx_word' id='word_1_21' title='bbox 909 413 1149 466; x_wconf 77' lang='lat' dir='ltr'>speculatur</span> <span class='ocrx_word' id='word_1_22' title='bbox 1169 414 1281 465; x_wconf 90' lang='lat' dir='ltr'>quod</span> 
     </span>
     <span class='ocr_line' id='line_1_5' title="bbox 252 479 1277 536; baseline 0.007 -18"><span class='ocrx_word' id='word_1_23' title='bbox 252 479 332 519; x_wconf 79' lang='lat' dir='ltr'>sibi</span> <span class='ocrx_word' id='word_1_24' title='bbox 356 479 503 521; x_wconf 87' lang='lat' dir='ltr'>datum</span> <span class='ocrx_word' id='word_1_25' title='bbox 531 486 605 532; x_wconf 87' lang='lat' dir='ltr'>cst,</span> <span class='ocrx_word' id='word_1_26' title='bbox 636 485 676 523; x_wconf 80' lang='lat' dir='ltr'>ct</span> <span class='ocrx_word' id='word_1_27' title='bbox 698 495 751 524; x_wconf 76' lang='lat' dir='ltr'>ex</span> <span class='ocrx_word' id='word_1_28' title='bbox 781 484 857 525; x_wconf 90' lang='lat' dir='ltr'>hoc</span> <span class='ocrx_word' id='word_1_29' title='bbox 879 486 1021 536; x_wconf 83' lang='lat' dir='ltr'>surgit</span> <span class='ocrx_word' id='word_1_30' title='bbox 1047 486 1089 525; x_wconf 91' lang='lat' dir='ltr'>in</span> <span class='ocrx_word' id='word_1_31' title='bbox 1116 485 1277 536; x_wconf 86' lang='lat' dir='ltr'>divina,</span> 
     </span>
     <span class='ocr_line' id='line_1_6' title="bbox 250 549 1280 609; baseline 0.009 -21"><span class='ocrx_word' id='word_1_32' title='bbox 250 549 339 590; x_wconf 77' lang='lat' dir='ltr'>sive</span> <span class='ocrx_word' id='word_1_33' title='bbox 359 563 531 592; x_wconf 86' lang='lat' dir='ltr'>sursum</span> <span class='ocrx_word' id='word_1_34' title='bbox 547 554 704 605; x_wconf 83' lang='lat' dir='ltr'>agitur.</span> <span class='ocrx_word' id='word_1_35' title='bbox 724 554 804 595; x_wconf 86' lang='lat' dir='ltr'>Ista</span> <span class='ocrx_word' id='word_1_36' title='bbox 824 556 899 596; x_wconf 88' lang='lat' dir='ltr'>tria</span> <span class='ocrx_word' id='word_1_37' title='bbox 915 560 1028 607; x_wconf 90' lang='lat' dir='ltr'>sunt,</span> <span class='ocrx_word' id='word_1_38' title='bbox 1052 557 1280 609; x_wconf 78' lang='lat' dir='ltr'>susceptio,</span> 
     </span>
     <span class='ocr_line' id='line_1_7' title="bbox 249 620 1280 681; baseline 0.01 -22"><span class='ocrx_word' id='word_1_39' title='bbox 249 620 473 672; x_wconf 75' lang='lat' dir='ltr'>revelatio,</span> <span class='ocrx_word' id='word_1_40' title='bbox 509 624 637 675; x_wconf 91' lang='lat' dir='ltr'>unio,</span> <span class='ocrx_word' id='word_1_41' title='bbox 673 625 781 665; x_wconf 87' lang='lat' dir='ltr'>ultra</span> <span class='ocrx_word' id='word_1_42' title='bbox 814 640 942 678; x_wconf 80' lang='lat' dir='ltr'>quani</span> <span class='ocrx_word' id='word_1_43' title='bbox 971 640 1055 668; x_wconf 88' lang='lat' dir='ltr'>non</span> <span class='ocrx_word' id='word_1_44' title='bbox 1093 628 1280 681; x_wconf 87' lang='lat' dir='ltr'>procedit</span> 
     </span>
     <span class='ocr_line' id='line_1_8' title="bbox 249 692 1276 742; baseline 0.011 -11"><span class='ocrx_word' id='word_1_45' title='bbox 249 703 382 732; x_wconf 88' lang='lat' dir='ltr'>mens.</span> <span class='ocrx_word' id='word_1_46' title='bbox 406 692 454 734; x_wconf 89' lang='lat' dir='ltr'>Et</span> <span class='ocrx_word' id='word_1_47' title='bbox 476 694 518 734; x_wconf 90' lang='lat' dir='ltr'>in</span> <span class='ocrx_word' id='word_1_48' title='bbox 549 695 636 735; x_wconf 85' lang='lat' dir='ltr'>istis</span> <span class='ocrx_word' id='word_1_49' title='bbox 657 697 842 736; x_wconf 73' lang='lat' dir='ltr'>consistit</span> <span class='ocrx_word' id='word_1_50' title='bbox 875 697 1096 740; x_wconf 75' lang='lat' dir='ltr'>Canticum</span> <span class='ocrx_word' id='word_1_51' title='bbox 1125 699 1276 742; x_wconf 68' lang='lat' dir='ltr'>Canti-</span> 
     </span>
     <span class='ocr_line' id='line_1_9' title="bbox 249 767 1276 823; baseline 0.009 -20"><span class='ocrx_word' id='word_1_52' title='bbox 249 772 391 804; x_wconf 69' lang='lat' dir='ltr'>corztm</span> <span class='ocrx_word' id='word_1_53' title='bbox 444 768 580 805; x_wconf 80' lang='lat' dir='ltr'>totuin</span> <span class='ocrx_word' id='word_1_54' title='bbox 603 798 613 816; x_wconf 91' lang='lat'>‚</span> <span class='ocrx_word' id='word_1_55' title='bbox 669 767 824 808; x_wconf 85' lang='lat' dir='ltr'>scilicet</span> <span class='ocrx_word' id='word_1_56' title='bbox 874 770 996 809; x_wconf 88' lang='lat' dir='ltr'>castis</span> <span class='ocrx_word' id='word_1_57' title='bbox 1042 771 1276 823; x_wconf 91' lang='lat' dir='ltr'>susceptio-</span> 
     </span>
     <span class='ocr_line' id='line_1_10' title="bbox 248 835 1278 892; baseline 0.009 -18"><span class='ocrx_word' id='word_1_58' title='bbox 248 835 394 885; x_wconf 86' lang='lat' dir='ltr'>nibus,</span> <span class='ocrx_word' id='word_1_59' title='bbox 428 837 674 878; x_wconf 76' lang='lat' dir='ltr'>castioribus</span> <span class='ocrx_word' id='word_1_60' title='bbox 695 840 1074 892; x_wconf 76' lang='lat' dir='ltr'>speculationibus,</span> <span class='ocrx_word' id='word_1_61' title='bbox 1099 842 1278 883; x_wconf 85' lang='lat' dir='ltr'>castissi-</span> 
     </span>
     <span class='ocr_line' id='line_1_11' title="bbox 249 906 1276 964; baseline 0.009 -19"><span class='ocrx_word' id='word_1_62' title='bbox 249 906 329 946; x_wconf 86' lang='lat' dir='ltr'>mis</span> <span class='ocrx_word' id='word_1_63' title='bbox 352 907 635 958; x_wconf 86' lang='lat' dir='ltr'>unitionibus;</span> <span class='ocrx_word' id='word_1_64' title='bbox 661 913 700 950; x_wconf 90' lang='lat' dir='ltr'>et</span> <span class='ocrx_word' id='word_1_65' title='bbox 723 913 823 951; x_wconf 88' lang='lat' dir='ltr'>tunc</span> <span class='ocrx_word' id='word_1_66' title='bbox 850 913 1003 964; x_wconf 87' lang='lat' dir='ltr'>poterit</span> <span class='ocrx_word' id='word_1_67' title='bbox 1022 913 1161 954; x_wconf 87' lang='lat' dir='ltr'>dicere</span> <span class='ocrx_word' id='word_1_68' title='bbox 1174 913 1276 955; x_wconf 86' lang='lat' dir='ltr'>illud</span> 
     </span>
     <span class='ocr_line' id='line_1_12' title="bbox 251 977 1269 1026; baseline 0.005 -8"><span class='ocrx_word' id='word_1_69' title='bbox 251 977 418 1020; x_wconf 68' lang='lat' dir='ltr'>Cantici</span> <span class='ocrx_word' id='word_1_70' title='bbox 436 980 445 1000; x_wconf 96' lang='lat'><strong>¹</strong></span> <span class='ocrx_word' id='word_1_71' title='bbox 469 991 482 1019; x_wconf 93' lang='lat'>.·</span> <span class='ocrx_word' id='word_1_72' title='bbox 505 995 523 1018; x_wconf 80' lang='grc'>(1</span> <span class='ocrx_word' id='word_1_73' title='bbox 549 981 769 1022; x_wconf 84' lang='lat' dir='ltr'>Osculetur</span> <span class='ocrx_word' id='word_1_74' title='bbox 791 995 858 1023; x_wconf 86' lang='lat' dir='ltr'>me</span> <span class='ocrx_word' id='word_1_75' title='bbox 877 984 1020 1025; x_wconf 87' lang='lat' dir='ltr'>osculo</span> <span class='ocrx_word' id='word_1_76' title='bbox 1042 985 1126 1025; x_wconf 89' lang='lat' dir='ltr'>oris</span> <span class='ocrx_word' id='word_1_77' title='bbox 1147 985 1228 1026; x_wconf 90' lang='lat' dir='ltr'>sui.</span> <span class='ocrx_word' id='word_1_78' title='bbox 1250 1000 1269 1023; x_wconf 88' lang='grc'>»</span> 
     </span>
     <span class='ocr_line' id='line_1_13' title="bbox 246 1047 1274 1106; baseline 0.009 -18"><span class='ocrx_word' id='word_1_79' title='bbox 246 1047 462 1102; x_wconf 80' lang='lat' dir='ltr'>Susceptio</span> <span class='ocrx_word' id='word_1_80' title='bbox 483 1053 704 1104; x_wconf 71' lang='lat' dir='ltr'>respondet</span> <span class='ocrx_word' id='word_1_81' title='bbox 722 1053 915 1105; x_wconf 87' lang='lat' dir='ltr'>Thronis;</span> <span class='ocrx_word' id='word_1_82' title='bbox 934 1056 1149 1106; x_wconf 71' lang='lat' dir='ltr'>revelatio,</span> <span class='ocrx_word' id='word_1_83' title='bbox 1175 1056 1274 1097; x_wconf 88' lang='lat' dir='ltr'>Che-</span> 
     </span>
     <span class='ocr_line' id='line_1_14' title="bbox 245 1121 1276 1177; baseline 0.009 -17"><span class='ocrx_word' id='word_1_84' title='bbox 245 1121 386 1161; x_wconf 85' lang='lat' dir='ltr'>rubim</span> <span class='ocrx_word' id='word_1_85' title='bbox 400 1137 409 1171; x_wconf 70' lang='grc'>,</span> <span class='ocrx_word' id='word_1_86' title='bbox 433 1123 549 1172; x_wconf 85' lang='grc'>111110,</span> <span class='ocrx_word' id='word_1_87' title='bbox 581 1122 815 1177; x_wconf 73' lang='lat' dir='ltr'>Seraphim.</span> <span class='ocrx_word' id='word_1_88' title='bbox 838 1125 889 1167; x_wconf 89' lang='lat' dir='ltr'>Et</span> <span class='ocrx_word' id='word_1_89' title='bbox 919 1127 1012 1167; x_wconf 67' lang='lat' dir='ltr'>haec</span> <span class='ocrx_word' id='word_1_90' title='bbox 1036 1127 1276 1169; x_wconf 73' lang='lat' dir='ltr'>hierarchia</span> 
     </span>
     <span class='ocr_line' id='line_1_15' title="bbox 245 1194 1275 1241; baseline 0.009 -9"><span class='ocrx_word' id='word_1_91' title='bbox 245 1196 306 1232; x_wconf 86' lang='lat' dir='ltr'>est</span> <span class='ocrx_word' id='word_1_92' title='bbox 327 1194 558 1234; x_wconf 82' lang='lat' dir='ltr'>secundum</span> <span class='ocrx_word' id='word_1_93' title='bbox 579 1208 815 1238; x_wconf 82' lang='lat' dir='ltr'>ascensum.</span> <span class='ocrx_word' id='word_1_94' title='bbox 835 1197 938 1239; x_wconf 85' lang='lat' dir='ltr'>Item</span> <span class='ocrx_word' id='word_1_95' title='bbox 953 1202 1016 1239; x_wconf 87' lang='lat' dir='ltr'>est</span> <span class='ocrx_word' id='word_1_96' title='bbox 1036 1199 1275 1241; x_wconf 79' lang='lat' dir='ltr'>hierarchia</span> 
     </span>
     <span class='ocr_line' id='line_1_16' title="bbox 244 1264 1271 1312; baseline 0.009 -9"><span class='ocrx_word' id='word_1_97' title='bbox 244 1264 399 1304; x_wconf 64' lang='lat' dir='ltr'>anima:</span> <span class='ocrx_word' id='word_1_98' title='bbox 443 1266 675 1306; x_wconf 88' lang='lat' dir='ltr'>seeundum</span> <span class='ocrx_word' id='word_1_99' title='bbox 727 1268 904 1309; x_wconf 87' lang='lat' dir='ltr'>modum</span> <span class='ocrx_word' id='word_1_100' title='bbox 953 1270 1230 1312; x_wconf 83' lang='lat' dir='ltr'>descendendi</span> <span class='ocrx_word' id='word_1_101' title='bbox 1264 1287 1271 1312; x_wconf 94' lang='lat'>:</span> 
     </span>
     <span class='ocr_line' id='line_1_17' title="bbox 243 1337 1271 1394; baseline 0.01 -21"><span class='ocrx_word' id='word_1_102' title='bbox 243 1338 407 1387; x_wconf 85' lang='lat' dir='ltr'>oportet</span> <span class='ocrx_word' id='word_1_103' title='bbox 427 1337 541 1376; x_wconf 84' lang='lat' dir='ltr'>enim</span> <span class='ocrx_word' id='word_1_104' title='bbox 570 1341 617 1377; x_wconf 93' lang='lat' dir='ltr'>ut</span> <span class='ocrx_word' id='word_1_105' title='bbox 645 1342 919 1391; x_wconf 78' lang='lat' dir='ltr'>unguentum</span> <span class='ocrx_word' id='word_1_106' title='bbox 939 1341 1085 1394; x_wconf 87' lang='lat' dir='ltr'>capitis</span> <span class='ocrx_word' id='word_1_107' title='bbox 1107 1342 1271 1383; x_wconf 86' lang='lat' dir='ltr'>hierar-</span> 
     </span>
     <span class='ocr_line' id='line_1_18' title="bbox 244 1405 1274 1462; baseline 0.01 -18"><span class='ocrx_word' id='word_1_108' title='bbox 244 1405 349 1446; x_wconf 85' lang='lat' dir='ltr'>chiae</span> <span class='ocrx_word' id='word_1_109' title='bbox 367 1419 562 1459; x_wconf 74' lang='lat' dir='ltr'>supernae</span> <span class='ocrx_word' id='word_1_110' title='bbox 583 1409 701 1449; x_wconf 87' lang='lat' dir='ltr'>cadat</span> <span class='ocrx_word' id='word_1_111' title='bbox 727 1410 769 1449; x_wconf 90' lang='lat' dir='ltr'>in</span> <span class='ocrx_word' id='word_1_112' title='bbox 803 1411 993 1462; x_wconf 82' lang='lat' dir='ltr'>barbam,</span> <span class='ocrx_word' id='word_1_113' title='bbox 1021 1412 1065 1452; x_wconf 93' lang='lat' dir='ltr'>in</span> <span class='ocrx_word' id='word_1_114' title='bbox 1092 1414 1274 1455; x_wconf 85' lang='lat' dir='ltr'>mediam</span> 
     </span>
     <span class='ocr_line' id='line_1_19' title="bbox 243 1475 1274 1534; baseline 0.01 -19"><span class='ocrx_word' id='word_1_115' title='bbox 243 1475 538 1529; x_wconf 80' lang='lat' dir='ltr'>hierarchiam,</span> <span class='ocrx_word' id='word_1_116' title='bbox 561 1483 601 1520; x_wconf 91' lang='lat' dir='ltr'>et</span> <span class='ocrx_word' id='word_1_117' title='bbox 625 1481 669 1520; x_wconf 93' lang='lat' dir='ltr'>in</span> <span class='ocrx_word' id='word_1_118' title='bbox 692 1481 954 1533; x_wconf 80' lang='lat' dir='ltr'>vestimenta,</span> <span class='ocrx_word' id='word_1_119' title='bbox 977 1482 1020 1523; x_wconf 82' lang='lat' dir='ltr'>id</span> <span class='ocrx_word' id='word_1_120' title='bbox 1041 1488 1117 1534; x_wconf 89' lang='lat' dir='ltr'>est,</span> <span class='ocrx_word' id='word_1_121' title='bbox 1140 1485 1183 1524; x_wconf 91' lang='lat' dir='ltr'>in</span> <span class='ocrx_word' id='word_1_122' title='bbox 1213 1485 1274 1526; x_wconf 89' lang='lat' dir='ltr'>in-</span> 
     </span>
     <span class='ocr_line' id='line_1_20' title="bbox 243 1547 1271 1596; baseline 0.009 -9"><span class='ocrx_word' id='word_1_123' title='bbox 243 1547 389 1588; x_wconf 85' lang='lat' dir='ltr'>fimam</span> <span class='ocrx_word' id='word_1_124' title='bbox 412 1564 419 1588; x_wconf 90' lang='lat'>:</span> <span class='ocrx_word' id='word_1_125' title='bbox 443 1549 535 1591; x_wconf 78' lang='lat' dir='ltr'>haec</span> <span class='ocrx_word' id='word_1_126' title='bbox 557 1555 699 1592; x_wconf 83' lang='lat' dir='ltr'>autem</span> <span class='ocrx_word' id='word_1_127' title='bbox 720 1553 952 1594; x_wconf 81' lang='lat' dir='ltr'>secundum</span> <span class='ocrx_word' id='word_1_128' title='bbox 975 1554 1157 1596; x_wconf 87' lang='lat' dir='ltr'>virtutes</span> <span class='ocrx_word' id='word_1_129' title='bbox 1178 1557 1271 1596; x_wconf 83' lang='lat' dir='ltr'>ani-</span> 
     </span>
     <span class='ocr_line' id='line_1_21' title="bbox 244 1625 1271 1678; baseline 0.008 -19"><span class='ocrx_word' id='word_1_130' title='bbox 244 1630 340 1670; x_wconf 74' lang='lat' dir='ltr'>mae,</span> <span class='ocrx_word' id='word_1_131' title='bbox 376 1633 473 1672; x_wconf 60' lang='lat' dir='ltr'>qua),</span> <span class='ocrx_word' id='word_1_132' title='bbox 507 1626 605 1663; x_wconf 89' lang='lat' dir='ltr'>sunt</span> <span class='ocrx_word' id='word_1_133' title='bbox 629 1626 712 1663; x_wconf 90' lang='lat' dir='ltr'>tres</span> <span class='ocrx_word' id='word_1_134' title='bbox 738 1625 970 1665; x_wconf 79' lang='lat' dir='ltr'>secundum</span> <span class='ocrx_word' id='word_1_135' title='bbox 996 1625 1271 1678; x_wconf 71' lang='lat' dir='ltr'>Dionysium,</span> 
     </span>
     <span class='ocr_line' id='line_1_22' title="bbox 244 1690 1273 1747; baseline 0.01 -18"><span class='ocrx_word' id='word_1_136' title='bbox 244 1690 398 1732; x_wconf 81' lang='lat' dir='ltr'>scilicet</span> <span class='ocrx_word' id='word_1_137' title='bbox 431 1695 696 1747; x_wconf 66' lang='lat' dir='ltr'>susceptivae,</span> <span class='ocrx_word' id='word_1_138' title='bbox 732 1696 1010 1747; x_wconf 64' lang='lat' dir='ltr'>custoditivze,</span> <span class='ocrx_word' id='word_1_139' title='bbox 1039 1697 1273 1739; x_wconf 82' lang='lat' dir='ltr'>distributi-</span> 
     </span>
     <span class='ocr_line' id='line_1_23' title="bbox 244 1765 1269 1821; baseline 0.008 -19"><span class='ocrx_word' id='word_1_140' title='bbox 244 1773 311 1802; x_wconf 69' lang='lat' dir='ltr'>va²</span> <span class='ocrx_word' id='word_1_141' title='bbox 331 1777 338 1802; x_wconf 92' lang='lat'>:</span> <span class='ocrx_word' id='word_1_142' title='bbox 362 1766 410 1803; x_wconf 87' lang='lat' dir='ltr'>ut</span> <span class='ocrx_word' id='word_1_143' title='bbox 429 1765 593 1817; x_wconf 85' lang='lat' dir='ltr'>copiose</span> <span class='ocrx_word' id='word_1_144' title='bbox 613 1766 825 1820; x_wconf 90' lang='lat' dir='ltr'>suscipiat,</span> <span class='ocrx_word' id='word_1_145' title='bbox 849 1768 1033 1808; x_wconf 84' lang='lat' dir='ltr'>studiose</span> <span class='ocrx_word' id='word_1_146' title='bbox 1049 1770 1269 1821; x_wconf 81' lang='lat' dir='ltr'>custodiat,</span> 
     </span>
     <span class='ocr_line' id='line_1_24' title="bbox 243 1832 1269 1882; baseline 0.01 -10"><span class='ocrx_word' id='word_1_147' title='bbox 243 1832 471 1875; x_wconf 68' lang='lat' dir='ltr'>liberaliter</span> <span class='ocrx_word' id='word_1_148' title='bbox 504 1837 710 1878; x_wconf 82' lang='lat' dir='ltr'>refundat.</span> <span class='ocrx_word' id='word_1_149' title='bbox 743 1837 860 1879; x_wconf 86' lang='lat' dir='ltr'>Unde</span> <span class='ocrx_word' id='word_1_150' title='bbox 880 1843 894 1864; x_wconf 73' lang='lat'>2</span> <span class='ocrx_word' id='word_1_151' title='bbox 919 1853 927 1880; x_wconf 91' lang='lat'>:</span> <span class='ocrx_word' id='word_1_152' title='bbox 955 1838 1128 1880; x_wconf 83' lang='lat' dir='ltr'>«Gratis</span> <span class='ocrx_word' id='word_1_153' title='bbox 1154 1853 1269 1882; x_wconf 83' lang='lat' dir='ltr'>acce-</span> 
     </span>
     <span class='ocr_line' id='line_1_25' title="bbox 242 1905 1274 1964; baseline 0.009 -20"><span class='ocrx_word' id='word_1_154' title='bbox 242 1905 375 1957; x_wconf 89' lang='lat' dir='ltr'>pistis,</span> <span class='ocrx_word' id='word_1_155' title='bbox 395 1907 528 1959; x_wconf 75' lang='lat' dir='ltr'>gratis</span> <span class='ocrx_word' id='word_1_156' title='bbox 545 1908 652 1950; x_wconf 86' lang='lat' dir='ltr'>date.</span> <span class='ocrx_word' id='word_1_157' title='bbox 669 1925 687 1946; x_wconf 82' lang='lat'>›)</span> <span class='ocrx_word' id='word_1_158' title='bbox 707 1909 772 1950; x_wconf 87' lang='lat' dir='ltr'>Ad</span> <span class='ocrx_word' id='word_1_159' title='bbox 792 1909 871 1951; x_wconf 89' lang='lat' dir='ltr'>hoc</span> <span class='ocrx_word' id='word_1_160' title='bbox 891 1913 1034 1951; x_wconf 89' lang='lat' dir='ltr'>autem</span> <span class='ocrx_word' id='word_1_161' title='bbox 1055 1912 1168 1964; x_wconf 93' lang='lat' dir='ltr'>quod</span> <span class='ocrx_word' id='word_1_162' title='bbox 1187 1913 1274 1953; x_wconf 89' lang='lat' dir='ltr'>ani-</span> 
     </span>
     <span class='ocr_line' id='line_1_26' title="bbox 242 1978 1272 2034; baseline 0.007 -18"><span class='ocrx_word' id='word_1_163' title='bbox 242 1988 312 2016; x_wconf 88' lang='lat' dir='ltr'>ma</span> <span class='ocrx_word' id='word_1_164' title='bbox 330 1978 503 2030; x_wconf 79' lang='lat' dir='ltr'>recipiat</span> <span class='ocrx_word' id='word_1_165' title='bbox 522 1979 593 2019; x_wconf 89' lang='lat' dir='ltr'>illa</span> <span class='ocrx_word' id='word_1_166' title='bbox 611 1979 790 2032; x_wconf 87' lang='lat' dir='ltr'>lumina,</span> <span class='ocrx_word' id='word_1_167' title='bbox 812 1982 1046 2034; x_wconf 86' lang='lat' dir='ltr'>requiritur</span> <span class='ocrx_word' id='word_1_168' title='bbox 1069 1983 1272 2025; x_wconf 82' lang='lat' dir='ltr'>vivacitas</span> 
     </span>
     <span class='ocr_line' id='line_1_27' title="bbox 240 2047 1271 2108; baseline 0.009 -21"><span class='ocrx_word' id='word_1_169' title='bbox 240 2047 447 2100; x_wconf 86' lang='lat' dir='ltr'>desiderii,</span> <span class='ocrx_word' id='word_1_170' title='bbox 476 2051 769 2103; x_wconf 86' lang='lat' dir='ltr'>perspicacitas</span> <span class='ocrx_word' id='word_1_171' title='bbox 798 2053 1007 2104; x_wconf 88' lang='lat' dir='ltr'>scrutinii,</span> <span class='ocrx_word' id='word_1_172' title='bbox 1030 2055 1271 2108; x_wconf 87' lang='lat' dir='ltr'>tranquilli-</span> 
     </span>
     <span class='ocr_line' id='line_1_28' title="bbox 240 2121 1271 2179; baseline 0.008 -19"><span class='ocrx_word' id='word_1_173' title='bbox 240 2122 303 2160; x_wconf 88' lang='lat' dir='ltr'>tas</span> <span class='ocrx_word' id='word_1_174' title='bbox 316 2121 480 2173; x_wconf 88' lang='lat' dir='ltr'>judicii.</span> <span class='ocrx_word' id='word_1_175' title='bbox 504 2122 596 2165; x_wconf 94' lang='lat' dir='ltr'>Non</span> <span class='ocrx_word' id='word_1_176' title='bbox 616 2125 730 2165; x_wconf 74' lang='lat' dir='ltr'>enim</span> <span class='ocrx_word' id='word_1_177' title='bbox 752 2129 813 2166; x_wconf 90' lang='lat' dir='ltr'>est</span> <span class='ocrx_word' id='word_1_178' title='bbox 833 2126 1160 2179; x_wconf 87' lang='lat' dir='ltr'>contemplativa</span> <span class='ocrx_word' id='word_1_179' title='bbox 1179 2129 1271 2168; x_wconf 91' lang='lat' dir='ltr'>ani-</span> 
     </span>
     <span class='ocr_line' id='line_1_29' title="bbox 241 2193 1271 2248; baseline 0.009 -16"><span class='ocrx_word' id='word_1_180' title='bbox 241 2204 310 2232; x_wconf 89' lang='lat' dir='ltr'>ma</span> <span class='ocrx_word' id='word_1_181' title='bbox 330 2193 416 2234; x_wconf 90' lang='lat' dir='ltr'>sine</span> <span class='ocrx_word' id='word_1_182' title='bbox 438 2194 644 2236; x_wconf 88' lang='lat' dir='ltr'>desiderio</span> <span class='ocrx_word' id='word_1_183' title='bbox 665 2196 809 2237; x_wconf 88' lang='lat' dir='ltr'>innato</span> <span class='ocrx_word' id='word_1_184' title='bbox 840 2200 880 2238; x_wconf 92' lang='lat' dir='ltr'>et</span> <span class='ocrx_word' id='word_1_185' title='bbox 909 2197 1063 2239; x_wconf 88' lang='lat' dir='ltr'>vivaci.</span> <span class='ocrx_word' id='word_1_186' title='bbox 1092 2199 1172 2248; x_wconf 81' lang='lat' dir='ltr'>Qui</span> <span class='ocrx_word' id='word_1_187' title='bbox 1190 2200 1271 2241; x_wconf 90' lang='lat' dir='ltr'>hoc</span> 
     </span>
     <span class='ocr_line' id='line_1_30' title="bbox 239 2264 1270 2324; baseline 0.008 -20"><span class='ocrx_word' id='word_1_188' title='bbox 239 2275 327 2304; x_wconf 88' lang='grc'>11011</span> <span class='ocrx_word' id='word_1_189' title='bbox 345 2264 485 2316; x_wconf 89' lang='lat' dir='ltr'>habet,</span> <span class='ocrx_word' id='word_1_190' title='bbox 506 2266 566 2306; x_wconf 89' lang='lat' dir='ltr'>nil</span> <span class='ocrx_word' id='word_1_191' title='bbox 582 2267 632 2307; x_wconf 88' lang='lat' dir='ltr'>de</span> <span class='ocrx_word' id='word_1_192' title='bbox 646 2268 996 2321; x_wconf 87' lang='lat' dir='ltr'>contemplatione</span> <span class='ocrx_word' id='word_1_193' title='bbox 1010 2269 1152 2321; x_wconf 83' lang='lat' dir='ltr'>habet,</span> <span class='ocrx_word' id='word_1_194' title='bbox 1169 2272 1270 2324; x_wconf 90' lang='lat' dir='ltr'>quia</span> 
     </span>
     <span class='ocr_line' id='line_1_31' title="bbox 239 2336 1269 2392; baseline 0.008 -16"><span class='ocrx_word' id='word_1_195' title='bbox 239 2336 363 2388; x_wconf 81' lang='lat' dir='ltr'>origo</span> <span class='ocrx_word' id='word_1_196' title='bbox 382 2336 597 2378; x_wconf 90' lang='lat' dir='ltr'>luminum</span> <span class='ocrx_word' id='word_1_197' title='bbox 617 2342 677 2379; x_wconf 90' lang='lat' dir='ltr'>est</span> <span class='ocrx_word' id='word_1_198' title='bbox 694 2351 718 2379; x_wconf 89' lang='lat' dir='ltr'>a</span> <span class='ocrx_word' id='word_1_199' title='bbox 733 2340 913 2380; x_wconf 88' lang='lat' dir='ltr'>summis</span> <span class='ocrx_word' id='word_1_200' title='bbox 932 2341 984 2381; x_wconf 91' lang='lat' dir='ltr'>ad</span> <span class='ocrx_word' id='word_1_201' title='bbox 999 2341 1161 2392; x_wconf 79' lang='lat' dir='ltr'>intima,</span> <span class='ocrx_word' id='word_1_202' title='bbox 1183 2356 1269 2385; x_wconf 90' lang='grc'>11011</span> 
     </span>
     <span class='ocr_line' id='line_1_32' title="bbox 239 2408 1264 2466; baseline 0.008 -19"><span class='ocrx_word' id='word_1_203' title='bbox 239 2419 262 2447; x_wconf 88' lang='lat' dir='ltr'>e</span> <span class='ocrx_word' id='word_1_204' title='bbox 295 2419 514 2449; x_wconf 89' lang='lat' dir='ltr'>converso.</span> <span class='ocrx_word' id='word_1_205' title='bbox 552 2408 722 2450; x_wconf 85' lang='lat' dir='ltr'>Primus</span> <span class='ocrx_word' id='word_1_206' title='bbox 754 2412 977 2464; x_wconf 87' lang='lat' dir='ltr'>respondet</span> <span class='ocrx_word' id='word_1_207' title='bbox 1014 2413 1234 2466; x_wconf 81' lang='lat' dir='ltr'>Seraphim</span> <span class='ocrx_word' id='word_1_208' title='bbox 1254 2447 1264 2466; x_wconf 90' lang='lat'>,</span> 
     </span>
     <span class='ocr_line' id='line_1_33' title="bbox 238 2478 1269 2536; baseline 0.008 -17"><span class='ocrx_word' id='word_1_209' title='bbox 238 2478 315 2531; x_wconf 90' lang='lat' dir='ltr'>qui</span> <span class='ocrx_word' id='word_1_210' title='bbox 334 2482 396 2520; x_wconf 90' lang='lat' dir='ltr'>est</span> <span class='ocrx_word' id='word_1_211' title='bbox 414 2480 565 2521; x_wconf 88' lang='lat' dir='ltr'>ardens</span> <span class='ocrx_word' id='word_1_212' title='bbox 585 2481 691 2522; x_wconf 83' lang='lat' dir='ltr'>sicut</span> <span class='ocrx_word' id='word_1_213' title='bbox 708 2482 822 2534; x_wconf 82' lang='lat' dir='ltr'>ignis</span> <span class='ocrx_word' id='word_1_214' title='bbox 839 2496 848 2524; x_wconf 95' lang='lat'><strong>:</strong></span> <span class='ocrx_word' id='word_1_215' title='bbox 871 2484 984 2525; x_wconf 90' lang='lat' dir='ltr'>unde</span> <span class='ocrx_word' id='word_1_216' title='bbox 1002 2485 1119 2536; x_wconf 83' lang='lat' dir='ltr'>ignis</span> <span class='ocrx_word' id='word_1_217' title='bbox 1138 2487 1269 2528; x_wconf 83' lang='lat' dir='ltr'>maxi-</span> 
     </span>
     <span class='ocr_line' id='line_1_34' title="bbox 238 2552 1266 2608; baseline 0.009 -18"><span class='ocrx_word' id='word_1_218' title='bbox 238 2561 352 2591; x_wconf 88' lang='lat' dir='ltr'>mam</span> <span class='ocrx_word' id='word_1_219' title='bbox 371 2552 560 2603; x_wconf 83' lang='lat' dir='ltr'>figuram</span> <span class='ocrx_word' id='word_1_220' title='bbox 579 2553 705 2594; x_wconf 86' lang='lat' dir='ltr'>habet</span> <span class='ocrx_word' id='word_1_221' title='bbox 725 2553 770 2594; x_wconf 91' lang='lat' dir='ltr'>in</span> <span class='ocrx_word' id='word_1_222' title='bbox 789 2554 1032 2608; x_wconf 78' lang='lat' dir='ltr'>Scripturis,</span> <span class='ocrx_word' id='word_1_223' title='bbox 1055 2557 1119 2598; x_wconf 88' lang='lat' dir='ltr'>Ad</span> <span class='ocrx_word' id='word_1_224' title='bbox 1137 2558 1266 2600; x_wconf 88' lang='lat' dir='ltr'>istum</span> 
     </span>
     <span class='ocr_line' id='line_1_35' title="bbox 236 2621 1267 2672; baseline 0.011 -11"><span class='ocrx_word' id='word_1_225' title='bbox 236 2621 385 2672; x_wconf 82' lang='lat' dir='ltr'>ignem</span> <span class='ocrx_word' id='word_1_226' title='bbox 404 2623 621 2664; x_wconf 85' lang='lat' dir='ltr'>ardentem</span> <span class='ocrx_word' id='word_1_227' title='bbox 651 2624 697 2664; x_wconf 91' lang='lat' dir='ltr'>in</span> <span class='ocrx_word' id='word_1_228' title='bbox 717 2626 872 2667; x_wconf 90' lang='lat' dir='ltr'>vertice</span> <span class='ocrx_word' id='word_1_229' title='bbox 891 2628 1047 2668; x_wconf 88' lang='lat' dir='ltr'>montis</span> <span class='ocrx_word' id='word_1_230' title='bbox 1081 2630 1267 2672; x_wconf 88' lang='lat' dir='ltr'>ascendit</span> 
     </span>
     <span class='ocr_line' id='line_1_36' title="bbox 235 2691 1265 2751; baseline 0.01 -19"><span class='ocrx_word' id='word_1_231' title='bbox 235 2691 414 2745; x_wconf 75' lang='lat' dir='ltr'>Moyses,</span> <span class='ocrx_word' id='word_1_232' title='bbox 438 2698 479 2734; x_wconf 90' lang='lat' dir='ltr'>et</span> <span class='ocrx_word' id='word_1_233' title='bbox 496 2698 640 2735; x_wconf 87' lang='lat' dir='ltr'>tamen</span> <span class='ocrx_word' id='word_1_234' title='bbox 656 2695 778 2737; x_wconf 90' lang='lat' dir='ltr'>illum</span> <span class='ocrx_word' id='word_1_235' title='bbox 796 2697 942 2749; x_wconf 80' lang='lat' dir='ltr'>ignem</span> <span class='ocrx_word' id='word_1_236' title='bbox 962 2700 1081 2751; x_wconf 89' lang='lat' dir='ltr'>prius</span> <span class='ocrx_word' id='word_1_237' title='bbox 1099 2700 1204 2742; x_wconf 90' lang='lat' dir='ltr'>vidit</span> <span class='ocrx_word' id='word_1_238' title='bbox 1220 2702 1265 2743; x_wconf 91' lang='lat' dir='ltr'>in</span> 
     </span>
     <span class='ocr_line' id='line_1_37' title="bbox 234 2764 1264 2821; baseline 0.009 -17"><span class='ocrx_word' id='word_1_239' title='bbox 234 2764 338 2816; x_wconf 90' lang='lat' dir='ltr'>pede</span> <span class='ocrx_word' id='word_1_240' title='bbox 358 2765 527 2806; x_wconf 86' lang='lat' dir='ltr'>montis.</span> <span class='ocrx_word' id='word_1_241' title='bbox 550 2765 644 2807; x_wconf 90' lang='lat' dir='ltr'>Non</span> <span class='ocrx_word' id='word_1_242' title='bbox 666 2767 780 2807; x_wconf 89' lang='lat' dir='ltr'>enim</span> <span class='ocrx_word' id='word_1_243' title='bbox 801 2767 964 2821; x_wconf 87' lang='lat' dir='ltr'>Moyses</span> <span class='ocrx_word' id='word_1_244' title='bbox 994 2769 1264 2814; x_wconf 87' lang='lat' dir='ltr'>descenderet</span> 
     </span>
     <span class='ocr_line' id='line_1_38' title="bbox 237 2835 1262 2893; baseline 0.008 -18"><span class='ocrx_word' id='word_1_245' title='bbox 237 2835 289 2875; x_wconf 89' lang='lat' dir='ltr'>ad</span> <span class='ocrx_word' id='word_1_246' title='bbox 326 2836 606 2877; x_wconf 87' lang='lat' dir='ltr'>erudiendum</span> <span class='ocrx_word' id='word_1_247' title='bbox 646 2838 854 2891; x_wconf 89' lang='lat' dir='ltr'>populum</span> <span class='ocrx_word' id='word_1_248' title='bbox 874 2870 887 2890; x_wconf 84' lang='lat'>,</span> <span class='ocrx_word' id='word_1_249' title='bbox 936 2839 1019 2880; x_wconf 89' lang='lat' dir='ltr'>nisi</span> <span class='ocrx_word' id='word_1_250' title='bbox 1054 2841 1174 2893; x_wconf 88' lang='lat' dir='ltr'>prius</span> <span class='ocrx_word' id='word_1_251' title='bbox 1209 2843 1262 2884; x_wconf 85' lang='lat' dir='ltr'>ad</span> 
     </span>
     <span class='ocr_line' id='line_1_39' title="bbox 232 2905 1263 2966; baseline 0.009 -20"><span class='ocrx_word' id='word_1_252' title='bbox 232 2905 377 2958; x_wconf 81' lang='lat' dir='ltr'>ignem</span> <span class='ocrx_word' id='word_1_253' title='bbox 399 2907 666 2949; x_wconf 86' lang='lat' dir='ltr'>ascendisset.</span> <span class='ocrx_word' id='word_1_254' title='bbox 685 2909 944 2951; x_wconf 81' lang='lat' dir='ltr'>Desiderium</span> <span class='ocrx_word' id='word_1_255' title='bbox 962 2923 1068 2963; x_wconf 83' lang='lat' dir='ltr'>ergo</span> <span class='ocrx_word' id='word_1_256' title='bbox 1082 2913 1263 2966; x_wconf 87' lang='lat' dir='ltr'>disponit</span> 
     </span>
     <span class='ocr_line' id='line_1_40' title="bbox 234 2977 1256 3033; baseline 0.009 -16"><span class='ocrx_word' id='word_1_257' title='bbox 234 2977 420 3018; x_wconf 82' lang='lat' dir='ltr'>animam</span> <span class='ocrx_word' id='word_1_258' title='bbox 446 2978 499 3019; x_wconf 89' lang='lat' dir='ltr'>ad</span> <span class='ocrx_word' id='word_1_259' title='bbox 527 2980 843 3033; x_wconf 88' lang='lat' dir='ltr'>suscipiendum</span> <span class='ocrx_word' id='word_1_260' title='bbox 871 2982 1017 3024; x_wconf 91' lang='lat' dir='ltr'>lumen</span> <span class='ocrx_word' id='word_1_261' title='bbox 1048 2984 1256 3026; x_wconf 86' lang='lat' dir='ltr'>divinum.</span> 
     </span>
     <span class='ocr_line' id='line_1_41' title="bbox 233 3046 1261 3108; baseline 0.01 -20"><span class='ocrx_word' id='word_1_262' title='bbox 233 3046 427 3090; x_wconf 90' lang='lat' dir='ltr'>Secundo</span> <span class='ocrx_word' id='word_1_263' title='bbox 447 3054 626 3103; x_wconf 87' lang='lat' dir='ltr'>oportet,</span> <span class='ocrx_word' id='word_1_264' title='bbox 657 3052 770 3104; x_wconf 90' lang='lat' dir='ltr'>quod</span> <span class='ocrx_word' id='word_1_265' title='bbox 799 3053 941 3094; x_wconf 88' lang='lat' dir='ltr'>anima</span> <span class='ocrx_word' id='word_1_266' title='bbox 969 3056 1261 3108; x_wconf 84' lang='lat' dir='ltr'>perspicaciter</span> 
     </span>
     <span class='ocr_line' id='line_1_42' title="bbox 233 3118 1260 3177; baseline 0.011 -19"><span class='ocrx_word' id='word_1_267' title='bbox 233 3118 437 3172; x_wconf 87' lang='lat' dir='ltr'>advertat,</span> <span class='ocrx_word' id='word_1_268' title='bbox 460 3121 527 3163; x_wconf 87' lang='lat' dir='ltr'>vel</span> <span class='ocrx_word' id='word_1_269' title='bbox 547 3122 763 3175; x_wconf 88' lang='lat' dir='ltr'>percipiat,</span> <span class='ocrx_word' id='word_1_270' title='bbox 787 3136 884 3177; x_wconf 83' lang='lat' dir='ltr'>quae</span> <span class='ocrx_word' id='word_1_271' title='bbox 905 3125 1001 3166; x_wconf 81' lang='lat' dir='ltr'>data</span> <span class='ocrx_word' id='word_1_272' title='bbox 1020 3130 1119 3167; x_wconf 89' lang='lat' dir='ltr'>sunt</span> <span class='ocrx_word' id='word_1_273' title='bbox 1136 3128 1215 3168; x_wconf 90' lang='lat' dir='ltr'>sibi</span> <span class='ocrx_word' id='word_1_274' title='bbox 1235 3141 1260 3169; x_wconf 88' lang='lat' dir='ltr'>a</span> 
     </span>
     <span class='ocr_line' id='line_1_43' title="bbox 233 3189 1258 3247; baseline 0.01 -17"><span class='ocrx_word' id='word_1_275' title='bbox 233 3189 331 3241; x_wconf 88' lang='lat' dir='ltr'>Deo,</span> <span class='ocrx_word' id='word_1_276' title='bbox 353 3194 394 3231; x_wconf 89' lang='lat' dir='ltr'>et</span> <span class='ocrx_word' id='word_1_277' title='bbox 413 3195 460 3232; x_wconf 90' lang='lat' dir='ltr'>ut</span> <span class='ocrx_word' id='word_1_278' title='bbox 488 3205 576 3233; x_wconf 90' lang='lat' dir='ltr'>non</span> <span class='ocrx_word' id='word_1_279' title='bbox 597 3193 751 3234; x_wconf 86' lang='lat' dir='ltr'>haheat</span> <span class='ocrx_word' id='word_1_280' title='bbox 778 3195 1072 3247; x_wconf 86' lang='lat' dir='ltr'>phantasmata</span> <span class='ocrx_word' id='word_1_281' title='bbox 1097 3198 1165 3239; x_wconf 87' lang='lat' dir='ltr'>vel</span> <span class='ocrx_word' id='word_1_282' title='bbox 1184 3211 1258 3240; x_wconf 89' lang='lat' dir='ltr'>oc·-</span> 
     </span>
     <span class='ocr_line' id='line_1_44' title="bbox 233 3262 1259 3320; baseline 0.011 -20"><span class='ocrx_word' id='word_1_283' title='bbox 233 3262 490 3315; x_wconf 85' lang='lat' dir='ltr'>cupationes,</span> <span class='ocrx_word' id='word_1_284' title='bbox 514 3264 618 3317; x_wconf 88' lang='lat' dir='ltr'>quin</span> <span class='ocrx_word' id='word_1_285' title='bbox 639 3265 770 3318; x_wconf 90' lang='lat' dir='ltr'>possit</span> <span class='ocrx_word' id='word_1_286' title='bbox 789 3267 986 3320; x_wconf 87' lang='lat' dir='ltr'>occupari</span> <span class='ocrx_word' id='word_1_287' title='bbox 1006 3269 1074 3310; x_wconf 89' lang='lat' dir='ltr'>vel</span> <span class='ocrx_word' id='word_1_288' title='bbox 1095 3270 1194 3310; x_wconf 85' lang='lat' dir='ltr'>ferri</span> <span class='ocrx_word' id='word_1_289' title='bbox 1214 3271 1259 3311; x_wconf 89' lang='lat' dir='ltr'>in</span> 
     </span>
     <span class='ocr_line' id='line_1_45' title="bbox 233 3331 1254 3392; baseline 0.013 -22"><span class='ocrx_word' id='word_1_290' title='bbox 233 3331 303 3372; x_wconf 87' lang='lat' dir='ltr'>illa</span> <span class='ocrx_word' id='word_1_291' title='bbox 331 3332 494 3375; x_wconf 91' lang='lat' dir='ltr'>lumina</span> <span class='ocrx_word' id='word_1_292' title='bbox 516 3350 525 3375; x_wconf 89' lang='lat'>:</span> <span class='ocrx_word' id='word_1_293' title='bbox 552 3339 593 3377; x_wconf 88' lang='lat' dir='ltr'>et</span> <span class='ocrx_word' id='word_1_294' title='bbox 628 3336 733 3378; x_wconf 92' lang='lat' dir='ltr'>illud</span> <span class='ocrx_word' id='word_1_295' title='bbox 757 3339 980 3392; x_wconf 86' lang='lat' dir='ltr'>respondet</span> <span class='ocrx_word' id='word_1_296' title='bbox 1013 3340 1254 3384; x_wconf 85' lang='lat' dir='ltr'>Cherubim.</span> 
     </span>
     <span class='ocr_line' id='line_1_46' title="bbox 233 3404 1259 3469; baseline 0.012 -23"><span class='ocrx_word' id='word_1_297' title='bbox 233 3404 422 3449; x_wconf 73' lang='lat' dir='ltr'>Tertium</span> <span class='ocrx_word' id='word_1_298' title='bbox 437 3412 513 3460; x_wconf 90' lang='lat' dir='ltr'>est,</span> <span class='ocrx_word' id='word_1_299' title='bbox 532 3412 644 3464; x_wconf 88' lang='lat' dir='ltr'>quod</span> <span class='ocrx_word' id='word_1_300' title='bbox 659 3412 812 3454; x_wconf 85' lang='lat' dir='ltr'>habeat</span> <span class='ocrx_word' id='word_1_301' title='bbox 826 3415 1176 3468; x_wconf 81' lang='lat' dir='ltr'>tranquillitatem</span> <span class='ocrx_word' id='word_1_302' title='bbox 1189 3417 1259 3469; x_wconf 76' lang='lat' dir='ltr'>Ju-</span> 
     </span>
     <span class='ocr_line' id='line_1_47' title="bbox 276 3488 1204 3540; baseline 0.01 -19"><span class='ocrx_word' id='word_1_303' title='bbox 276 3491 282 3508; x_wconf 92' lang='lat'>¹</span> <span class='ocrx_word' id='word_1_304' title='bbox 301 3488 409 3530; x_wconf 69' lang='lat' dir='ltr'>Cant„</span> <span class='ocrx_word' id='word_1_305' title='bbox 431 3498 455 3532; x_wconf 89' lang='lat'>1,</span> <span class='ocrx_word' id='word_1_306' title='bbox 477 3494 505 3524; x_wconf 83' lang='lat'>1.</span> <span class='ocrx_word' id='word_1_307' title='bbox 521 3510 561 3516; x_wconf 91' lang='lat'><strong>—</strong></span> <span class='ocrx_word' id='word_1_308' title='bbox 580 3494 738 3534; x_wconf 70' lang='grc' dir='ltr'>2111αιι]ι.,</span> <span class='ocrx_word' id='word_1_309' title='bbox 751 3504 787 3537; x_wconf 85' lang='lat' dir='ltr'>x,</span> <span class='ocrx_word' id='word_1_310' title='bbox 808 3497 838 3528; x_wconf 93' lang='lat'>8.</span> <span class='ocrx_word' id='word_1_311' title='bbox 859 3514 894 3520; x_wconf 94' lang='lat'>—-</span> <span class='ocrx_word' id='word_1_312' title='bbox 915 3497 929 3519; x_wconf 77' lang='lat'>³</span> <span class='ocrx_word' id='word_1_313' title='bbox 946 3497 1056 3538; x_wconf 66' lang='lat' dir='ltr'>Joan„</span> <span class='ocrx_word' id='word_1_314' title='bbox 1079 3506 1133 3540; x_wconf 84' lang='lat'>111,</span> <span class='ocrx_word' id='word_1_315' title='bbox 1155 3500 1204 3533; x_wconf 87' lang='lat'>13.</span> 
     </span>
    </p>
   </div>
   <div class='ocr_carea' id='block_1_3' title="bbox 958 181 1695 227">
    <p class='ocr_par' dir='ltr' id='par_1_3' title="bbox 958 181 1695 227">
     <span class='ocr_line' id='line_1_48' title="bbox 958 181 1695 227; baseline 0.007 -5"><span class='ocrx_word' id='word_1_316' title='bbox 958 181 1404 224; x_wconf 85' lang='lat' dir='ltr'>ILLUMINATIONES</span> <span class='ocrx_word' id='word_1_317' title='bbox 1433 182 1695 227; x_wconf 84' lang='lat' dir='ltr'>ECCLESIAE</span> 
     </span>
    </p>
   </div>
   <div class='ocr_carea' id='block_1_4' title="bbox 1340 271 2546 2895">
    <p class='ocr_par' dir='ltr' id='par_1_4' title="bbox 1359 271 2388 544">
     <span class='ocr_line' id='line_1_49' title="bbox 1359 271 2385 333; baseline 0.012 -21"><span class='ocrx_word' id='word_1_318' title='bbox 1359 271 1470 324; x_wconf 85' lang='lat' dir='ltr'>dicii,</span> <span class='ocrx_word' id='word_1_319' title='bbox 1493 274 1593 326; x_wconf 88' lang='lat' dir='ltr'>quia</span> <span class='ocrx_word' id='word_1_320' title='bbox 1609 275 1720 317; x_wconf 86' lang='lat' dir='ltr'>dona</span> <span class='ocrx_word' id='word_1_321' title='bbox 1736 276 1805 318; x_wconf 87' lang='lat' dir='ltr'>Dei</span> <span class='ocrx_word' id='word_1_322' title='bbox 1824 290 1911 319; x_wconf 89' lang='lat' dir='ltr'>non</span> <span class='ocrx_word' id='word_1_323' title='bbox 1927 278 2048 320; x_wconf 88' lang='lat' dir='ltr'>dehet</span> <span class='ocrx_word' id='word_1_324' title='bbox 2065 279 2117 333; x_wconf 88' lang='lat' dir='ltr'>(a)</span> <span class='ocrx_word' id='word_1_325' title='bbox 2136 281 2180 322; x_wconf 90' lang='lat' dir='ltr'>in</span> <span class='ocrx_word' id='word_1_326' title='bbox 2199 293 2385 325; x_wconf 84' lang='lat' dir='ltr'>vacuum</span> 
     </span>
     <span class='ocr_line' id='line_1_50' title="bbox 1359 343 2387 403; baseline 0.012 -21"><span class='ocrx_word' id='word_1_327' title='bbox 1359 343 1559 396; x_wconf 87' lang='lat' dir='ltr'>recipere,</span> <span class='ocrx_word' id='word_1_328' title='bbox 1585 349 1630 387; x_wconf 91' lang='lat' dir='ltr'>ut</span> <span class='ocrx_word' id='word_1_329' title='bbox 1649 359 1736 389; x_wconf 89' lang='lat' dir='ltr'>non</span> <span class='ocrx_word' id='word_1_330' title='bbox 1756 351 2021 401; x_wconf 85' lang='lat' dir='ltr'>pervertatur</span> <span class='ocrx_word' id='word_1_331' title='bbox 2046 349 2093 403; x_wconf 87' lang='lat' dir='ltr'>(b)</span> <span class='ocrx_word' id='word_1_332' title='bbox 2113 351 2321 403; x_wconf 84' lang='lat' dir='ltr'>judicium</span> <span class='ocrx_word' id='word_1_333' title='bbox 2341 353 2387 394; x_wconf 91' lang='lat' dir='ltr'>in</span> 
     </span>
     <span class='ocr_line' id='line_1_51' title="bbox 1359 413 2387 476; baseline 0.011 -23"><span class='ocrx_word' id='word_1_334' title='bbox 1359 413 1501 467; x_wconf 88' lang='lat' dir='ltr'>aliqua</span> <span class='ocrx_word' id='word_1_335' title='bbox 1521 417 1736 468; x_wconf 89' lang='lat' dir='ltr'>passione:</span> <span class='ocrx_word' id='word_1_336' title='bbox 1761 420 1862 472; x_wconf 90' lang='lat' dir='ltr'>quia</span> <span class='ocrx_word' id='word_1_337' title='bbox 1882 421 1915 460; x_wconf 91' lang='lat' dir='ltr'>si</span> <span class='ocrx_word' id='word_1_338' title='bbox 1938 433 2049 471; x_wconf 90' lang='lat' dir='ltr'>amo,</span> <span class='ocrx_word' id='word_1_339' title='bbox 2068 421 2280 474; x_wconf 78' lang='lat' dir='ltr'>Judieium</span> <span class='ocrx_word' id='word_1_340' title='bbox 2297 436 2387 476; x_wconf 88' lang='lat' dir='ltr'>per-</span> 
     </span>
     <span class='ocr_line' id='line_1_52' title="bbox 1360 486 2388 544; baseline 0.008 -19"><span class='ocrx_word' id='word_1_341' title='bbox 1360 486 1554 538; x_wconf 82' lang='lat' dir='ltr'>vertitur3</span> <span class='ocrx_word' id='word_1_342' title='bbox 1577 489 1611 528; x_wconf 90' lang='lat' dir='ltr'>si</span> <span class='ocrx_word' id='word_1_343' title='bbox 1633 490 1728 530; x_wconf 92' lang='lat' dir='ltr'>odio</span> <span class='ocrx_word' id='word_1_344' title='bbox 1753 491 1814 543; x_wconf 87' lang='lat' dir='ltr'>(c),</span> <span class='ocrx_word' id='word_1_345' title='bbox 1834 491 2040 542; x_wconf 50' lang='lat' dir='ltr'>similiter:</span> <span class='ocrx_word' id='word_1_346' title='bbox 2063 491 2097 531; x_wconf 90' lang='lat' dir='ltr'>si</span> <span class='ocrx_word' id='word_1_347' title='bbox 2117 504 2254 544; x_wconf 88' lang='lat' dir='ltr'>spero,</span> <span class='ocrx_word' id='word_1_348' title='bbox 2270 495 2312 532; x_wconf 89' lang='lat' dir='ltr'>et</span> <span class='ocrx_word' id='word_1_349' title='bbox 2330 493 2388 534; x_wconf 90' lang='lat' dir='ltr'>sie</span> 
     </span>
    </p>

    <p class='ocr_par' dir='ltr' id='par_1_5' title="bbox 1358 556 2388 615">
     <span class='ocr_line' id='line_1_53' title="bbox 1358 556 2388 615; baseline 0.007 -19"><span class='ocrx_word' id='word_1_350' title='bbox 1358 556 1409 596; x_wconf 87' lang='lat' dir='ltr'>de</span> <span class='ocrx_word' id='word_1_351' title='bbox 1432 557 1524 596; x_wconf 88' lang='lat' dir='ltr'>aliis</span> <span class='ocrx_word' id='word_1_352' title='bbox 1543 559 1806 611; x_wconf 87' lang='lat' dir='ltr'>passionibus</span> <span class='ocrx_word' id='word_1_353' title='bbox 1823 574 1832 601; x_wconf 89' lang='lat'><strong>:</strong></span> <span class='ocrx_word' id='word_1_354' title='bbox 1855 565 1894 602; x_wconf 91' lang='lat' dir='ltr'>et</span> <span class='ocrx_word' id='word_1_355' title='bbox 1914 562 1994 602; x_wconf 91' lang='lat' dir='ltr'>hoc</span> <span class='ocrx_word' id='word_1_356' title='bbox 2012 562 2237 615; x_wconf 86' lang='lat' dir='ltr'>respondet</span> <span class='ocrx_word' id='word_1_357' title='bbox 2256 561 2388 603; x_wconf 87' lang='lat' dir='ltr'>Thro-</span> 
     </span>
    </p>

    <p class='ocr_par' dir='ltr' id='par_1_6' title="bbox 1356 628 2546 896">
     <span class='ocr_line' id='line_1_54' title="bbox 1358 628 2544 691; baseline 0.005 -24"><span class='ocrx_word' id='word_1_358' title='bbox 1358 628 1436 668; x_wconf 88' lang='lat' dir='ltr'>nis.</span> <span class='ocrx_word' id='word_1_359' title='bbox 1463 628 1527 669; x_wconf 82' lang='lat' dir='ltr'>Ex</span> <span class='ocrx_word' id='word_1_360' title='bbox 1557 629 1624 669; x_wconf 88' lang='lat' dir='ltr'>his</span> <span class='ocrx_word' id='word_1_361' title='bbox 1654 631 1844 683; x_wconf 89' lang='lat' dir='ltr'>sequitur</span> <span class='ocrx_word' id='word_1_362' title='bbox 1863 633 2089 674; x_wconf 82' lang='lat' dir='ltr'>auctoritas</span> <span class='ocrx_word' id='word_1_363' title='bbox 2117 633 2298 685; x_wconf 89' lang='lat' dir='ltr'>imperii.</span> <span class='ocrx_word' id='word_1_364' title='bbox 2323 633 2386 674; x_wconf 81' lang='lat' dir='ltr'>Ex</span> <span class='ocrx_word' id='word_1_365' title='bbox 2423 646 2544 691; x_wconf 32' lang='lat' dir='ltr'>‚Aucto-</span> 
     </span>
     <span class='ocr_line' id='line_1_55' title="bbox 1357 687 2546 762; baseline 0.006 -24"><span class='ocrx_word' id='word_1_366' title='bbox 1357 710 1443 751; x_wconf 91' lang='lat' dir='ltr'>quo</span> <span class='ocrx_word' id='word_1_367' title='bbox 1461 700 1573 739; x_wconf 89' lang='lat' dir='ltr'>enim</span> <span class='ocrx_word' id='word_1_368' title='bbox 1595 701 1801 742; x_wconf 86' lang='lat' dir='ltr'>desiderio</span> <span class='ocrx_word' id='word_1_369' title='bbox 1822 703 2008 755; x_wconf 87' lang='lat' dir='ltr'>suscipit,</span> <span class='ocrx_word' id='word_1_370' title='bbox 2039 706 2080 744; x_wconf 89' lang='lat' dir='ltr'>et</span> <span class='ocrx_word' id='word_1_371' title='bbox 2099 703 2202 745; x_wconf 90' lang='lat' dir='ltr'>illud</span> <span class='ocrx_word' id='word_1_372' title='bbox 2221 704 2383 757; x_wconf 87' lang='lat' dir='ltr'>perspi·</span> <span class='ocrx_word' id='word_1_373' title='bbox 2405 687 2546 762; x_wconf 42' lang='lat' dir='ltr'>{3³5¹ss</span> 
     </span>
     <span class='ocr_line' id='line_1_56' title="bbox 1358 768 2513 828; baseline 0.005 -19"><span class='ocrx_word' id='word_1_374' title='bbox 1358 770 1509 810; x_wconf 86' lang='lat' dir='ltr'>caciter</span> <span class='ocrx_word' id='word_1_375' title='bbox 1533 771 1723 824; x_wconf 81' lang='lat' dir='ltr'>percipit,</span> <span class='ocrx_word' id='word_1_376' title='bbox 1747 776 1788 813; x_wconf 88' lang='lat' dir='ltr'>et</span> <span class='ocrx_word' id='word_1_377' title='bbox 1812 773 2039 826; x_wconf 88' lang='lat' dir='ltr'>tranquille</span> <span class='ocrx_word' id='word_1_378' title='bbox 2058 774 2297 815; x_wconf 89' lang='lat' dir='ltr'>faciendum</span> <span class='ocrx_word' id='word_1_379' title='bbox 2311 775 2384 828; x_wconf 85' lang='lat' dir='ltr'>ju·</span> <span class='ocrx_word' id='word_1_380' title='bbox 2406 768 2513 797; x_wconf 59' lang='lat' dir='ltr'>anima·</span> 
     </span>
     <span class='ocr_line' id='line_1_57' title="bbox 1356 840 2384 896; baseline 0.005 -16"><span class='ocrx_word' id='word_1_381' title='bbox 1356 840 1481 891; x_wconf 87' lang='lat' dir='ltr'>dicat,</span> <span class='ocrx_word' id='word_1_382' title='bbox 1503 845 1544 882; x_wconf 88' lang='lat' dir='ltr'>et</span> <span class='ocrx_word' id='word_1_383' title='bbox 1566 855 1620 883; x_wconf 83' lang='lat' dir='ltr'>ex</span> <span class='ocrx_word' id='word_1_384' title='bbox 1646 855 1730 896; x_wconf 91' lang='lat' dir='ltr'>quo</span> <span class='ocrx_word' id='word_1_385' title='bbox 1750 843 1858 885; x_wconf 85' lang='lat' dir='ltr'>Deus</span> <span class='ocrx_word' id='word_1_386' title='bbox 1889 844 1999 893; x_wconf 81' lang='lat' dir='ltr'>vult,</span> <span class='ocrx_word' id='word_1_387' title='bbox 2022 847 2122 885; x_wconf 89' lang='lat' dir='ltr'>tune</span> <span class='ocrx_word' id='word_1_388' title='bbox 2141 845 2284 885; x_wconf 86' lang='lat' dir='ltr'>anima</span> <span class='ocrx_word' id='word_1_389' title='bbox 2303 844 2384 885; x_wconf 88' lang='grc'>1111-</span> 
     </span>
    </p>

    <p class='ocr_par' dir='ltr' id='par_1_7' title="bbox 1355 913 2386 1040">
     <span class='ocr_line' id='line_1_58' title="bbox 1356 913 2386 967; baseline 0.005 -15"><span class='ocrx_word' id='word_1_390' title='bbox 1356 916 1473 963; x_wconf 85' lang='lat' dir='ltr'>perat</span> <span class='ocrx_word' id='word_1_391' title='bbox 1490 913 1598 964; x_wconf 88' lang='lat' dir='ltr'>fieri,</span> <span class='ocrx_word' id='word_1_392' title='bbox 1615 917 1655 955; x_wconf 91' lang='lat' dir='ltr'>et</span> <span class='ocrx_word' id='word_1_393' title='bbox 1674 915 2283 967; x_wconf 88' lang='lat' dir='ltr'>respondetDominationibus.</span> <span class='ocrx_word' id='word_1_394' title='bbox 2305 915 2386 957; x_wconf 91' lang='lat' dir='ltr'>Sed</span> 
     </span>
     <span class='ocr_line' id='line_1_59' title="bbox 1355 984 2385 1040; baseline 0.005 -17"><span class='ocrx_word' id='word_1_395' title='bbox 1355 984 1565 1038; x_wconf 84' lang='lat' dir='ltr'>imperare</span> <span class='ocrx_word' id='word_1_396' title='bbox 1584 998 1738 1038; x_wconf 89' lang='lat' dir='ltr'>parum</span> <span class='ocrx_word' id='word_1_397' title='bbox 1754 986 1879 1038; x_wconf 89' lang='lat' dir='ltr'>valet,</span> <span class='ocrx_word' id='word_1_398' title='bbox 1898 987 1979 1027; x_wconf 87' lang='lat' dir='ltr'>nisi</span> <span class='ocrx_word' id='word_1_399' title='bbox 1994 988 2116 1028; x_wconf 83' lang='lat' dir='ltr'>saciat</span> <span class='ocrx_word' id='word_1_400' title='bbox 2131 987 2247 1028; x_wconf 89' lang='lat' dir='ltr'>:ideo</span> <span class='ocrx_word' id='word_1_401' title='bbox 2266 999 2385 1040; x_wconf 89' lang='lat' dir='ltr'>opor-</span> 
     </span>
    </p>

    <p class='ocr_par' dir='ltr' id='par_1_8' title="bbox 1353 1057 2385 1255">
     <span class='ocr_line' id='line_1_60' title="bbox 1354 1057 2385 1112; baseline 0.004 -16"><span class='ocrx_word' id='word_1_402' title='bbox 1354 1058 1413 1096; x_wconf 88' lang='lat' dir='ltr'>tet</span> <span class='ocrx_word' id='word_1_403' title='bbox 1424 1057 1537 1109; x_wconf 92' lang='lat' dir='ltr'>quod</span> <span class='ocrx_word' id='word_1_404' title='bbox 1551 1057 1604 1097; x_wconf 88' lang='lat' dir='ltr'>sit</span> <span class='ocrx_word' id='word_1_405' title='bbox 1618 1057 1792 1098; x_wconf 88' lang='lat' dir='ltr'>virilitas</span> <span class='ocrx_word' id='word_1_406' title='bbox 1806 1059 2010 1112; x_wconf 86' lang='lat' dir='ltr'>propositi</span> <span class='ocrx_word' id='word_1_407' title='bbox 2024 1058 2254 1107; x_wconf 81' lang='lat' dir='ltr'>exercitati;</span> <span class='ocrx_word' id='word_1_408' title='bbox 2272 1059 2385 1112; x_wconf 85' lang='lat' dir='ltr'>quod</span> 
     </span>
     <span class='ocr_line' id='line_1_61' title="bbox 1354 1128 2384 1183; baseline 0.004 -16"><span class='ocrx_word' id='word_1_409' title='bbox 1354 1129 1578 1180; x_wconf 87' lang='lat' dir='ltr'>respondet</span> <span class='ocrx_word' id='word_1_410' title='bbox 1597 1128 1848 1181; x_wconf 84' lang='lat' dir='ltr'>Virtutibus,</span> <span class='ocrx_word' id='word_1_411' title='bbox 1873 1134 1920 1171; x_wconf 88' lang='lat' dir='ltr'>ut</span> <span class='ocrx_word' id='word_1_412' title='bbox 1938 1135 2110 1183; x_wconf 88' lang='lat' dir='ltr'>propter</span> <span class='ocrx_word' id='word_1_413' title='bbox 2129 1129 2292 1171; x_wconf 89' lang='lat' dir='ltr'>nullam</span> <span class='ocrx_word' id='word_1_414' title='bbox 2308 1130 2384 1171; x_wconf 88' lang='lat' dir='ltr'>tri-</span> 
     </span>
     <span class='ocr_line' id='line_1_62' title="bbox 1353 1199 2382 1255; baseline 0.005 -17"><span class='ocrx_word' id='word_1_415' title='bbox 1353 1199 1614 1240; x_wconf 88' lang='lat' dir='ltr'>bulationem</span> <span class='ocrx_word' id='word_1_416' title='bbox 1628 1200 1810 1241; x_wconf 85' lang='lat' dir='ltr'>dimittat</span> <span class='ocrx_word' id='word_1_417' title='bbox 1825 1202 2000 1253; x_wconf 87' lang='lat' dir='ltr'>bonum,</span> <span class='ocrx_word' id='word_1_418' title='bbox 2018 1202 2131 1255; x_wconf 87' lang='lat' dir='ltr'>quod</span> <span class='ocrx_word' id='word_1_419' title='bbox 2152 1202 2229 1243; x_wconf 90' lang='lat' dir='ltr'>scit</span> <span class='ocrx_word' id='word_1_420' title='bbox 2249 1202 2382 1243; x_wconf 87' lang='lat' dir='ltr'>Deum</span> 
     </span>
    </p>

    <p class='ocr_par' dir='ltr' id='par_1_9' title="bbox 1353 1269 2381 1396">
     <span class='ocr_line' id='line_1_63' title="bbox 1353 1269 2380 1327; baseline 0.005 -18"><span class='ocrx_word' id='word_1_421' title='bbox 1353 1269 1474 1310; x_wconf 88' lang='lat' dir='ltr'>velle.</span> <span class='ocrx_word' id='word_1_422' title='bbox 1507 1269 1604 1310; x_wconf 89' lang='lat' dir='ltr'>Post</span> <span class='ocrx_word' id='word_1_423' title='bbox 1630 1272 1744 1324; x_wconf 85' lang='lat' dir='ltr'>quod</span> <span class='ocrx_word' id='word_1_424' title='bbox 1772 1273 1889 1313; x_wconf 86' lang='lat' dir='ltr'>venit</span> <span class='ocrx_word' id='word_1_425' title='bbox 1920 1273 2115 1313; x_wconf 80' lang='lat' dir='ltr'>nobilitas</span> <span class='ocrx_word' id='word_1_426' title='bbox 2146 1273 2380 1327; x_wconf 90' lang='lat' dir='ltr'>triumphi,</span> 
     </span>
     <span class='ocr_line' id='line_1_64' title="bbox 1353 1343 2381 1396; baseline 0.003 -15"><span class='ocrx_word' id='word_1_427' title='bbox 1353 1345 1523 1394; x_wconf 76' lang='lat' dir='ltr'>propter</span> <span class='ocrx_word' id='word_1_428' title='bbox 1554 1343 1855 1395; x_wconf 87' lang='lat' dir='ltr'>impedimenta</span> <span class='ocrx_word' id='word_1_429' title='bbox 1874 1356 1970 1396; x_wconf 80' lang='lat' dir='ltr'>quae</span> <span class='ocrx_word' id='word_1_430' title='bbox 1993 1347 2238 1395; x_wconf 86' lang='lat' dir='ltr'>occurrunt,</span> <span class='ocrx_word' id='word_1_431' title='bbox 2267 1347 2381 1396; x_wconf 88' lang='lat' dir='ltr'>post-</span> 
     </span>
    </p>

    <p class='ocr_par' dir='ltr' id='par_1_10' title="bbox 1351 1414 2384 1610">
     <span class='ocr_line' id='line_1_65' title="bbox 1352 1414 2382 1467; baseline 0.003 -14"><span class='ocrx_word' id='word_1_432' title='bbox 1352 1425 1481 1465; x_wconf 86' lang='lat' dir='ltr'>quam</span> <span class='ocrx_word' id='word_1_433' title='bbox 1503 1414 1703 1467; x_wconf 82' lang='lat' dir='ltr'>recipitur</span> <span class='ocrx_word' id='word_1_434' title='bbox 1729 1414 1888 1466; x_wconf 85' lang='lat' dir='ltr'>aliquid</span> <span class='ocrx_word' id='word_1_435' title='bbox 1908 1429 1933 1455; x_wconf 84' lang='lat' dir='ltr'>a</span> <span class='ocrx_word' id='word_1_436' title='bbox 1964 1415 2072 1466; x_wconf 74' lang='lat' dir='ltr'>Deo,</span> <span class='ocrx_word' id='word_1_437' title='bbox 2107 1417 2147 1455; x_wconf 87' lang='lat' dir='ltr'>et</span> <span class='ocrx_word' id='word_1_438' title='bbox 2170 1414 2277 1455; x_wconf 87' lang='lat' dir='ltr'>illud</span> <span class='ocrx_word' id='word_1_439' title='bbox 2295 1426 2382 1456; x_wconf 90' lang='lat' dir='ltr'>res-</span> 
     </span>
     <span class='ocr_line' id='line_1_66' title="bbox 1351 1484 2384 1537; baseline 0.002 -12"><span class='ocrx_word' id='word_1_440' title='bbox 1351 1485 1508 1537; x_wconf 83' lang='lat' dir='ltr'>pondet</span> <span class='ocrx_word' id='word_1_441' title='bbox 1543 1484 1824 1527; x_wconf 82' lang='lat' dir='ltr'>Potestatibus</span> <span class='ocrx_word' id='word_1_442' title='bbox 1842 1518 1852 1537; x_wconf 90' lang='lat'>,</span> <span class='ocrx_word' id='word_1_443' title='bbox 1893 1486 2049 1526; x_wconf 87' lang='lat' dir='ltr'>scilicet</span> <span class='ocrx_word' id='word_1_444' title='bbox 2092 1486 2142 1527; x_wconf 90' lang='lat' dir='ltr'>de</span> <span class='ocrx_word' id='word_1_445' title='bbox 2186 1486 2384 1527; x_wconf 87' lang='lat' dir='ltr'>omnibus</span> 
     </span>
     <span class='ocr_line' id='line_1_67' title="bbox 1351 1557 2383 1610; baseline 0.003 -14"><span class='ocrx_word' id='word_1_446' title='bbox 1351 1557 1631 1610; x_wconf 85' lang='lat' dir='ltr'>triumphare.</span> <span class='ocrx_word' id='word_1_447' title='bbox 1646 1557 1746 1598; x_wconf 61' lang='lat' dir='ltr'>Haec</span> <span class='ocrx_word' id='word_1_448' title='bbox 1759 1558 1839 1598; x_wconf 83' lang='lat' dir='ltr'>tria</span> <span class='ocrx_word' id='word_1_449' title='bbox 1855 1558 2014 1598; x_wconf 83' lang='lat' dir='ltr'>faciunt</span> <span class='ocrx_word' id='word_1_450' title='bbox 2028 1558 2212 1598; x_wconf 87' lang='lat' dir='ltr'>mediam</span> <span class='ocrx_word' id='word_1_451' title='bbox 2227 1558 2383 1599; x_wconf 86' lang='lat' dir='ltr'>hierar-</span> 
     </span>
    </p>

    <p class='ocr_par' dir='ltr' id='par_1_11' title="bbox 1351 1629 2378 1670">
     <span class='ocr_line' id='line_1_68' title="bbox 1351 1629 2378 1670; baseline 0.002 -2"><span class='ocrx_word' id='word_1_452' title='bbox 1351 1629 1490 1669; x_wconf 83' lang='lat' dir='ltr'>chiam</span> <span class='ocrx_word' id='word_1_453' title='bbox 1520 1630 1688 1670; x_wconf 84' lang='lat' dir='ltr'>animae.</span> <span class='ocrx_word' id='word_1_454' title='bbox 1713 1629 1904 1670; x_wconf 88' lang='lat' dir='ltr'>Tertium</span> <span class='ocrx_word' id='word_1_455' title='bbox 1924 1632 1985 1670; x_wconf 88' lang='lat' dir='ltr'>est</span> <span class='ocrx_word' id='word_1_456' title='bbox 2007 1629 2213 1670; x_wconf 86' lang='lat' dir='ltr'>custodita</span> <span class='ocrx_word' id='word_1_457' title='bbox 2238 1629 2378 1670; x_wconf 90' lang='lat' dir='ltr'>distri-</span> 
     </span>
    </p>

    <p class='ocr_par' dir='ltr' id='par_1_12' title="bbox 1350 1700 2382 1897">
     <span class='ocr_line' id='line_1_69' title="bbox 1350 1700 2380 1753; baseline 0.002 -13"><span class='ocrx_word' id='word_1_458' title='bbox 1350 1700 1484 1751; x_wconf 86' lang='lat' dir='ltr'>butio,</span> <span class='ocrx_word' id='word_1_459' title='bbox 1510 1704 1551 1741; x_wconf 87' lang='lat' dir='ltr'>et</span> <span class='ocrx_word' id='word_1_460' title='bbox 1568 1701 1611 1741; x_wconf 91' lang='lat' dir='ltr'>in</span> <span class='ocrx_word' id='word_1_461' title='bbox 1631 1701 1710 1742; x_wconf 90' lang='lat' dir='ltr'>hoc</span> <span class='ocrx_word' id='word_1_462' title='bbox 1729 1704 1827 1741; x_wconf 90' lang='lat' dir='ltr'>sunt</span> <span class='ocrx_word' id='word_1_463' title='bbox 1843 1701 1939 1752; x_wconf 85' lang='lat' dir='ltr'>tria,</span> <span class='ocrx_word' id='word_1_464' title='bbox 1962 1700 2030 1742; x_wconf 90' lang='lat' dir='ltr'>vel</span> <span class='ocrx_word' id='word_1_465' title='bbox 2046 1700 2265 1753; x_wconf 86' lang='lat' dir='ltr'>tripliciter</span> <span class='ocrx_word' id='word_1_466' title='bbox 2284 1713 2380 1742; x_wconf 88' lang='lat' dir='ltr'>con-</span> 
     </span>
     <span class='ocr_line' id='line_1_70' title="bbox 1351 1771 2382 1825; baseline 0.003 -15"><span class='ocrx_word' id='word_1_467' title='bbox 1351 1771 1493 1823; x_wconf 79' lang='lat' dir='ltr'>tingit,</span> <span class='ocrx_word' id='word_1_468' title='bbox 1524 1772 1677 1813; x_wconf 88' lang='lat' dir='ltr'>scilicet</span> <span class='ocrx_word' id='word_1_469' title='bbox 1699 1785 1774 1825; x_wconf 88' lang='lat' dir='ltr'>per</span> <span class='ocrx_word' id='word_1_470' title='bbox 1803 1772 2034 1813; x_wconf 87' lang='lat' dir='ltr'>claritatem</span> <span class='ocrx_word' id='word_1_471' title='bbox 2065 1773 2270 1825; x_wconf 78' lang='lat' dir='ltr'>exempli,</span> <span class='ocrx_word' id='word_1_472' title='bbox 2305 1785 2382 1825; x_wconf 87' lang='lat' dir='ltr'>per</span> 
     </span>
     <span class='ocr_line' id='line_1_71' title="bbox 1350 1842 2377 1897; baseline 0.001 -14"><span class='ocrx_word' id='word_1_473' title='bbox 1350 1842 1572 1883; x_wconf 88' lang='lat' dir='ltr'>veritatem</span> <span class='ocrx_word' id='word_1_474' title='bbox 1590 1843 1761 1896; x_wconf 87' lang='lat' dir='ltr'>eloquii,</span> <span class='ocrx_word' id='word_1_475' title='bbox 1780 1855 1854 1896; x_wconf 88' lang='lat' dir='ltr'>per</span> <span class='ocrx_word' id='word_1_476' title='bbox 1868 1843 1925 1884; x_wconf 89' lang='lat' dir='ltr'>hu</span> <span class='ocrx_word' id='word_1_477' title='bbox 1933 1844 2156 1884; x_wconf 88' lang='lat' dir='ltr'>militatem</span> <span class='ocrx_word' id='word_1_478' title='bbox 2170 1844 2377 1897; x_wconf 87' lang='lat' dir='ltr'>obsequii.</span> 
     </span>
    </p>

    <p class='ocr_par' dir='ltr' id='par_1_13' title="bbox 1348 1913 2540 2182">
     <span class='ocr_line' id='line_1_72' title="bbox 1350 1913 2536 1973; baseline -0.001 -20"><span class='ocrx_word' id='word_1_479' title='bbox 1350 1913 1417 1954; x_wconf 89' lang='lat' dir='ltr'>Sic</span> <span class='ocrx_word' id='word_1_480' title='bbox 1444 1914 1645 1955; x_wconf 89' lang='lat' dir='ltr'>debemus</span> <span class='ocrx_word' id='word_1_481' title='bbox 1678 1915 1810 1956; x_wconf 86' lang='lat' dir='ltr'>vitam</span> <span class='ocrx_word' id='word_1_482' title='bbox 1840 1914 1940 1955; x_wconf 83' lang='lat' dir='ltr'>dare</span> <span class='ocrx_word' id='word_1_483' title='bbox 1968 1914 2189 1968; x_wconf 78' lang='lat' dir='ltr'>proximo,</span> <span class='ocrx_word' id='word_1_484' title='bbox 2225 1914 2380 1956; x_wconf 86' lang='lat' dir='ltr'>scilicet</span> <span class='ocrx_word' id='word_1_485' title='bbox 2400 1924 2536 1973; x_wconf 58' lang='lat' dir='ltr'>Prqximo</span> 
     </span>
     <span class='ocr_line' id='line_1_73' title="bbox 1349 1967 2540 2039; baseline 0.001 -13"><span class='ocrx_word' id='word_1_486' title='bbox 1349 1998 1424 2038; x_wconf 87' lang='lat' dir='ltr'>per</span> <span class='ocrx_word' id='word_1_487' title='bbox 1466 1986 1661 2039; x_wconf 74' lang='lat' dir='ltr'>exempla</span> <span class='ocrx_word' id='word_1_488' title='bbox 1677 2018 1687 2038; x_wconf 85' lang='lat'>,</span> <span class='ocrx_word' id='word_1_489' title='bbox 1725 1986 1942 2027; x_wconf 89' lang='lat' dir='ltr'>scientiam</span> <span class='ocrx_word' id='word_1_490' title='bbox 1954 2018 1967 2038; x_wconf 90' lang='lat'>,</span> <span class='ocrx_word' id='word_1_491' title='bbox 2005 1989 2046 2027; x_wconf 89' lang='lat' dir='ltr'>et</span> <span class='ocrx_word' id='word_1_492' title='bbox 2081 1986 2377 2029; x_wconf 84' lang='lat' dir='ltr'>substantiam.</span> <span class='ocrx_word' id='word_1_493' title='bbox 2400 1967 2540 2037; x_wconf 56' lang='grc' dir='ltr'>ἷῗξῃῗζζ</span> 
     </span>
     <span class='ocr_line' id='line_1_74' title="bbox 1349 2051 2539 2120; baseline 0.002 -23"><span class='ocrx_word' id='word_1_494' title='bbox 1349 2056 1612 2098; x_wconf 63' lang='lat' dir='ltr'>Praeclaritas</span> <span class='ocrx_word' id='word_1_495' title='bbox 1623 2058 1806 2112; x_wconf 80' lang='lat' dir='ltr'>exempli</span> <span class='ocrx_word' id='word_1_496' title='bbox 1817 2058 2042 2111; x_wconf 90' lang='lat' dir='ltr'>respondet</span> <span class='ocrx_word' id='word_1_497' title='bbox 2053 2056 2308 2111; x_wconf 89' lang='lat' dir='ltr'>Principatib</span> <span class='ocrx_word' id='word_1_498' title='bbox 2315 2070 2377 2110; x_wconf 89' lang='lat' dir='ltr'>us,</span> <span class='ocrx_word' id='word_1_499' title='bbox 2398 2051 2539 2120; x_wconf 48' lang='grc' dir='ltr'>ξξξᾶῐζῗᾶ·</span> 
     </span>
     <span class='ocr_line' id='line_1_75' title="bbox 1348 2128 2379 2182; baseline 0 -13"><span class='ocrx_word' id='word_1_500' title='bbox 1348 2141 1534 2182; x_wconf 90' lang='lat' dir='ltr'>quorum</span> <span class='ocrx_word' id='word_1_501' title='bbox 1555 2132 1617 2170; x_wconf 92' lang='lat' dir='ltr'>est</span> <span class='ocrx_word' id='word_1_502' title='bbox 1633 2129 1798 2180; x_wconf 89' lang='lat' dir='ltr'>ducere;</span> <span class='ocrx_word' id='word_1_503' title='bbox 1819 2130 1974 2172; x_wconf 84' lang='lat' dir='ltr'>veritas</span> <span class='ocrx_word' id='word_1_504' title='bbox 1992 2129 2166 2182; x_wconf 87' lang='lat' dir='ltr'>eloquii,</span> <span class='ocrx_word' id='word_1_505' title='bbox 2186 2128 2379 2170; x_wconf 87' lang='lat' dir='ltr'>Archan-</span> 
     </span>
    </p>

    <p class='ocr_par' dir='ltr' id='par_1_14' title="bbox 1349 2199 2378 2254">
     <span class='ocr_line' id='line_1_76' title="bbox 1349 2199 2378 2254; baseline 0.002 -14"><span class='ocrx_word' id='word_1_506' title='bbox 1349 2200 1470 2252; x_wconf 82' lang='lat' dir='ltr'>gelis3</span> <span class='ocrx_word' id='word_1_507' title='bbox 1493 2200 1712 2241; x_wconf 84' lang='lat' dir='ltr'>humilitas</span> <span class='ocrx_word' id='word_1_508' title='bbox 1742 2200 1948 2254; x_wconf 85' lang='lat' dir='ltr'>obsequii,</span> <span class='ocrx_word' id='word_1_509' title='bbox 1970 2200 2161 2253; x_wconf 83' lang='lat' dir='ltr'>Angelis.</span> <span class='ocrx_word' id='word_1_510' title='bbox 2187 2199 2256 2242; x_wconf 87' lang='lat' dir='ltr'>Sic</span> <span class='ocrx_word' id='word_1_511' title='bbox 2274 2212 2378 2253; x_wconf 82' lang='lat' dir='ltr'>ergo</span> 
     </span>
    </p>

    <p class='ocr_par' dir='ltr' id='par_1_15' title="bbox 1344 2272 2378 2612">
     <span class='ocr_line' id='line_1_77' title="bbox 1346 2272 2378 2322; baseline 0.002 -9"><span class='ocrx_word' id='word_1_512' title='bbox 1346 2276 1408 2313; x_wconf 89' lang='lat' dir='ltr'>est</span> <span class='ocrx_word' id='word_1_513' title='bbox 1439 2273 1748 2314; x_wconf 84' lang='lat' dir='ltr'>consummatio</span> <span class='ocrx_word' id='word_1_514' title='bbox 1774 2273 1820 2313; x_wconf 93' lang='lat' dir='ltr'>in</span> <span class='ocrx_word' id='word_1_515' title='bbox 1850 2272 2112 2322; x_wconf 83' lang='lat' dir='ltr'>humilitate,</span> <span class='ocrx_word' id='word_1_516' title='bbox 2144 2273 2378 2315; x_wconf 89' lang='lat' dir='ltr'>seeundum</span> 
     </span>
     <span class='ocr_line' id='line_1_78' title="bbox 1346 2343 2374 2396; baseline 0.001 -11"><span class='ocrx_word' id='word_1_517' title='bbox 1346 2344 1612 2394; x_wconf 86' lang='lat' dir='ltr'>desceusum;</span> <span class='ocrx_word' id='word_1_518' title='bbox 1647 2347 1688 2384; x_wconf 89' lang='lat' dir='ltr'>et</span> <span class='ocrx_word' id='word_1_519' title='bbox 1710 2343 1891 2396; x_wconf 88' lang='lat' dir='ltr'>inceptio</span> <span class='ocrx_word' id='word_1_520' title='bbox 1914 2343 1960 2383; x_wconf 90' lang='lat' dir='ltr'>in</span> <span class='ocrx_word' id='word_1_521' title='bbox 1981 2343 2197 2395; x_wconf 86' lang='lat' dir='ltr'>charitate,</span> <span class='ocrx_word' id='word_1_522' title='bbox 2229 2356 2374 2386; x_wconf 85' lang='lat' dir='ltr'>ascen-</span> 
     </span>
     <span class='ocr_line' id='line_1_79' title="bbox 1345 2414 2374 2467; baseline 0 -10"><span class='ocrx_word' id='word_1_523' title='bbox 1345 2416 1482 2457; x_wconf 88' lang='lat' dir='ltr'>dendo</span> <span class='ocrx_word' id='word_1_524' title='bbox 1502 2428 1525 2457; x_wconf 89' lang='lat' dir='ltr'>e</span> <span class='ocrx_word' id='word_1_525' title='bbox 1541 2416 1764 2457; x_wconf 88' lang='lat' dir='ltr'>contrario.</span> <span class='ocrx_word' id='word_1_526' title='bbox 1790 2414 1856 2456; x_wconf 90' lang='lat' dir='ltr'>Sic</span> <span class='ocrx_word' id='word_1_527' title='bbox 1876 2427 1982 2467; x_wconf 81' lang='lat' dir='ltr'>ergo</span> <span class='ocrx_word' id='word_1_528' title='bbox 2002 2415 2250 2456; x_wconf 90' lang='lat' dir='ltr'>descendere</span> <span class='ocrx_word' id='word_1_529' title='bbox 2269 2415 2374 2457; x_wconf 91' lang='lat' dir='ltr'>inci-</span> 
     </span>
     <span class='ocr_line' id='line_1_80' title="bbox 1344 2485 2375 2540; baseline 0.001 -12"><span class='ocrx_word' id='word_1_530' title='bbox 1344 2488 1487 2540; x_wconf 87' lang='lat' dir='ltr'>pimus</span> <span class='ocrx_word' id='word_1_531' title='bbox 1508 2500 1533 2527; x_wconf 91' lang='lat' dir='ltr'>a</span> <span class='ocrx_word' id='word_1_532' title='bbox 1556 2487 1778 2528; x_wconf 87' lang='lat' dir='ltr'>vivacitate</span> <span class='ocrx_word' id='word_1_533' title='bbox 1798 2486 1991 2527; x_wconf 89' lang='lat' dir='ltr'>desiderii</span> <span class='ocrx_word' id='word_1_534' title='bbox 2017 2486 2069 2526; x_wconf 88' lang='lat' dir='ltr'>ad</span> <span class='ocrx_word' id='word_1_535' title='bbox 2089 2485 2375 2529; x_wconf 88' lang='lat' dir='ltr'>humilitatem</span> 
     </span>
     <span class='ocr_line' id='line_1_81' title="bbox 1344 2557 2371 2612; baseline -0.001 -11"><span class='ocrx_word' id='word_1_536' title='bbox 1344 2559 1550 2612; x_wconf 90' lang='lat' dir='ltr'>obsequii.</span> <span class='ocrx_word' id='word_1_537' title='bbox 1580 2558 1698 2599; x_wconf 87' lang='lat' dir='ltr'>Unde</span> <span class='ocrx_word' id='word_1_538' title='bbox 1717 2557 1907 2599; x_wconf 87' lang='lat' dir='ltr'>Christus</span> <span class='ocrx_word' id='word_1_539' title='bbox 1931 2557 2046 2599; x_wconf 90' lang='lat' dir='ltr'>venit</span> <span class='ocrx_word' id='word_1_540' title='bbox 2072 2557 2124 2598; x_wconf 87' lang='lat' dir='ltr'>ad</span> <span class='ocrx_word' id='word_1_541' title='bbox 2153 2557 2371 2600; x_wconf 83' lang='lat' dir='ltr'>humilita-</span> 
     </span>
    </p>

    <p class='ocr_par' dir='ltr' id='par_1_16' title="bbox 1341 2628 2374 2824">
     <span class='ocr_line' id='line_1_82' title="bbox 1343 2628 2374 2683; baseline -0.002 -11"><span class='ocrx_word' id='word_1_542' title='bbox 1343 2633 1428 2672; x_wconf 91' lang='lat' dir='ltr'>tem</span> <span class='ocrx_word' id='word_1_543' title='bbox 1447 2630 1640 2683; x_wconf 88' lang='lat' dir='ltr'>obsequii</span> <span class='ocrx_word' id='word_1_544' title='bbox 1659 2629 1806 2670; x_wconf 88' lang='lat' dir='ltr'>nostri.</span> <span class='ocrx_word' id='word_1_545' title='bbox 1830 2629 1946 2670; x_wconf 88' lang='lat' dir='ltr'>Sicut</span> <span class='ocrx_word' id='word_1_546' title='bbox 1967 2641 2071 2682; x_wconf 83' lang='lat' dir='ltr'>ergo</span> <span class='ocrx_word' id='word_1_547' title='bbox 2092 2628 2234 2669; x_wconf 88' lang='lat' dir='ltr'>anima</span> <span class='ocrx_word' id='word_1_548' title='bbox 2247 2628 2374 2670; x_wconf 83' lang='lat' dir='ltr'>habet</span> 
     </span>
     <span class='ocr_line' id='line_1_83' title="bbox 1341 2700 2373 2753; baseline -0.001 -11"><span class='ocrx_word' id='word_1_549' title='bbox 1341 2701 1518 2753; x_wconf 84' lang='lat' dir='ltr'>angelos</span> <span class='ocrx_word' id='word_1_550' title='bbox 1529 2701 1815 2750; x_wconf 80' lang='lat' dir='ltr'>ascendentes,</span> <span class='ocrx_word' id='word_1_551' title='bbox 1832 2701 1890 2741; x_wconf 90' lang='lat' dir='ltr'>sie</span> <span class='ocrx_word' id='word_1_552' title='bbox 1903 2701 2026 2742; x_wconf 89' lang='lat' dir='ltr'>debet</span> <span class='ocrx_word' id='word_1_553' title='bbox 2039 2700 2194 2741; x_wconf 87' lang='lat' dir='ltr'>habere</span> <span class='ocrx_word' id='word_1_554' title='bbox 2206 2700 2373 2742; x_wconf 89' lang='lat' dir='ltr'>descen-</span> 
     </span>
     <span class='ocr_line' id='line_1_84' title="bbox 1341 2770 2366 2824; baseline -0.002 -10"><span class='ocrx_word' id='word_1_555' title='bbox 1341 2773 1500 2814; x_wconf 86' lang='lat' dir='ltr'>dentes.</span> <span class='ocrx_word' id='word_1_556' title='bbox 1534 2771 1651 2813; x_wconf 88' lang='lat' dir='ltr'>Unde</span> <span class='ocrx_word' id='word_1_557' title='bbox 1687 2771 1891 2812; x_wconf 90' lang='lat' dir='ltr'>Dominus</span> <span class='ocrx_word' id='word_1_558' title='bbox 1922 2771 2034 2824; x_wconf 87' lang='lat' dir='ltr'>apud</span> <span class='ocrx_word' id='word_1_559' title='bbox 2062 2772 2269 2814; x_wconf 78' lang='lat' dir='ltr'>Jocmnem</span> <span class='ocrx_word' id='word_1_560' title='bbox 2311 2770 2366 2824; x_wconf 80' lang='lat' dir='ltr'>(d)</span> 
     </span>
    </p>

    <p class='ocr_par' dir='ltr' id='par_1_17' title="bbox 1340 2841 2370 2895">
     <span class='ocr_line' id='line_1_85' title="bbox 1340 2841 2370 2895; baseline -0.001 -10"><span class='ocrx_word' id='word_1_561' title='bbox 1340 2844 1440 2885; x_wconf 87' lang='lat' dir='ltr'>dicit</span> <span class='ocrx_word' id='word_1_562' title='bbox 1456 2845 1468 2866; x_wconf 76' lang='lat'>‘⁰&#39;</span> <span class='ocrx_word' id='word_1_563' title='bbox 1489 2856 1502 2885; x_wconf 92' lang='lat'>.·</span> <span class='ocrx_word' id='word_1_564' title='bbox 1527 2859 1547 2883; x_wconf 86' lang='lat'>&lt;‹</span> <span class='ocrx_word' id='word_1_565' title='bbox 1567 2842 1700 2884; x_wconf 86' lang='lat' dir='ltr'>Nemo</span> <span class='ocrx_word' id='word_1_566' title='bbox 1726 2842 1912 2883; x_wconf 86' lang='lat' dir='ltr'>ascendit</span> <span class='ocrx_word' id='word_1_567' title='bbox 1930 2841 1975 2882; x_wconf 87' lang='lat' dir='ltr'>in</span> <span class='ocrx_word' id='word_1_568' title='bbox 1995 2841 2166 2894; x_wconf 84' lang='lat' dir='ltr'>eoelum,</span> <span class='ocrx_word' id='word_1_569' title='bbox 2194 2842 2277 2882; x_wconf 89' lang='grc'>11151</span> <span class='ocrx_word' id='word_1_570' title='bbox 2296 2841 2370 2895; x_wconf 89' lang='lat' dir='ltr'>qui</span> 
     </span>
    </p>
   </div>
   <div class='ocr_carea' id='block_1_5' title="bbox 1302 2913 2369 2966">
    <p class='ocr_par' dir='ltr' id='par_1_18' title="bbox 1302 2913 2369 2966">
     <span class='ocr_line' id='line_1_86' title="bbox 1302 2913 2369 2966; baseline -0.002 -10"><span class='ocrx_word' id='word_1_571' title='bbox 1302 2939 1306 2943; x_wconf 41' lang='grc' dir='ltr'><em>ν</em></span> <span class='ocrx_word' id='word_1_572' title='bbox 1339 2915 1550 2956; x_wconf 88' lang='lat' dir='ltr'>descendit</span> <span class='ocrx_word' id='word_1_573' title='bbox 1565 2915 1616 2956; x_wconf 89' lang='lat' dir='ltr'>de</span> <span class='ocrx_word' id='word_1_574' title='bbox 1637 2914 1756 2956; x_wconf 89' lang='lat' dir='ltr'>coelo.</span> <span class='ocrx_word' id='word_1_575' title='bbox 1773 2929 1792 2952; x_wconf 68' lang='lat'>³&gt;</span> <span class='ocrx_word' id='word_1_576' title='bbox 1820 2913 1962 2955; x_wconf 89' lang='lat' dir='ltr'>Tertio</span> <span class='ocrx_word' id='word_1_577' title='bbox 1978 2914 2119 2966; x_wconf 86' lang='lat' dir='ltr'>modo,</span> <span class='ocrx_word' id='word_1_578' title='bbox 2139 2913 2293 2954; x_wconf 89' lang='lat' dir='ltr'>modus</span> <span class='ocrx_word' id='word_1_579' title='bbox 2311 2913 2369 2954; x_wconf 84' lang='lat' dir='ltr'>di-</span> 
     </span>
    </p>
   </div>
   <div class='ocr_carea' id='block_1_6' title="bbox 1335 2985 2368 3320">
    <p class='ocr_par' dir='ltr' id='par_1_19' title="bbox 1335 2985 2368 3320">
     <span class='ocr_line' id='line_1_87' title="bbox 1338 2985 2367 3039; baseline -0.003 -11"><span class='ocrx_word' id='word_1_580' title='bbox 1338 2987 1585 3039; x_wconf 84' lang='lat' dir='ltr'>stinguendi</span> <span class='ocrx_word' id='word_1_581' title='bbox 1616 2987 1659 3028; x_wconf 88' lang='grc'>111</span> <span class='ocrx_word' id='word_1_582' title='bbox 1691 2986 1835 3027; x_wconf 85' lang='lat' dir='ltr'>anima</span> <span class='ocrx_word' id='word_1_583' title='bbox 1860 2985 2093 3026; x_wconf 88' lang='lat' dir='ltr'>secundum</span> <span class='ocrx_word' id='word_1_584' title='bbox 2118 2996 2367 3038; x_wconf 85' lang='lat' dir='ltr'>regressum</span> 
     </span>
     <span class='ocr_line' id='line_1_88' title="bbox 1337 3056 2368 3112; baseline -0.002 -12"><span class='ocrx_word' id='word_1_585' title='bbox 1337 3062 1399 3100; x_wconf 87' lang='lat' dir='ltr'>est</span> <span class='ocrx_word' id='word_1_586' title='bbox 1418 3060 1651 3100; x_wconf 87' lang='lat' dir='ltr'>secundum</span> <span class='ocrx_word' id='word_1_587' title='bbox 1671 3057 1880 3112; x_wconf 86' lang='lat' dir='ltr'>triplicem</span> <span class='ocrx_word' id='word_1_588' title='bbox 1900 3056 2085 3109; x_wconf 83' lang='lat' dir='ltr'>gradum</span> <span class='ocrx_word' id='word_1_589' title='bbox 2108 3056 2368 3110; x_wconf 84' lang='lat' dir='ltr'>contempla-</span> 
     </span>
     <span class='ocr_line' id='line_1_89' title="bbox 1336 3128 2366 3183; baseline -0.001 -13"><span class='ocrx_word' id='word_1_590' title='bbox 1336 3130 1477 3171; x_wconf 85' lang='lat' dir='ltr'>tionis.</span> <span class='ocrx_word' id='word_1_591' title='bbox 1508 3130 1759 3183; x_wconf 80' lang='lat' dir='ltr'>Gregorius,</span> <span class='ocrx_word' id='word_1_592' title='bbox 1791 3139 1918 3182; x_wconf 79' lang='lat' dir='ltr'>super</span> <span class='ocrx_word' id='word_1_593' title='bbox 1951 3128 2228 3179; x_wconf 78' lang='lat' dir='ltr'>Ezechielem,</span> <span class='ocrx_word' id='word_1_594' title='bbox 2247 3128 2366 3181; x_wconf 87' lang='lat' dir='ltr'>ponit</span> 
     </span>
     <span class='ocr_line' id='line_1_90' title="bbox 1336 3197 2363 3253; baseline -0.003 -12"><span class='ocrx_word' id='word_1_595' title='bbox 1336 3204 1419 3241; x_wconf 87' lang='lat' dir='ltr'>tres</span> <span class='ocrx_word' id='word_1_596' title='bbox 1439 3202 1625 3253; x_wconf 82' lang='lat' dir='ltr'>gradus:</span> <span class='ocrx_word' id='word_1_597' title='bbox 1651 3203 1723 3242; x_wconf 88' lang='lat' dir='ltr'>aut</span> <span class='ocrx_word' id='word_1_598' title='bbox 1746 3200 1859 3241; x_wconf 88' lang='lat' dir='ltr'>enim</span> <span class='ocrx_word' id='word_1_599' title='bbox 1878 3200 1992 3253; x_wconf 88' lang='lat' dir='ltr'>quod</span> <span class='ocrx_word' id='word_1_600' title='bbox 2010 3199 2128 3242; x_wconf 87' lang='lat' dir='ltr'>venit</span> <span class='ocrx_word' id='word_1_601' title='bbox 2149 3199 2193 3240; x_wconf 92' lang='grc'>111</span> <span class='ocrx_word' id='word_1_602' title='bbox 2222 3197 2363 3239; x_wconf 83' lang='grc'>001151-</span> 
     </span>
     <span class='ocr_line' id='line_1_91' title="bbox 1335 3268 2363 3320; baseline -0.005 -7"><span class='ocrx_word' id='word_1_603' title='bbox 1335 3272 1594 3313; x_wconf 88' lang='lat' dir='ltr'>derationem</span> <span class='ocrx_word' id='word_1_604' title='bbox 1614 3275 1802 3313; x_wconf 84' lang='lat' dir='ltr'>nostram</span> <span class='ocrx_word' id='word_1_605' title='bbox 1822 3274 1884 3311; x_wconf 89' lang='lat' dir='ltr'>est</span> <span class='ocrx_word' id='word_1_606' title='bbox 1904 3273 2024 3312; x_wconf 75' lang='lat' dir='ltr'>extra</span> <span class='ocrx_word' id='word_1_607' title='bbox 2042 3282 2135 3320; x_wconf 88' lang='lat' dir='ltr'>nos,</span> <span class='ocrx_word' id='word_1_608' title='bbox 2157 3271 2232 3309; x_wconf 87' lang='lat' dir='ltr'>aut</span> <span class='ocrx_word' id='word_1_609' title='bbox 2251 3268 2363 3309; x_wconf 85' lang='lat' dir='ltr'>intra</span> 
     </span>
    </p>
   </div>
   <div class='ocr_carea' id='block_1_7' title="bbox 1308 3338 2362 3397">
    <p class='ocr_par' dir='ltr' id='par_1_20' title="bbox 1308 3338 2362 3397">
     <span class='ocr_line' id='line_1_92' title="bbox 1308 3338 2362 3397; baseline -0.005 -12"><span class='ocrx_word' id='word_1_610' title='bbox 1308 3372 1318 3381; x_wconf 41' lang='grc' dir='ltr'><em>ψ</em></span> <span class='ocrx_word' id='word_1_611' title='bbox 1334 3355 1425 3395; x_wconf 85' lang='grc'>1105,</span> <span class='ocrx_word' id='word_1_612' title='bbox 1453 3346 1529 3384; x_wconf 82' lang='lat' dir='ltr'>aut</span> <span class='ocrx_word' id='word_1_613' title='bbox 1548 3356 1677 3397; x_wconf 85' lang='lat' dir='ltr'>supra</span> <span class='ocrx_word' id='word_1_614' title='bbox 1701 3354 1792 3384; x_wconf 89' lang='lat' dir='ltr'>nos.</span> <span class='ocrx_word' id='word_1_615' title='bbox 1817 3341 1935 3383; x_wconf 91' lang='lat' dir='ltr'>Unde</span> <span class='ocrx_word' id='word_1_616' title='bbox 1962 3341 2072 3382; x_wconf 86' lang='lat' dir='ltr'>Deus</span> <span class='ocrx_word' id='word_1_617' title='bbox 2102 3338 2362 3393; x_wconf 88' lang='lat' dir='ltr'>contempla-</span> 
     </span>
    </p>
   </div>
   <div class='ocr_carea' id='block_1_8' title="bbox 1333 3448 2358 3540">
    <p class='ocr_par' dir='ltr' id='par_1_21' title="bbox 1333 3448 2358 3540">
     <span class='ocr_line' id='line_1_93' title="bbox 1378 3448 2358 3491; baseline 0.002 -10"><span class='ocrx_word' id='word_1_618' title='bbox 1378 3450 1417 3491; x_wconf 83' lang='lat' dir='ltr'>(a)</span> <span class='ocrx_word' id='word_1_619' title='bbox 1435 3450 1516 3483; x_wconf 82' lang='lat' dir='ltr'>Coet.</span> <span class='ocrx_word' id='word_1_620' title='bbox 1538 3451 1620 3483; x_wconf 78' lang='lat' dir='ltr'>edit.</span> <span class='ocrx_word' id='word_1_621' title='bbox 1643 3450 1780 3483; x_wconf 85' lang='lat' dir='ltr'>debent.</span> <span class='ocrx_word' id='word_1_622' title='bbox 1797 3467 1834 3472; x_wconf 90' lang='lat'>—</span> <span class='ocrx_word' id='word_1_623' title='bbox 1856 3448 1901 3489; x_wconf 88' lang='lat' dir='ltr'>(b)</span> <span class='ocrx_word' id='word_1_624' title='bbox 1922 3449 2005 3480; x_wconf 83' lang='lat' dir='ltr'>Caet.</span> <span class='ocrx_word' id='word_1_625' title='bbox 2024 3448 2105 3480; x_wconf 77' lang='lat' dir='ltr'>edit.</span> <span class='ocrx_word' id='word_1_626' title='bbox 2124 3451 2358 3489; x_wconf 81' lang='lat' dir='ltr'>praevertatur.</span> 
     </span>
     <span class='ocr_line' id='line_1_94' title="bbox 1333 3497 2275 3540; baseline 0.001 -11"><span class='ocrx_word' id='word_1_627' title='bbox 1333 3514 1373 3522; x_wconf 93' lang='lat'><em>-</em></span> <span class='ocrx_word' id='word_1_628' title='bbox 1393 3498 1436 3539; x_wconf 84' lang='lat' dir='ltr'>(c)</span> <span class='ocrx_word' id='word_1_629' title='bbox 1461 3498 1500 3531; x_wconf 89' lang='lat' dir='ltr'>Id</span> <span class='ocrx_word' id='word_1_630' title='bbox 1519 3501 1568 3531; x_wconf 80' lang='lat' dir='ltr'>est</span> <span class='ocrx_word' id='word_1_631' title='bbox 1585 3499 1657 3532; x_wconf 89' lang='lat' dir='ltr'>odi.</span> <span class='ocrx_word' id='word_1_632' title='bbox 1671 3516 1713 3524; x_wconf 95' lang='lat'>—</span> <span class='ocrx_word' id='word_1_633' title='bbox 1733 3498 1778 3540; x_wconf 83' lang='lat' dir='ltr'>(d)</span> <span class='ocrx_word' id='word_1_634' title='bbox 1797 3497 1876 3531; x_wconf 82' lang='lat' dir='ltr'>Goet.</span> <span class='ocrx_word' id='word_1_635' title='bbox 1897 3497 1977 3529; x_wconf 78' lang='lat' dir='ltr'>edit.</span> <span class='ocrx_word' id='word_1_636' title='bbox 2000 3497 2096 3530; x_wconf 89' lang='lat' dir='ltr'>Unde</span> <span class='ocrx_word' id='word_1_637' title='bbox 2112 3497 2275 3531; x_wconf 79' lang='lat' dir='ltr'>JoanneS.</span> 
     </span>
    </p>
   </div>
  </div>
 </body>
</html>
