2633 3878
277 370 379 406 lenta
394 364 556 413 judicia,
571 365 607 400 et
625 360 797 398 subverti
811 359 1000 406 justitiam
1020 359 1058 395 in
1079 358 1295 405 provincia,

274 441 323 467 ne
346 426 498 465 mireris
525 434 640 472 super
664 424 738 459 hoc
762 421 920 467 negotio
948 433 956 456 :
983 434 1000 453 ι)
1033 430 1121 456 eece
1146 418 1297 465 judicia

271 490 463 534 violenta,
484 497 623 523 manus
648 483 878 530 injiciendo,
907 493 993 529 quae
1019 491 1099 517 non
1119 483 1207 516 sunt
1227 479 1296 515 mi-

270 551 415 594 randa,
452 549 523 586 sed
558 547 687 595 potius
724 544 958 582 miseranda.
997 545 1046 579 De
1083 542 1194 578 tertio
1230 542 1241 563 ¹
1283 554 1292 577 ε

273 627 291 646 «ι
310 612 475 649 Nicanor
497 609 661 647 audiens
689 607 866 643 virtutem
890 604 1077 641 comitum
1105 603 1235 647 Judae,
1259 605 1295 638 et

269 673 389 710 animi
410 670 742 719 magnitudinem,
763 677 883 714 quam
916 676 989 713 pro
1011 664 1145 712 patriae
1170 666 1292 700 certa-

267 735 371 771 mine
418 733 643 776 habebant,
685 728 885 775 sanguinis
924 726 1117 774 judicium
1166 726 1291 761 faeere

267 795 476 833 metuebat.
498 807 516 828 n
545 793 604 830 Sic
630 790 827 839 principes
846 787 1094 826 sacerdotum
1114 787 1291 823 timentes

266 857 399 894 turbas
418 855 627 893 Dominum
653 852 903 895 comitantes,
925 852 962 886 et
990 847 1291 895 magnanimiter

265 917 524 962 confidentes,
562 914 756 962 ,iudicium
798 911 999 958 sanguinis
1047 910 1171 946 faeere
1210 918 1290 944 non

263 979 476 1024 audebant,
508 977 578 1014 sed
598 975 831 1022 sanguinem
853 973 1035 1010 sitiebant
1057 984 1065 1007 :
1084 981 1171 1007 ecee
1183 969 1289 1016 judi-

264 1041 323 1078 cia
342 1038 656 1087 sanguinolenta,
670 1036 904 1083 sanguinem
924 1032 1101 1070 sitiendo.

591 1142 779 1178 Articulus
805 1140 966 1185 quartus.

308 1228 494 1272 Quartum
514 1221 807 1266 determinavit,
829 1231 919 1257 cum
944 1217 1121 1255 subdidit
1142 1229 1150 1254 :
1170 1218 1285 1253 Justi-

262 1292 321 1325 πω
346 1291 426 1325 tuoe.
448 1288 534 1324 Haec
560 1288 616 1322 est
638 1282 786 1331 justitia
813 1279 1045 1318 immortalis
1071 1289 1144 1327 pro
1170 1278 1286 1315 nobis

258 1350 359 1387 facta
378 1347 567 1392 mortalis,
588 1345 630 1382 id
649 1347 718 1389 est,
738 1343 803 1380 Dei
823 1342 941 1387 filius,
962 1341 1031 1388 qui
1055 1354 1072 1374 «
1091 1340 1214 1377 factus
1231 1342 1287 1376 est

258 1411 373 1448 nobis
389 1409 536 1457 justitia
557 1419 580 1444 a
601 1410 694 1452 Deo,
714 1419 731 1439 n
755 1405 853 1441 sicut
872 1403 1053 1440 scribitur
1067 1402 1094 1438 ¹².
1117 1404 1158 1438 Et
1176 1403 1283 1446 nota,

259 1473 369 1522 quod
388 1473 470 1509 haec
491 1470 639 1518 justitia
665 1468 737 1505 fuit
756 1466 906 1503 coelitus
933 1465 1122 1509 adducta,
1145 1464 1285 1499 huma-

257 1536 359 1572 nitus
379 1533 535 1577 afflicta,
557 1530 743 1568 divinitus
762 1527 982 1565 benedicta.
1005 1525 1090 1562 Fuit
1112 1534 1283 1571 namque

256 1597 427 1634 adducta
458 1595 499 1631 in
529 1592 815 1636 incarnatione,
846 1589 988 1626 afflicta
1013 1587 1053 1623 in
1079 1585 1282 1635 passione,

255 1657 464 1695 benedicta
487 1657 528 1693 in
552 1653 848 1692 resurrectione.
875 1652 926 1687 De
945 1650 1074 1698 primo
1097 1650 1110 1671 ³
1134 1660 1142 1684 :
1167 1661 1185 1682 «
1206 1648 1282 1684 Ad-

257 1720 421 1756 ducatur
440 1717 586 1765 justitia
606 1716 862 1763 sempiterna,
883 1715 919 1749 et
937 1711 1148 1758 impleatur
1167 1708 1283 1755 visio,

256 1784 292 1818 et
311 1780 537 1829 prophetia,
560 1781 596 1815 et
621 1779 789 1823 ungatur
808 1777 963 1811 sanetus
984 1774 1207 1809 sanctorum
1232 1782 1240 1806 z
1261 1783 1278 1803 »

255 1853 342 1880 eece
370 1841 518 1889 justitia
549 1839 697 1876 coelitus
730 1837 912 1874 adducta.
944 1837 994 1871 De
1027 1833 1201 1870 secundo
1231 1831 1244 1851 ⁸
1271 1843 1279 1867 ;

258 1919 275 1939 «
294 1904 552 1941 peecaverunt
577 1899 761 1944 Domino,
790 1897 923 1935 decori
946 1895 1121 1942 justitiae,
1143 1904 1281 1940 expec-

253 1965 389 2003 tationi
437 1967 593 2012 patrum
631 1971 767 1998 eorum
786 1988 797 2005 ,
831 1973 847 1994 n
890 1957 1035 1994 seilicet
1073 1955 1282 1991 crudeliter

253 2026 466 2074 affligendo
489 2037 498 2062 ε
522 2034 609 2062 eece
631 2022 777 2070 justitia
802 2019 1029 2057 humanitus
1053 2017 1207 2054 afflicta.
1231 2018 1279 2052 De

253 2089 364 2126 tertio
384 2090 397 2111 ⁶
420 2100 428 2124 :
454 2100 473 2122 «
491 2085 697 2124 Benedicat
715 2083 785 2120 tibi
807 2082 1005 2126 DominuS,
1027 2077 1279 2127 pulchritudo

249 2150 404 2197 justitiae
426 2161 434 2186 ε
453 2163 470 2182 »
495 2158 581 2185 eece
599 2145 745 2193 justitia
764 2143 950 2181 divinitus
969 2141 1188 2178 benedicta.

683 2250 853 2292 Epilogus.

300 2335 359 2373 Ait
387 2343 481 2380 ergo
512 2330 724 2378 Propheta,
756 2331 944 2375 tanquam
971 2325 1161 2373 regularis
1191 2334 1279 2372 per-

253 2407 381 2434 sona:
409 2395 546 2441 Septies
575 2395 614 2428 in
647 2392 725 2434 die,
757 2388 959 2436 loquendo
985 2387 1034 2423 de
1067 2386 1130 2423 die
1159 2385 1279 2422 artifi-

254 2458 365 2503 cia113
399 2455 541 2493 laudem
581 2453 663 2489 diaei
696 2453 784 2496 tibi,
815 2449 1018 2497 loquendo
1059 2448 1108 2484 de
1147 2446 1278 2484 officio

254 2517 423 2556 diurnali
435 2529 446 2563 ;
477 2526 583 2563 super
607 2514 773 2560 judicia,
806 2510 1009 2559 loquendo
1044 2509 1092 2545 dc
1127 2507 1278 2555 judicio

252 2578 506 2628 praejudiciali
518 2590 528 2623 ;
543 2578 701 2622 justitiae
722 2578 809 2616 tuae,
830 2571 1034 2619 loquendo
1057 2570 1106 2606 de
1134 2568 1280 2615 justitia

252 2637 580 2688 superessentiali,
601 2636 736 2674 induta
757 2644 872 2672 carne
891 2631 1060 2670 mortali.

623 2780 839 2811 VERSICULUS
862 2780 900 2805 V.

300 2889 382 2925 165.
409 2888 489 2923 Pax
511 2886 629 2921 multa
657 2883 890 2928 diligentibus
923 2882 1030 2926 leqem
1059 2881 1176 2920 tuam,
1205 2878 1276 2914 etc.

254 2953 323 2987 Per
350 2946 643 2996 quaternarium
671 2945 989 2980 consummatum
1017 2939 1186 2976 innotuit
1209 2937 1279 2974 im-

250 3010 426 3060 probitas
445 3005 764 3056 persequentium
777 3016 787 3049 3
807 3013 878 3050 per
905 3000 1197 3050 quaternarium
1222 3000 1278 3034 in-

251 3073 436 3109 choatum
463 3066 669 3106 innotescit
686 3064 862 3113 probitas
881 3062 1169 3110 perferentium.
1194 3062 1277 3097 llaec

249 3133 425 3181 probitas
448 3130 603 3167 videtur
629 3125 867 3164 invalescere
888 3133 934 3160 ex
955 3123 1159 3170 Scripturae
1188 3131 1278 3158 con-

249 3193 454 3238 solatione,
477 3200 632 3228 coronae
657 3185 967 3236 praestolatione,
994 3184 1092 3231 legis
1122 3181 1278 3219 temula-

248 3256 377 3300 tione,
394 3252 539 3300 J‘udicis
558 3249 844 3299 speculatione;
866 3247 966 3282 sicut
983 3247 1089 3292 patet
1113 3255 1160 3280 ex
1180 3253 1277 3290 qua-

248 3319 336 3353 tuor
362 3323 550 3352 versuum
576 3308 876 3357 subscriptione.
904 3306 1071 3345 Praefatae
1098 3305 1276 3342 consola-

247 3376 364 3414 tionis
398 3383 627 3423 processum
655 3371 848 3418 Propheta
881 3379 951 3416 per
985 3366 1275 3416 praeambulum

289 3460 297 3477 ¹
323 3459 348 3489 ll
370 3457 492 3490 Maeli..
517 3464 586 3496 xiv,
613 3456 663 3487 18.
695 3471 729 3477 --
758 3454 769 3472 ²
797 3453 804 3482 1
829 3453 919 3485 Cor..
943 3461 973 3491 1,
996 3453 1048 3483 30.
1073 3468 1107 3473 —-
1135 3450 1148 3468 ³
1174 3450 1274 3489 Dan„

250 3513 300 3544 ix,
330 3507 382 3536 24.
402 3505 474 3529 --ι
502 3505 635 3541 lev-em„
665 3510 706 3541 L,
739 3501 771 3531 Ἴ.
797 3516 836 3523 -
865 3501 878 3521 ⁵
902 3499 999 3540 lbid.‚
1025 3507 1127 3538 xxxi,
1155 3499 1206 3528 23.
1233 3513 1273 3519 -

972 269 1240 312 ΙῗΧΡΟΞΙΤΙΟ
1273 268 1323 309 ΙΝ
1354 267 1703 310 PSALTERIUM.

1372 357 1488 393 docet
1511 367 1687 401 versum,
1710 356 1843 392 dicens
1866 367 1875 391 :
1903 357 1980 392 Paae
2003 357 2139 402 multa,
2166 358 2255 402 etc.‚
2281 359 2393 405 quasi

1371 418 1635 454 testimonium
1658 417 1868 464 perhibens
1890 417 1938 454 de
1969 417 2183 464 Scriptura,
2213 419 2322 466 quod
2351 419 2393 456 in

1372 478 1512 514 eadem
1532 478 1790 526 tranquillitas
1810 479 1985 526 sequitur
2004 478 2245 524 charitatem,
2266 479 2393 517 chari-

1371 542 1426 576 tas
1457 539 1679 584 veritatem,
1709 542 1745 575 et
1772 540 1913 576 veritas
1940 539 2148 586 puritatem
2158 552 2169 586 3
2198 540 2292 587 quia
2324 550 2394 587 per

1369 611 1507 647 pacem
1535 604 1723 647 praenotat
1751 601 2091 648 tranquillitatem,
2120 611 2191 647 per
2219 601 2394 638 dilectio-

1368 673 1459 698 nem
1489 662 1672 698 subnotat
1703 662 1950 708 charitatem,
1979 672 2050 709 per
2077 661 2205 707 legem
2234 662 2394 699 denotat

1368 723 1591 766 veritatem,
1620 733 1690 769 per
1716 722 1890 759 scandali
1918 722 2179 770 privationem
2209 725 2394 760 connotat

1367 785 1573 831 puritatem
1597 796 1604 820 :
1628 787 1665 820 et
1683 784 1774 821 ideo
1796 787 1965 831 quatuor
1984 787 2168 821 notantur
2186 785 2227 821 in
2244 795 2392 832 propo-

1366 845 1461 891 sito;
1489 845 1672 882 videlicet
1707 845 1967 893 tranquillitas
1997 856 2242 893 consequens
2267 845 2391 883 chari-

1366 909 1495 952 tatem,
1515 907 1681 944 charitas
1702 917 1946 954 consequens
1965 907 2180 954 veritatem,
2197 910 2233 944 et
2251 907 2392 944 veritas

1366 978 1609 1015 consequens
1646 969 1867 1016 puritatem.
1905 968 2178 1015 Tranquillitas
2220 970 2392 1006 mentem
2452 988 2454 990 v

1363 1030 1542 1076 pacificat
1552 1043 1563 1076 3
1594 1030 1759 1067 charitas
1787 1030 1976 1071 laetifieat;
2011 1030 2154 1068 veritas
2182 1030 2367 1068 rectificat
2377 1043 2388 1076 ;

1363 1090 1511 1136 puritas
1530 1091 1763 1128 scandalum
1782 1091 1968 1128 eradicat.

1687 1195 1873 1230 Articulus
1907 1197 2061 1241 primus.

1408 1275 1680 1323 Tranquillitas
1700 1276 1815 1322 igitur
1833 1279 2087 1323 praenotatur,
2110 1287 2201 1313 cum
2219 1275 2385 1324 legitur:

1362 1339 1442 1373 Paoe
1468 1339 1594 1373 multa.
1625 1336 1726 1381 Quid
1754 1337 1859 1373 enim
1886 1340 1942 1374 est
1970 1337 2078 1385 pacis
2107 1337 2386 1385 multiplicitas,

1360 1398 1435 1435 nisi
1453 1399 1659 1446 multiplex
1678 1398 1962 1445 tranquillitas?
1981 1398 2021 1434 in
2045 1398 2114 1435 illa
2138 1398 2386 1436 multitudine

1359 1460 1466 1507 pacis
1492 1460 1733 1497 delectantur
1762 1460 1968 1497 dilectores
1999 1460 2143 1497 divinae
2170 1460 2282 1508 legis.
2310 1460 2386 1497 Sed

1358 1522 1576 1558 notandum
1604 1522 1706 1558 circa
1735 1522 1842 1568 pacis
1870 1522 2074 1567 solatium,
2105 1521 2215 1569 quod
2246 1521 2388 1569 legitur

1358 1594 1436 1630 pax
1456 1583 1697 1629 custodiens,
1718 1594 1797 1630 pax
1823 1583 2004 1628 exiliens,
2030 1594 2109 1630 pax
2134 1583 2354 1630 adimplens
2374 1594 2387 1619 :

1359 1654 1529 1692 quarum
1548 1645 1676 1692 prima
1702 1645 1843 1681 dicitur
1871 1644 2079 1690 initiativa;
2101 1644 2274 1681 secunda
2290 1654 2385 1691 pro-

1356 1706 1509 1743 vectiva
1524 1719 1535 1752 3
1564 1706 1676 1743 tertia
1702 1706 1926 1753 perfectiva.
1957 1708 2008 1742 De
2034 1706 2164 1752 prima
2193 1701 2231 1742 ⁶:
2263 1719 2280 1739 «
2307 1707 2386 1742 Pax

1358 1768 1444 1811 Dei,
1465 1778 1553 1814 quae
1579 1770 1766 1815 exuperat
1796 1777 1956 1804 omnem
1985 1777 2161 1812 sensum,
2192 1766 2385 1803 custodiat

1358 1829 1480 1866 eorda
1513 1832 1637 1865 vestra
1665 1842 1672 1865 :
1704 1843 1721 1863 »
1757 1839 1844 1865 ecce
1876 1839 1954 1875 pax
1987 1828 2224 1865 custodiens.
2253 1829 2304 1864 De
2331 1838 2387 1864 se-

1357 1891 1486 1927 cunda
1503 1893 1515 1913 ⁷
1537 1904 1544 1927 :
1573 1904 1590 1925 «
1609 1893 1685 1927 Pax
1710 1890 1845 1927 Christi
1866 1891 2010 1927 exultet
2035 1890 2076 1926 in
2095 1889 2281 1926 cordibus
2300 1899 2386 1926 ves-

1357 1953 1423 1989 tris
1443 1965 1450 1988 :
1470 1967 1486 1987 »
1509 1963 1596 1989 eece
1617 1963 1696 1999 pax
1717 1952 1890 1988 exiliens.
1912 1952 2004 1996 Quis
2023 1951 2129 1988 enim
2147 1951 2201 1987 sic
2222 1950 2384 1997 exultat,

1356 2014 1451 2061 quin
1473 2014 1632 2050 exiliat?
1652 2014 1727 2050 Sed
1750 2013 1917 2060 qualiter
1943 2024 2021 2060 pax
2047 2012 2199 2058 exiliat,
2219 2012 2282 2049 vel
2304 2012 2385 2049 exi-

1354 2075 1424 2112 lire
1445 2075 1580 2120 faciat,
1601 2074 1841 2122 experientia
1865 2074 2027 2120 meliuS,
2047 2084 2171 2121 quam
2195 2074 2384 2121 eloquen-

1354 2138 1420 2183 tia,
1444 2137 1694 2183 dogmatizat.
1718 2138 1769 2173 De
1794 2136 1906 2172 tertia
1934 2136 1947 2157 ⁸
1977 2148 1985 2172 :
2012 2135 2176 2172 «Gratia
2201 2135 2317 2172 vobis
2347 2137 2385 2172 et

1353 2209 1433 2245 pax
1450 2198 1711 2245 adimpleatur
1727 2198 1767 2234 in
1784 2197 2006 2244 cognitione
2025 2196 2179 2234 Domini
2194 2195 2316 2234 nostri
2333 2208 2345 2232 ε
2361 2209 2379 2230 »

1355 2270 1443 2296 ecce
1475 2270 1554 2306 pax
1589 2259 1824 2306 adimplens.
1865 2258 1990 2295 Virtus
2026 2257 2131 2294 enim
2166 2256 2382 2304 adimplere

1354 2320 1607 2367 dignoscitur.

1666 2418 1856 2454 Artz‘cutus
1880 2417 2066 2453 secundus.

1402 2505 1573 2543 Charitas
1598 2505 1845 2550 subnotatur,
1865 2514 1956 2541 cum
1975 2503 2156 2541 subditur
2181 2515 2190 2541 :
2218 2505 2383 2550 Diligen-

1355 2569 1462 2604 tibus.
1492 2567 1594 2611 Quid
1622 2569 1679 2603 est
1708 2567 1813 2603 enim
1843 2566 2030 2612 charitaS,
2058 2565 2134 2602 nisi
2162 2564 2381 2602 dilectionis

1353 2629 1573 2674 sinceritas,
1595 2639 1714 2675 quam
1744 2638 1828 2664 non
1853 2627 2059 2664 fermentat
2079 2626 2277 2664 malorum
2296 2637 2382 2665 om-

1352 2691 1462 2727 nium
1487 2689 1623 2735 radix,
1651 2689 1866 2736 cupiditas?
1891 2688 1999 2725 Tales
2025 2689 2231 2736 diligentes
2250 2690 2378 2728 Domi-

1352 2762 1426 2788 nus
1446 2751 1594 2797 diligit3
1615 2750 1760 2786 talibus
1790 2750 2042 2797 diligentibus
2070 2750 2177 2787 dona
2206 2761 2279 2788 sua
2304 2751 2379 2789 dis-

1351 2813 1497 2850 tribuit.
1520 2814 1562 2848 Et
1585 2814 1699 2856 nota,
1726 2811 1835 2858 quod
1865 2811 2118 2858 diligentibus
2144 2811 2218 2848 tria
2244 2812 2379 2850 tribuit

1353 2873 1562 2919 Dominus3
1584 2872 1768 2909 videlicet
1784 2872 2112 2918 misericordiam,
2129 2872 2375 2920 sapientiam,

1352 2938 1388 2973 et
1415 2945 1616 2972 coronam.
1642 2935 1739 2970 Nam
1763 2933 2074 2970 misericordiam
2097 2933 2231 2971 tribuit
2255 2934 2378 2982 poeni-

1353 2996 1541 3042 tentibus3
1563 2994 1814 3042 sapientiam,
1833 2994 2129 3042 proficientibus
2136 3006 2150 3041 ς
2170 2995 2241 3032 sed
2262 3005 2378 3034 coro--

1351 3069 1460 3102 nam,
1482 3056 1814 3104 pervenientibus
1836 3057 1888 3092 De
1912 3055 2043 3103 primo
2063 3055 2077 3076 ⁹
2101 3067 2111 3092 ε
2139 3068 2157 3092 ι(
2180 3059 2260 3104 Ego
2289 3067 2377 3095 sum

1351 3119 1537 3156 Dominus
1565 3120 1664 3155 Deus
1695 3119 1803 3163 tuus,
1832 3119 1931 3153 Deus
1961 3117 2177 3164 aemulator,
2205 3117 2376 3156 reddens

1350 3181 1594 3228 iniquitatem
1614 3181 1771 3227 patrum
1790 3189 1906 3226 super
1925 3178 2029 3215 filios
2047 3179 2088 3215 in
2108 3179 2261 3218 tertiam
2279 3180 2376 3218 etin

1351 3245 1531 3290 quartam
1551 3242 1845 3288 generationem
1868 3239 1934 3286 iis,
1956 3240 2024 3287 qui
2044 3239 2212 3277 oderunt
2229 3251 2318 3287 me,
2338 3242 2376 3277 et

1349 3303 1492 3341 faciens
1512 3302 1824 3340 misericordiam
1849 3302 1892 3338 in
1915 3301 2038 3338 multa
2056 3301 2182 3338 millia
2200 3300 2374 3348 diligen-

1349 3366 1453 3403 tibus
1478 3376 1542 3403 me
1566 3376 1575 3401 ε
1596 3378 1614 3400 »
1639 3374 1726 3402 ecce
1756 3363 2028 3402 misericordia
2056 3361 2240 3400 divinitus
2270 3361 2374 3401 attri-

1349 3451 1360 3467 ⁶
1380 3449 1519 3490 Philip„
1549 3456 1594 3488 iv,
1614 3449 1644 3479 7.
1666 3464 1706 3471 —
1731 3447 1741 3466 ⁷
1763 3445 1900 3486 coloss„
1923 3453 1976 3486 ιιι,
2000 3447 2049 3477 15.
2067 3462 2108 3469 -
2129 3444 2142 3466 ⁸
2165 3445 2269 3486 Rom„
2294 3452 2317 3486 ι,
2340 3446 2370 3480 7,

1347 3514 1386 3519 ——-
1405 3497 1419 3518 ⁹
1440 3497 1547 3533 Dent„
1570 3503 1603 3535 v,
1625 3497 1658 3526 9.

2408 1356 2479 1383 Pax.
