2633 3878
271 291 347 328 618

271 375 483 425 Quaeritur
516 374 584 414 hic
619 374 669 414 de
707 374 799 423 hoc,
839 372 1087 425 quodjdicit
1129 371 1184 423 (v.
1211 369 1250 418 9.)
1281 381 1291 407 ε

271 445 468 488 Laudari
500 446 635 498 11111913
671 448 882 494 mortuos,
921 453 1049 495 quam
1088 440 1290 482 viventes.

273 517 424 557 Contra
458 517 500 556 ¹:
529 531 547 554 (1
579 515 724 555 Melior
765 518 827 554 est
861 513 974 553 cauis
1007 513 1131 552 vivus
1175 511 1295 550 leone

272 591 453 628 mortuo.
475 602 493 624 n
525 587 732 627 Praeterea
752 586 928 634 ratione,
950 583 1049 636 quia
1069 581 1217 622 melior
1236 582 1297 620 est

273 658 467 707 habitus,
499 669 626 710 quam
657 656 836 709 privatio
867 669 875 695 :
906 666 1012 705 ergo
1033 653 1141 702 vita,
1165 663 1297 704 quam

273 740 415 769 mors:
450 739 555 779 ergo
585 739 609 767 a
636 725 881 774 contrariis,
905 724 1097 764 meliores
1115 725 1214 763 511111
1238 722 1298 762 vi-

274 802 432 846 ventes,
455 810 582 850 quam
603 797 774 838 mortui.
795 795 1037 849 Respondeo
1057 793 1296 842 dicendum,

274 869 386 921 quod
417 868 589 908 laudare
619 868 778 921 aliquid
805 867 946 918 magis
977 866 1081 915 alio,
1103 864 1169 906 vel
1191 875 1299 916 prae-

274 940 397 989 ferre,
420 939 641 991 dupliciter
659 941 794 991 potest
812 950 900 978 esse
921 952 929 977 :
955 936 1022 977 vel
1040 934 1297 987 simpliciter,

274 1009 340 1050 vel
355 1009 492 1062 quoad
511 1009 697 1061 aliquam
717 1008 998 1049 conditionem
1025 1021 1032 1046 :
1057 1004 1301 1057 simpliciter

275 1079 507 1132 loquendo,
547 1079 768 1131 praefertur
805 1078 952 1117 vivens
988 1078 1181 1124 mortuo,
1221 1073 1302 1114 nisi

275 1149 454 1190 addatur
498 1148 676 1188 conditio
713 1146 1015 1195 beatitudinis3
1056 1145 1127 1186 sed
1165 1144 1303 1196 quoad

277 1219 456 1272 aliquid,
490 1219 712 1271 praetertur
744 1219 940 1257 mortuus
959 1216 1058 1257 vivo
1093 1229 1103 1255 z
1142 1214 1300 1267 primo,

275 1290 374 1344 quia
394 1301 478 1330 non
500 1289 625 1329 habet
645 1291 705 1328 tot
725 1288 963 1328 occasiones
984 1285 1197 1338 peccandi,
1220 1297 1304 1325 un-

276 1361 326 1401 de
345 1360 505 1400 dicebat
524 1357 750 1410 Apostolus
767 1358 780 1379 ²
805 1372 812 1397 :
839 1372 857 1394 «
877 1356 1025 1397 Infelix
1045 1367 1126 1407 ego
1152 1355 1297 1405 homo,

276 1431 370 1484 quis
401 1442 468 1470 me
501 1429 694 1469 liberabit
713 1440 737 1468 a
762 1427 968 1468 servitute
1001 1425 1189 1478 corporis
1221 1424 1303 1464 hu-

273 1502 377 1554 jUs‘?
408 1514 426 1537 n
453 1500 666 1549 Secundo',
701 1499 800 1552 quia
830 1510 917 1538 non
945 1497 1072 1538 habet
1098 1499 1157 1537 tot
1186 1508 1305 1536 occa-

278 1572 415 1612 siones
443 1570 655 1621 tristandi,
686 1570 786 1623 quia
813 1581 899 1610 non
927 1569 1042 1610 videt
1072 1570 1133 1608 tot
1165 1567 1277 1607 mala
1293 1582 1302 1617 3

278 1641 390 1682 unde
425 1640 586 1681 dicebat
622 1639 749 1681 Jonas
779 1640 793 1661 ³
822 1654 830 1680 :
869 1655 888 1678 «
927 1639 1076 1680 Melius
1107 1640 1170 1678 est
1201 1637 1306 1677 mihi

279 1711 412 1761 mori,
437 1722 566 1763 quam
585 1711 744 1751 vivere.
770 1724 788 1748 1)
810 1709 861 1750 Ε1
886 1712 1092 1762 quantum
1114 1709 1166 1749 ad
1183 1708 1307 1748 istam

279 1781 587 1830 conditionem,
627 1781 852 1833 praefertur
891 1783 1087 1820 mortuus
1125 1779 1226 1819 vivo
1262 1778 1308 1817 in

280 1851 657 1903 exaggerationem
687 1851 960 1902 praesentium
982 1849 1239 1889 malitiarum
1269 1850 1309 1888 et

281 1922 564 1962 miseriarum.

336 1991 439 2032 Item
459 1991 668 2044 quaeritur
687 1991 738 2031 de
750 1991 845 2040 hoc,
864 1990 977 2043 quod
996 1990 1147 2030 dicitur
1167 2002 1176 2030 :
1199 1991 1234 2031 F
1239 1990 1309 2032 eli-

280 2063 431 2104 ciorem
452 2066 628 2114 utroque
650 2061 866 2114 judicavi,
886 2062 963 2113 qui
981 2060 1160 2102 necdum
1179 2064 1309 2103 natus

281 2139 355 2174 est.
391 2132 542 2173 Contra
578 2147 586 2171 :
621 2132 693 2173 Ille
723 2132 832 2172 1111111
870 2132 971 2172 110111
1003 2131 1129 2171 habet
1159 2146 1167 2172 :
1203 2143 1310 2183 ergo

281 2215 366 2244 non
386 2206 447 2244 est
465 2203 639 2244 felicior.
675 2202 884 2244 Praeterea
906 2215 1031 2244 omne
1052 2203 1165 2255 quod
1184 2203 1312 2243 habet

282 2274 424 2326 aliquo
453 2274 577 2314 modo
600 2274 808 2314 rationem
835 2274 1064 2324 felicitatis,
1099 2275 1160 2313 est
1181 2285 1312 2325 appe-

283 2345 457 2385 tendum
489 2359 498 2384 :
536 2345 607 2385 sed
641 2344 786 2385 nullus
822 2347 954 2396 potest
991 2346 1186 2397 appetere
1224 2355 1312 2384 non

284 2426 389 2465 esse,
413 2415 519 2455 sicut
535 2415 633 2455 dicit
646 2414 914 2466 Augustinus
934 2415 946 2435 ⁴
974 2428 983 2455 :
1005 2426 1112 2466 ergo
1131 2414 1205 2466 qui
1225 2425 1312 2453 non

285 2488 346 2525 est
365 2488 512 2535 natus,
535 2484 651 2525 nullo
681 2484 805 2525 modo
836 2484 934 2524 felix
960 2486 1037 2524 est.
1066 2483 1171 2524 Item
1194 2495 1311 2536 111166-

284 2555 408 2604 111111,
448 2557 594 2595 utrum
629 2554 780 2607 aliquis
812 2554 942 2607 possit
980 2554 1061 2594 hoc
1098 2565 1184 2594 non
1222 2565 1313 2594 esse

284 2625 390 2666 velle
411 2626 566 2677 magis,
587 2637 716 2678 quam
742 2637 910 2678 poenam
925 2656 934 2674 ,
966 2625 1157 2666 ordinato
1182 2637 1314 2678 appe-

284 2697 378 2736 titu.
402 2695 519 2745 Quod
540 2696 621 2746 sic,
653 2696 819 2736 videtur
839 2699 851 2721 ⁶
879 2708 886 2733 :
915 2710 934 2733 (1
959 2695 1106 2736 Melius
1130 2698 1220 2735 erat
1251 2695 1312 2745 ei,

286 2768 320 2807 si
340 2770 464 2808 natus
484 2780 569 2808 non
588 2767 736 2808 fuisset
758 2780 768 2808 t
794 2782 814 2805 ι)
835 2779 938 2819 ergo
959 2767 993 2806 si
1016 2777 1143 2806 omne
1164 2765 1315 2805 melius

287 2839 568 2891 appetendum
609 2842 650 2879 et
698 2838 1036 2892 praeeligendum
1055 2869 1067 2888 ‚
1111 2837 1238 2877 etiam
1276 2839 1317 2877 et

289 2909 369 2949 1106
389 2920 399 2948 :
422 2909 533 2961 quod
556 2921 642 2949 non
662 2909 851 2959 videtur,
875 2908 976 2961 quia
997 2910 1134 2948 totum
1155 2907 1316 2947 bonum

290 2978 395 3019 tollit
424 2993 432 3019 :
462 2991 567 3031 ergo
593 2979 696 3018 nihil
722 2979 793 3019 illo
821 2981 955 3031 peJus.
984 2978 1230 3031 Respondeo
1249 2978 1315 3018 di-

290 3049 494 3100 cendum,
517 3049 628 3102 quod
648 3049 818 3089 felicitas
839 3049 1003 3089 duobus
1028 3049 1165 3089 modis
1192 3051 1254 3088 est
1273 3047 1317 3086 in

291 3119 454 3172 aliqu03
475 3132 590 3169 vere,
611 3123 652 3160 et
671 3119 921 3160 aestimative
940 3133 948 3158 :
972 3130 1071 3158 vere
1091 3121 1153 3158 est
1166 3118 1210 3158 in
1230 3128 1317 3158 uno

292 3189 406 3240 solo,
437 3190 686 3231 aestimative
711 3190 756 3229 in
782 3189 951 3239 multis,
973 3188 1205 3228 secundum
1226 3187 1318 3239 opi-

291 3260 438 3300 niones
462 3263 502 3300 et
517 3260 868 3301 considerationes
894 3259 1141 3307 universas,
1165 3259 1206 3296 et
1225 3257 1318 3308 ejus

292 3329 549 3371 conditiones
566 3330 610 3370 in
634 3330 809 3371 diversis
835 3331 1019 3382 repertas
1041 3343 1050 3368 :
1081 3327 1182 3381 quia
1202 3326 1318 3367 enim

337 3461 342 3476 ¹
365 3458 464 3497 infra,
485 3466 533 3498 111,
554 3461 582 3490 4.
606 3476 640 3481 —-
659 3459 670 3477 ²
688 3459 791 3498 Rom„
807 3465 869 3498 vu,
891 3459 941 3489 24.
962 3475 996 3480 —
1018 3458 1029 3476 ³
1048 3459 1137 3496 Jon„
1160 3465 1208 3497 1ν,
1229 3458 1261 3488 8.
1279 3474 1319 3480 -

295 3505 307 3525 ”
326 3508 424 3546 Aug„
444 3505 483 3535 de
509 3505 580 3536 Lib.
607 3504 747 3545 Arbitr.,
770 3505 828 3536 lib.
856 3506 917 3540 ΙΙΙ,
939 3514 967 3536 6.
990 3512 1066 3536 vw.
1087 3522 1128 3527 —
1149 3505 1162 3526 ⁵
1182 3504 1319 3542 Mami„

295 3559 387 3591 xxvi,
408 3553 502 3583 24.—
521 3552 532 3569 Β
554 3552 680 3583 Desunt
697 3551 750 3583 hic
773 3551 947 3584 nonnulla.

934 281 1205 324 EXPOSITIO
1237 279 1287 320 ΙΝ
1318 278 1714 320 ECCLESIASTEN.

1369 370 1430 408 est
1455 368 1616 409 bonum
1646 366 2031 419 jucundissimum,
2066 367 2159 409 ideo
2188 368 2393 422 Epicurus

1369 449 1461 478 eam
1484 437 1602 490 ponit
1625 438 1670 477 in
1697 436 2013 489 voluptatibus,
2036 441 2075 479 et
2107 438 2166 479 sic
2194 439 2245 480 de
2274 440 2389 482 aliis:

1370 508 1470 560 quia
1493 508 1628 560 igitur
1657 507 1756 548 felix
1790 507 1908 548 nulla
1939 508 2100 549 malitia
2129 509 2197 549 vel
2226 510 2396 551 miseria

1372 578 1644 626 molestatur,
1685 580 1725 617 et
1767 577 1845 617 ista
1891 579 2072 619 conditio
2112 580 2319 632 reperitur
2351 581 2394 621 in

1372 659 1421 688 eo
1459 649 1531 699 qui
1566 648 1756 688 nondum
1795 649 1920 688 natus
1958 651 2040 698 est,
2079 649 2241 690 ratione
2275 650 2397 691 istius

1373 717 1622 759 conditionis
1640 718 1738 758 dicit
1760 732 1769 758 ι
1798 718 2039 759 Feliciorem
2058 720 2273 762 (estimavi
2285 752 2294 769 ,
2317 722 2395 760 etc.

1373 788 1473 828 Dico
1506 787 1632 828 etiam
1648 819 1660 837 ,
1683 787 1796 840 quod
1828 788 1988 828 ratione
2014 788 2126 829 illius
2151 789 2399 830 conditionis

1373 859 1584 911 appetitur
1620 870 1645 898 a
1689 857 1833 898 multis
1877 858 2054 899 afflictis,
2101 859 2218 908 Quod
2258 862 2401 901 autem

1375 928 1606 980 quaeritur,
1639 931 1785 968 utrum
1817 928 1964 968 debeat
1998 929 2158 981 appeti,
2189 929 2258 970 vel
2289 941 2398 982 prae-

1375 998 1497 1050 eligi,
1541 998 1793 1048 dicendum,
1833 998 1945 1051 quod
1979 998 2134 1051 duplex
2162 1001 2222 1039 est
2253 1011 2399 1052 poena;

1375 1068 1642 1121 temporalis,
1664 1071 1705 1109 61
1735 1072 1893 1109 aeterna
1917 1084 1925 1109 :
1955 1072 2106 1110 neutra
2124 1081 2248 1123 poena
2267 1072 2403 1112 totum

1377 1139 1543 1190 adimit,
1568 1139 1639 1180 sed
1668 1142 1811 1180 tamen
1842 1142 2001 1181 aeterna
2031 1152 2198 1193 semper
2228 1140 2402 1188 adimit·,

1378 1211 1589 1263 corruptio
1603 1221 1704 1250 vero
1723 1210 1767 1250 in
1786 1222 1872 1251 non
1888 1222 1977 1251 esse
1996 1213 2134 1251 totum
2151 1210 2312 1262 adimit,
2333 1211 2405 1252 sed

1378 1280 1521 1321 semel.
1546 1280 1589 1321 Si
1615 1280 1750 1332 igitur
1775 1280 1868 1320 talis
1902 1281 2114 1333 corruptio
2141 1282 2406 1333 comparetur

1378 1363 1517 1404 pcenae
1547 1350 1792 1403 temporali,
1825 1350 2070 1403 simpliciter
2101 1353 2163 1391 est
2192 1352 2336 1403 pej0r3
2372 1351 2407 1391 si

1379 1424 1522 1462 autem
1543 1424 1736 1471 aeternae,
1760 1432 1804 1461 se
1825 1421 1983 1461 habent
2002 1423 2051 1460 ut
2080 1420 2346 1471 excedentia,
2367 1422 2409 1461 et

1380 1503 1574 1541 excessa3
1603 1491 1704 1544 quia
1733 1491 1825 1532 haec
1858 1491 1902 1531 in
1932 1491 2220 1544 ademptione,
2259 1490 2330 1531 illa
2363 1491 2410 1531 in

1381 1562 1696 1603 continuatione
1722 1562 1897 1602 excedit.
1927 1561 1979 1603 Et
2004 1561 2103 1614 quia
2129 1561 2202 1602 illa
2230 1563 2291 1602 est
2313 1561 2410 1601 infi-

1381 1634 1470 1673 nita
1501 1633 1735 1683 duratione,
1763 1632 1844 1672 ista
1875 1643 1978 1672 vero
2009 1634 2328 1681 momentanea3
2364 1630 2410 1670 in

1380 1704 1461 1743 hoc
1490 1703 1669 1752 excedit,
1706 1705 1746 1742 et
1777 1703 1911 1754 potest
1939 1701 2080 1753 magis
2106 1701 2411 1743 rationabiliter

1381 1773 1475 1825 fugi
1493 1776 1534 1814 61
1554 1773 1710 1825 sperni.

1436 1845 1540 1884 Item
1560 1843 1769 1896 quaeritur
1801 1843 1851 1883 de
1877 1843 1977 1893 hoc,
2000 1843 2114 1895 quod
2146 1842 2243 1883 dicit
2263 1845 2320 1893 (v.
2342 1844 2408 1897 4):

1383 1914 1687 1956 Animadverti
1724 1915 1868 1956 omnia
1902 1917 2047 1966 patere
2090 1913 2275 1956 invidiae
2314 1924 2413 1967 pro-

1383 1986 1498 2028 oez‘mz'
1517 1999 1531 2024 :
1557 1996 1729 2038 quaero,
1753 1987 1899 2025 utrum
1920 1984 2049 2025 homo
2081 1985 2229 2025 debeat
2252 1996 2414 2026 cessare

1383 2059 1554 2111 propter
1574 2058 1668 2109 ejus
1699 2056 1902 2097 invidiam
1932 2068 1956 2095 a
1984 2056 2095 2096 bono
2121 2067 2260 2109 opere.
2296 2055 2416 2105 Quod

1385 2127 1460 2176 sic,
1483 2127 1667 2177 videtur,
1690 2126 1790 2179 quia
1810 2125 1951 2177 magis
1974 2125 2214 2177 diligendus
2236 2128 2297 2166 est
2314 2138 2416 2179 pro-

1385 2199 1530 2238 ximus
1548 2228 1561 2247 ‚
1602 2209 1731 2250 quam
1768 2196 1928 2236 utilitas
1960 2207 2145 2248 praesens
2190 2211 2198 2237 :
2239 2208 2345 2248 ergo
2382 2197 2417 2237 si

1386 2268 1609 2321 proximus
1622 2267 1731 2319 perit
1744 2266 1985 2316 invidendo,
2002 2265 2105 2306 illud
2124 2266 2245 2307 debet
2261 2266 2413 2307 omitti.

1387 2340 1565 2380 Contra:
1590 2337 1704 2390 Opus
1721 2337 1884 2377 bonum
1901 2339 2073 2389 praestat
2094 2338 2353 2390 exemplum,
2375 2339 2416 2377 et

1387 2409 1539 2449 excitat
1559 2408 1610 2448 ad
1631 2408 1791 2448 bonum
1818 2421 1826 2448 :
1850 2419 1954 2459 ergo
1984 2407 2018 2447 si
2043 2408 2205 2448 bonum
2226 2407 2417 2460 aperien-

1387 2479 1490 2520 dum
1510 2481 1572 2520 est
1593 2478 1645 2519 ad
1664 2478 1856 2528 laudem,
1879 2490 1965 2518 non
1988 2478 2110 2519 debet
2132 2478 2259 2519 homo
2278 2478 2419 2519 occul-

1388 2553 1478 2590 tare
1498 2550 1668 2601 propter
1693 2548 1900 2590 invidiam
1916 2548 2114 2600 proximi.
2137 2547 2383 2600 Respondeo
2404 2560 2415 2589 z

1388 2624 1461 2661 6111
1481 2623 1543 2660 651
1559 2631 1666 2673 opus
1685 2619 1789 2660 illud
1807 2619 1857 2659 de
1875 2619 2123 2660 necessitate
2141 2619 2256 2668 vitae,
2274 2620 2349 2659 aut
2368 2619 2420 2660 de

1388 2691 1567 2732 utilitate
1591 2705 1599 2730 ε
1625 2690 1658 2729 51
1680 2689 1730 2730 116
1750 2689 1994 2730 necessitate
2008 2721 2022 2740 ,
2044 2692 2120 2729 aut
2144 2691 2280 2741 potest
2298 2700 2420 2742 aeque

1389 2762 1549 2802 bonum
1581 2761 1674 2801 fieri
1711 2761 1757 2800 in
1787 2761 1879 2811 ejus
1910 2760 2118 2810 absentia,
2149 2763 2198 2801 ut
2227 2761 2272 2801 in
2306 2772 2419 2813 prae-

1389 2832 1522 2872 sentia
1545 2845 1554 2871 :
1574 2831 1610 2870 si
1623 2831 1694 2881 sic,
1719 2830 1841 2871 debet
1856 2831 1985 2871 homo
2004 2842 2112 2883 opus
2134 2830 2239 2871 illud
2257 2830 2309 2871 ab
2326 2832 2419 2883 ejus

1390 2901 1522 2942 oculis
1541 2901 1776 2950 absentare,
1793 2903 1841 2940 ut
1853 2899 1970 2940 tollat
1990 2900 2267 2950 occasionem,
2284 2912 2419 2953 quan-

1389 2973 1442 3014 do
1462 2972 1734 3025 probabiliter
1753 2971 1973 3012 convincet
1989 2972 2059 3023 (a),
2082 2971 2194 3024 quod
2214 2971 2284 3012 ille
2304 2971 2417 3012 invi·

1390 3043 1502 3084 debit
1524 3042 1570 3094 (b)
1587 3057 1598 3092 3
1620 3043 1654 3081 si
1682 3044 1825 3082 autem
1841 3053 1927 3082 non
1947 3044 2104 3094 potest,
2127 3042 2262 3082 facere
2281 3041 2418 3092 debet,

1390 3126 1466 3154 nec
1488 3113 1558 3154 dat
1574 3112 1849 3162 occasionem,
1872 3111 1944 3152 sed
1959 3111 2030 3151 ille
2049 3111 2212 3164 accipit.

1445 3188 1483 3224 7.
1505 3182 1789 3225 Considerans
1808 3182 1959 3234 reperi,
1981 3183 2059 3222 etc.
2085 3181 2225 3234 Supra
2247 3181 2338 3233 egit
2368 3181 2419 3221 de

1391 3253 1576 3294 vanitate
1596 3252 1796 3302 malitiae3
1819 3251 1889 3291 hic
1917 3252 2009 3303 agit
2034 3252 2085 3292 de
2110 3252 2296 3293 vanitate
2321 3262 2416 3292 ava-

1391 3323 1512 3364 111166.
1537 3323 1680 3364 Primo
1705 3321 1878 3375 ponitur
1903 3321 2179 3362 consideratio
2198 3320 2416 3371 avaritiae3

1393 3394 1576 3435 secundo
1603 3405 1720 3443 vero,
1742 3392 1844 3446 quia
1863 3403 2019 3433 avarus
2046 3403 2131 3432 non
2151 3391 2244 3432 vult
2261 3391 2418 3432 habere

1393 3466 1630 3506 consortem
1644 3495 1656 3514 ,
1680 3463 1724 3503 in
1751 3463 1883 3516 ipsius
1905 3461 2221 3503 detestationem
2247 3461 2419 3515 ponitur

1436 3548 1481 3587 (a)
1502 3548 1578 3588 Leq.
1598 3545 1765 3586 conjiciet.
1786 3562 1826 3569 -
1846 3544 1890 3584 (b)
1914 3543 1993 3575 Coet.
2014 3542 2091 3574 edit.
2113 3542 2252 3576 invidet,
