2633 3878
130 963 245 990 Veritas

117 1005 237 1040 triplici-

103 1048 147 1073 ter
161 1055 243 1074 reve-

103 1091 190 1118 latur.

124 3164 221 3197 Appe-

82 3203 150 3230 titus
168 3212 223 3231 εοε-

95 3245 210 3272 testium

81 3287 155 3322 parit
169 3289 222 3314 ter-

1130 234 1370 278 I‘SALMUS
1401 235 1575 278 CXVIII.

605 371 788 408 Articulus
809 372 973 416 quartus.

320 458 446 494 Revela
471 458 587 493 oculos
604 465 708 491 meos.
739 453 805 490 Hic
825 451 1057 500 exprimitur
1082 452 1190 487 actus
1217 450 1308 488 illu-

271 519 510 566 minationis,
535 529 623 567 quae
647 516 800 566 perficit
830 516 961 552 actum
982 513 1306 560 investigationis.

269 585 375 619 Tunc
406 581 511 618 enim
543 579 715 617 veritatis
747 578 996 625 investigatio
1028 580 1084 614 est
1120 576 1306 625 perfecta,

270 655 361 682 cum
393 643 534 680 veritas
561 644 617 679 est
642 642 807 679 detecta.
840 643 945 678 Tunc
973 640 1116 676 veritas
1152 638 1309 675 investi-

269 709 428 754 gantem
449 705 665 751 illuminat,
696 714 787 741 curn
815 704 881 740 ille
907 703 1106 740 velamina
1133 701 1307 739 veritatis

268 769 458 806 eliminat.
492 767 691 806 Revelatio
724 778 818 814 ergo
851 769 906 803 est
939 765 1177 802 illuminatio
1215 775 1305 812 quae

265 831 436 881 petenda
454 831 502 879 (α)
523 831 770 878 proponitur,
790 829 884 877 quia
904 828 1030 874 magis
1051 827 1103 865 ad
1125 827 1305 864 divinum

264 892 516 939 beneficium,
539 904 662 941 quam
681 891 734 929 ad
753 892 974 928 humanum
993 890 1197 937 ingenium
1216 899 1306 937 per-

264 955 387 992 tinere
425 954 684 1002 dignoscitur.
725 957 767 991 Et
803 956 916 999 nota,
956 952 1066 1001 quod
1104 952 1305 1000 tripliciter

263 1017 460 1053 revelatur
486 1017 628 1053 veritas
657 1018 850 1065 quantum
870 1016 922 1052 ad
950 1015 1134 1063 mysticas
1161 1014 1305 1051 intelli-

264 1079 435 1126 gentias,
455 1083 593 1127 utputa
619 1081 812 1127 quantum
838 1077 890 1114 ad
909 1078 1140 1124 allegorias,
1174 1081 1303 1125 tropo-

262 1142 402 1190 logias,
422 1142 653 1189 anagogias.
675 1141 803 1178 Prima
821 1141 987 1189 pertinet
1006 1141 1058 1177 ad
1079 1141 1298 1187 credenda3

262 1205 452 1251 secunda,
477 1205 529 1242 ad
551 1204 777 1252 operanda,
798 1204 923 1248 tertia,
945 1203 997 1240 ad
1017 1203 1226 1251 speranda.
1251 1205 1300 1240 De

261 1268 391 1316 prima
415 1268 678 1314 revelatione,
703 1268 773 1304 ubi
801 1267 943 1304 dicitur
981 1267 1030 1304 de
1067 1267 1264 1304 Domino¹
1289 1281 1298 1305 ε

265 1343 283 1365 «
302 1334 386 1380 lpse
406 1331 555 1368 revelat
573 1330 773 1379 profunda
794 1331 831 1366 et
858 1330 1091 1367 abscondita
1106 1358 1118 1375 ,
1136 1333 1172 1366 et
1190 1330 1301 1368 novit

260 1394 301 1430 in
320 1394 492 1432 tenebris
515 1394 746 1440 constituta,
768 1407 785 1428 n
810 1393 879 1430 ubi
899 1393 1075 1441 loquitur
1096 1393 1230 1429 Daniel
1250 1393 1299 1430 de

260 1457 434 1494 adventu
452 1456 610 1500 Christi,
639 1458 676 1492 et
700 1455 812 1503 regni
833 1455 1031 1492 christiani
1051 1468 1061 1492 ε
1081 1455 1188 1492 unde
1209 1466 1298 1502 per-

259 1520 355 1556 tinet
374 1519 425 1556 ad
446 1518 692 1566 allegoriam.
716 1520 766 1554 De
787 1517 974 1564 secunda,
995 1518 1066 1555 ubi
1088 1518 1229 1555 dicitur
1246 1520 1297 1556 ab

258 1582 410 1629 Angelo
442 1581 456 1601 ²
483 1594 491 1618 :
532 1595 549 1615 «
587 1583 713 1628 Opera
744 1579 811 1617 Dei
843 1580 1020 1617 revelare
1053 1583 1090 1617 et
1119 1581 1297 1619 confiteri

256 1644 523 1682 honorificum
560 1648 641 1691 est3
681 1658 698 1679 n
741 1644 808 1681 ubi
848 1644 1025 1692 loquitur
1062 1644 1111 1680 de
1142 1644 1296 1692 pietatis

257 1708 470 1756 operibus,
503 1719 593 1756 quae
631 1711 818 1756 operatur
848 1707 889 1744 in
921 1706 1036 1754 Justis
1073 1706 1293 1744 Dominus:

256 1770 363 1807 unde
390 1770 558 1818 pertinet
582 1770 634 1808 ad
659 1770 940 1819 tropologiam.
969 1772 1020 1807 De
1049 1770 1162 1807 tertia
1197 1770 1295 1817 legi-

255 1835 337 1879 tur,
358 1832 429 1869 ubi
456 1833 597 1870 dicitur
615 1834 629 1856 ³
658 1846 665 1870 :
698 1846 715 1868 «
739 1835 822 1870 Vox
852 1832 1007 1870 Domini
1037 1834 1294 1881 praeparantis

256 1906 407 1940 cerVOS,
428 1897 465 1932 et
477 1895 670 1933 revelabit
690 1895 911 1941 condensa;
927 1909 945 1929 »
964 1895 1034 1932 ubi
1047 1895 1225 1943 loquitur
1244 1896 1293 1933 de

254 1957 544 1995 illuminatione
565 1957 900 2006 speculativorum
914 1986 926 2004 ,
955 1959 992 1994 et
1023 1958 1292 2005 speculatione

254 2021 471 2058 coelestium
492 2025 734 2058 secretorum
757 2034 765 2058 ε
789 2020 895 2058 unde
920 2020 1089 2068 pertinet
1117 2020 1169 2057 ad
1198 2031 1294 2058 ana-

253 2085 427 2132 gogiam.

687 2133 859 2175 Epilogus.

300 2211 393 2248 Dicit
420 2210 554 2260 itaque
585 2212 781 2259 Propheta
811 2210 982 2258 loquens
1020 2210 1061 2246 in
1096 2210 1168 2248 viri
1195 2211 1290 2258 Justi

249 2284 443 2322 persona,
463 2277 499 2310 et
529 2274 754 2322 exprimens
784 2272 944 2310 affectus
971 2273 1168 2310 fervorem
1195 2285 1290 2321 erga

248 2336 549 2373 illuminationis
575 2335 831 2384 splendorem
853 2347 861 2372 :
885 2337 1013 2372 Revela
1036 2338 1153 2373 oculos
1180 2347 1287 2382 meos,

249 2400 444 2445 quantum
481 2398 534 2435 ad
566 2398 901 2436 illuminationem
936 2399 1198 2446 pertinentem
1234 2401 1287 2438 ad

248 2460 441 2497 theoricas
460 2463 685 2507 aperturas;
707 2463 740 2496 et
759 2461 1000 2508 considerabo,
1019 2465 1214 2509 quantum
1234 2462 1287 2499 ad

249 2521 588 2568 investigationem
626 2522 854 2559 attinentem
901 2523 954 2560 ad
998 2523 1287 2571 metaphoricas

250 2588 475 2632 operturas3
509 2587 712 2633 Miz-abilin,
746 2589 939 2634 quantum
977 2587 1028 2624 ad
1060 2587 1286 2626 admiratio-

249 2657 366 2693 nem,
399 2660 487 2696 quae
522 2649 689 2696 pertinet
720 2649 772 2686 ad
805 2649 978 2696 figuras3
1015 2652 1064 2686 De
1097 2651 1169 2696 Iege
1208 2654 1284 2696 tua,

249 2713 441 2757 quantum
461 2710 513 2748 ad
534 2712 766 2758 lectionem,
790 2723 877 2759 quae
896 2712 1064 2761 pertinet
1082 2712 1133 2749 ad
1153 2713 1282 2761 Scrip-

247 2775 381 2809 turns·

612 2868 832 2896 VERSICULUS
857 2870 911 2896 111.

296 2965 351 2998 19.
364 2963 487 2998 Incola
502 2974 563 3009 eyo
577 2974 669 3010 sum,
691 2966 762 3002 etc.
779 2965 883 3001 Sicut
901 2975 1038 3002 versus
1050 2965 1280 3012 praecedens

245 3023 436 3060 innuebat
473 3024 690 3063 affectionis
727 3027 925 3064 fervorem
961 3037 1056 3074 erga
1086 3027 1280 3064 internam

244 3085 599 3134 illuminationem3
636 3088 690 3125 sic
726 3099 897 3136 praesens
935 3088 1063 3125 innuit
1101 3089 1280 3136 ejusdem

242 3148 437 3185 fervorem
464 3160 557 3196 erga
586 3151 827 3188 meritoriam
848 3151 1055 3188 actionem.
1079 3152 1279 3198 Appetitus

243 3213 375 3247 autem
389 3212 606 3248 coelestium
621 3213 723 3261 parit
737 3215 1008 3261 contemptum
1023 3215 1275 3252 terrestrium.

241 3273 391 3318 Quibus
411 3274 516 3311 euim
537 3275 673 3313 divina
690 3275 860 3324 sapiunt,
879 3277 934 3313 eis
953 3276 1158 3314 mundana
1177 3277 1279 3313 desi-

287 3389 294 3406 ¹
315 3388 414 3428 Dan„
446 3397 492 3430 11,
515 3391 567 3422 22.
589 3407 628 3414 -—
648 3390 658 3408 ²
678 3389 767 3428 Tob..
787 3397 857 3430 ΧΗ,
881 3392 913 3422 7.
933 3407 974 3413 -
998 3390 1011 3412 ³
1035 3389 1127 3423 Psal.
1150 3398 1276 3432 xxvni,

242 3434 272 3464 9.
295 3452 330 3457 —
355 3435 368 3456 ’δ
388 3436 498 3477 Ρνου.,
524 3444 583 3478 111,
607 3439 660 3470 30.
679 3454 719 3461 -
744 3438 758 3460 ⁵
783 3437 874 3470 Psal.
901 3445 1001 3478 cxix,
1027 3439 1059 3469 5.
1079 3455 1120 3461 —
1145 3438 1159 3460 ὓ
1182 3439 1276 3471 Psal.

242 3488 310 3521 ew,
331 3483 381 3514 12.
406 3501 442 3506 —
471 3486 516 3525 (α)
538 3484 632 3516 Edit.
666 3485 745 3517 Ven.
770 3486 931 3527 petendo.
961 3503 996 3508 —
1026 3485 1069 3525 (b)
1101 3485 1194 3526 γαίῃ.
1213 3496 1277 3518 non

241 3526 338 3560 habet
355 3529 512 3563 incolam.
533 3532 631 3573 Apud
648 3533 732 3565 Lxx
751 3534 799 3565 sic
815 3533 942 3574 lessilw·
959 3543 968 3565 :
991 3534 1044 3571 Μὴ
1063 3535 1275 3577 misy-09:252:

2348 251 2423 288 343

1386 325 1513 372 piunt.
1552 325 1660 363 Unde
1698 328 1885 368 nimirum
1923 336 2095 381 quatuor
2136 335 2424 374 consideranda

1387 391 1627 425 concurrunt
1646 389 1749 426 circa
1768 397 1998 437 praesentem
2018 397 2255 435 versiculum
2273 410 2282 435 ε
2310 399 2423 436 vide-

1385 449 1493 496 licet,
1516 449 1676 487 affectus
1693 454 1887 496 fastidium
1907 456 2008 493 cirea
2028 461 2226 496 terrenum
2245 462 2421 507 studium,

1386 514 1423 547 ct
1443 511 1565 559 ipsius
1590 514 1795 550 incendium
1819 516 1923 553 circa
1953 518 2133 556 divinum
2152 524 2357 567 imperium.
2380 526 2421 560 In

1384 572 1540 610 fastidio
1569 576 1809 623 onerositas3
1832 578 1872 614 in
1891 579 2022 616 studio
2043 581 2358 631 infructuositas3
2380 586 2421 623 in

1383 634 1590 683 incendio,
1618 638 1682 675 vel
1703 639 1862 678 incenso
1885 642 2098 690 desiderio,
2116 647 2354 693 virtuositas3
2380 649 2419 685 in

1383 697 1550 746 imperio
1570 700 1831 741 fructuositas.

1716 809 1905 846 Articulus
1931 812 2082 856 primus.

1431 890 1628 933 Quantum
1655 891 1707 928 ad
1742 893 1942 940 primum,
1979 895 2120 932 dicitur
2150 897 2191 933 in
2222 898 2296 934 viri
2324 899 2417 946 justi

1380 961 1550 998 persona
1567 964 1575 988 ε
1594 954 1717 990 Incola
1738 965 1798 1000 eqo
1819 966 1912 1001 sum,
1931 967 2002 1003 per
2020 957 2096 994 hoc
2115 958 2283 996 innuens
2303 962 2417 998 affec-

1380 1015 1464 1050 tum
1483 1014 1746 1063 fastidiosum,
1770 1020 1806 1054 et
1824 1017 2041 1056 incolatum
2061 1031 2286 1059 onerosum.
2310 1025 2416 1062 Unde

1379 1079 1495 1123 nota,
1518 1078 1628 1125 quod
1655 1079 1728 1115 viri
1749 1080 1843 1126 justi
1868 1085 2144 1120 conversantes
2164 1084 2204 1120 in
2231 1086 2337 1122 coelis
2356 1098 2416 1124 se-

1379 1139 1555 1176 cundum
1575 1141 1781 1178 hominem
1801 1142 2051 1190 interiorem,
2076 1145 2116 1181 in
2144 1147 2255 1183 terris
2276 1159 2414 1186 sccun-

1378 1200 1476 1237 dum
1500 1203 1752 1250 exteriorem,
1780 1208 1869 1242 sunt
1896 1206 1936 1242 in
1964 1207 2072 1244 coelis
2100 1208 2198 1245 sicut
2230 1210 2353 1257 cives,
2374 1212 2415 1249 in

1376 1263 1488 1300 terris
1519 1265 1618 1302 sicut
1650 1267 1822 1314 hospites
1852 1280 1860 1305 :
1892 1269 1947 1306 ibi
1975 1269 2074 1307 sicut
2103 1270 2318 1320 indigenae3
2351 1274 2414 1311 hic

1376 1330 1508 1365 autem
1521 1329 1620 1367 sicut
1638 1330 1791 1369 incolae.
1811 1333 1919 1370 Tales
1939 1337 2071 1371 antem
2090 1335 2230 1373 incolae
2250 1338 2290 1374 in
2308 1338 2414 1376 inco-

1374 1389 1457 1427 latu
1483 1393 1682 1438 praesentis
1701 1394 1867 1432 miseriae
1887 1396 2013 1433 solent
2038 1398 2153 1435 taedio
2175 1399 2278 1436 affici
2299 1412 2413 1439 occa<

1374 1452 1484 1490 sione
1516 1455 1657 1502 triplici
1689 1469 1697 1492 :
1728 1459 1811 1493 tum
1841 1458 1934 1506 quia
1962 1461 2176 1498 nonnullos
2208 1463 2412 1502 inveniunt

1374 1514 1586 1564 dyscolos,
1621 1521 1705 1554 tum
1744 1520 1838 1567 quia
1871 1522 2017 1558 multos
2053 1523 2289 1572 malevolos;
2328 1530 2407 1564 tum

1375 1577 1468 1625 quia
1483 1590 1633 1626 paucos
1653 1581 1883 1619 benevolos.
1903 1584 2019 1620 Primi
2040 1586 2179 1622 nolunt
2195 1588 2408 1635 prodesse3

1372 1640 1535 1677 secundi
1563 1642 1704 1679 volunt
1733 1644 1893 1692 obesse3
1925 1646 2023 1682 tertii
2055 1648 2223 1695 vellent,
2245 1650 2277 1685 si
2303 1651 2409 1687 vale-

1371 1705 1479 1747 rent,
1505 1705 1707 1750 prodesse.
1740 1708 1791 1743 De
1819 1707 1950 1754 primo
1976 1709 1990 1730 ”
2015 1720 2024 1745 :
2064 1722 2081 1743 «
2112 1713 2162 1747 Ne
2194 1713 2410 1750 contendas

1371 1765 1561 1802 adversus
1594 1768 1800 1805 hominem
1835 1769 2009 1807 incolam
2042 1772 2090 1820 (b)
2121 1773 2283 1820 frustra,
2316 1786 2407 1813 cum

1369 1826 1453 1874 ipse
1487 1828 1587 1866 nihil
1616 1831 1688 1867 tibi
1720 1832 1816 1868 mali
1845 1832 1991 1870 fecerit.
2025 1849 2042 1869 »
2080 1835 2144 1872 Hic
2176 1837 2409 1883 prohibetur

1369 1889 1462 1927 filiis
1490 1892 1608 1939 hujus
1639 1894 1795 1941 saeculi,
1829 1906 1878 1932 ne
1907 1895 2005 1932 fiant
2036 1898 2226 1934 adversus
2258 1900 2407 1937 incolas

1369 1952 1534 2000 dyscoli.
1558 1958 1608 1992 De
1629 1957 1804 1994 secundo
1824 1959 1837 1980 5
1861 1971 1868 1994 :
1900 1972 1917 1992 «
1938 1962 2019 1996 Heu
2039 1960 2155 2006 mihi,
2185 1962 2279 2009 quia
2298 1963 2406 2000 inco-

1366 2015 1468 2053 latus
1505 2029 1618 2054 meus
1660 2020 1920 2068 prolongatus
1958 2025 2014 2059 est
2055 2035 2063 2059 :
2102 2023 2277 2062 habitavi
2315 2038 2405 2064 cnm

1365 2078 1633 2117 habitantibus
1662 2082 1798 2120 Cedar.
1824 2097 1842 2118 »
1865 2084 1989 2121 Cedar
2013 2085 2290 2134 interpretatur
2310 2093 2404 2125 tene-

1368 2141 1465 2178 brae:
1495 2143 1718 2181 habitantes
1746 2145 1870 2182 Cedar
1901 2149 1990 2182 sunt
2022 2148 2274 2186 tenebrarum
2305 2151 2403 2198 filii,

1364 2203 1548 2241 videlicet
1572 2206 1761 2243 malevoli
1784 2219 1791 2243 :
1813 2208 1920 2245 unde
1939 2209 2087 2257 liquet,
2115 2222 2237 2258 quam
2255 2213 2402 2250 moles-

1363 2269 1449 2303 tum
1480 2267 1528 2304 sit
1561 2268 1702 2306 incolis
1738 2270 1916 2308 habitare
1960 2282 2051 2309 cum
2091 2274 2310 2311 malevolis.
2352 2279 2402 2313 De

1363 2330 1476 2366 tertio
1497 2331 1510 2352 ⁶
1533 2342 1542 2367 ε
1578 2344 1595 2365 «
1620 2333 1717 2369 Cum
1748 2335 1876 2369 essent
1906 2345 2073 2372 numero
2094 2336 2226 2384 brevi,
2247 2339 2401 2386 paucis-

1362 2392 1451 2429 simi
1472 2394 1509 2429 et
1527 2393 1667 2431 incolae
1687 2395 1783 2441 erS.
1808 2409 1825 2429 >›
1851 2398 1902 2433 De
1922 2396 2128 2435 benevolis
2148 2399 2338 2448 loquitur,
2361 2402 2402 2439 in

1362 2455 1508 2502 quibus
1539 2457 1717 2504 paucitas
1750 2469 1917 2496 numero
1951 2460 2114 2504 scilicet,
2150 2464 2400 2511 perpaucitas

1361 2518 1501 2555 merito
1524 2519 1729 2566 reperitur.

1676 2626 1870 2662 Articulus
1895 2628 2083 2664 secundus.

1406 2710 1600 2754 Quantum
1623 2709 1674 2746 ad
1694 2710 1929 2756 secundum,
1951 2711 2087 2748 subdit
2107 2714 2300 2761 Propheta
2321 2727 2329 2751 :
2353 2718 2396 2751 In

1359 2773 1471 2816 terra,
1492 2781 1563 2819 per
1581 2771 1658 2808 hoc
1677 2771 1858 2809 indicans
1878 2776 2074 2810 terrenam
2094 2775 2395 2822 studiositatem,

1357 2836 1395 2870 et
1418 2833 1540 2881 ipsius
1563 2833 1901 2871 infructositatem.
1937 2838 2052 2872 Terra
2090 2837 2238 2885 quippe
2278 2843 2395 2886 sunt,

1356 2897 1425 2944 qui
1452 2898 1608 2933 terrena
1633 2897 1802 2944 sapiunt.
1832 2899 1948 2934 Terra
1972 2909 2133 2946 quoque
2157 2902 2312 2938 terrena
2339 2906 2396 2939 est

1354 2958 1568 3006 sapientia,
1594 2969 1677 2995 non
1701 2961 1863 3007 propter
1891 2962 2088 2998 terrenam
2109 2963 2390 3010 substantiam,

1354 3021 1425 3058 sed
1453 3024 1614 3069 propter
1639 3024 1835 3058 terrenam
1865 3023 2218 3071 circumstantiam,
2242 3028 2279 3062 et
2305 3027 2392 3062 uni-

1353 3084 1555 3120 versaliter
1583 3088 1686 3121 terra
1715 3084 1920 3131 dicuntur,
1950 3086 2192 3136 quicumque
2221 3087 2289 3124 tali
2319 3088 2391 3124 eir-

1354 3147 1587 3184 cumstantia
1621 3147 1852 3184 vcstiuntur.
1891 3148 2011 3194 Hujus
2049 3151 2184 3194 terrae,
2223 3149 2264 3185 id
2305 3153 2360 3186 est
2377 3178 2397 3203 ,-

2444 341 2581 369 restrium

2443 385 2573 411 contem-

2442 427 2536 458 ptum.

2424 2107 2528 2134 Cedar.

2418 3049 2554 3075 Tei-reme

2424 3089 2541 3124 sapien-

2412 3131 2458 3157 tim
2490 3135 2553 3159 stu-

2429 3172 2477 3199 dia
2493 3174 2534 3200 in-

1352 3213 1516 3247 terrenae
1541 3209 1742 3257 sapientiae
1761 3209 1891 3246 studia
1909 3213 1999 3246 sunt
2019 3210 2259 3247 infructuosa
2272 3239 2283 3256 ,
2305 3212 2386 3249 imo
2409 3213 2535 3241 fructuo-

1351 3273 1595 3320 periculosa,
1630 3275 1790 3319 propter
1818 3272 2120 3319 quadruplicem
2149 3273 2343 3310 rationem
2377 3288 2384 3295 ·

1351 3389 1430 3430 πρὸς
1445 3389 1615 3430 ἄνθρωπον
1630 3386 1743 3427 μάτην,
1762 3387 1836 3426 μήτι
1854 3397 1891 3418 σε
1909 3387 2083 3428 εργάσηται
2104 3387 2204 3419 κακόν
2220 3400 2229 3428 3
2251 3387 2284 3419 id
2309 3392 2360 3421 est
2377 3400 2384 3421 :

1352 3435 1434 3468 Nola·
1446 3434 1643 3466 initm'czlias
1662 3442 1812 3464 exercere
1830 3432 1989 3464 adversus
2007 3433 2169 3465 hominem
2189 3436 2261 3466 sine
2277 3446 2389 3470 causa,

1352 3493 1392 3516 ne
1422 3481 1510 3526 quod
1542 3480 1605 3512 tibi
1634 3482 1788 3520 operetur·
1820 3479 1946 3511 malum
1980 3491 1987 3511 :
2021 3481 2111 3523 quod
2132 3482 2241 3525 magis
2260 3493 2388 3516 convc-

1351 3532 1402 3563 nit
1420 3539 1498 3563 cum
1517 3528 1668 3561 liebrceO.

2409 3263 2450 3287 sa,
2463 3258 2491 3283 et
2506 3265 2554 3291 pe-

2376 3304 2383 3311 ·
2408 3296 2548 3325 riculosa.
