2633 3878
147 1653 267 1681 Heredi-

129 1696 172 1720 tas
186 1701 265 1728 mys-

128 1734 195 1761 tica.

169 3028 275 3063 Aequi-

135 3073 200 3100 nitio
222 3073 273 3100 tri-

135 3115 250 3150 partita.

283 251 360 289 460

283 337 369 372 vitae
380 336 554 372 mortalis
567 335 823 382 expositione,
836 339 873 373 et
886 337 1139 384 expositionis
1158 336 1305 383 duplici

283 398 446 441 ratione,
477 397 556 432 duo
586 407 723 432 versus
753 398 987 444 praeambuli
1019 401 1106 434 sunt
1138 398 1306 434 breviter

282 458 507 506 praelocuti,·
531 457 578 494 de
600 459 711 495 tertia
737 459 907 504 ratione,
935 459 1118 496 videlicet
1145 460 1309 496 manda-

282 523 412 557 torum
432 520 721 565 observatione,
744 532 878 557 versus
896 523 963 557 iste
984 521 1138 557 videtur
1159 522 1305 569 eloqui.

283 582 388 618 l’nde
421 582 513 618 dicit
545 582 873 630 Psalmographus
901 595 908 618 :
941 583 1172 629 Hei-cclstate,
1206 586 1278 620 etc.
1296 597 1305 630 ;

283 654 326 681 ac
346 645 377 680 si
402 644 629 692 loqueretur
653 645 823 692 apertius
846 657 853 680 ς
883 647 950 680 Per
968 647 1131 692 paterna
1150 645 1309 693 eloquia

282 706 472 754 acquisivi
506 717 674 753 superna
707 706 947 751 testimonia,
981 717 1062 744 non
1095 707 1308 744 auferenda

282 779 351 815 per
381 771 539 804 externa
565 767 776 814 supplicia,
807 772 966 816 propter
996 769 1148 806 interna
1180 770 1310 806 cordis

281 829 431 866 solatia.
464 831 513 865 Ex
539 829 683 876 quibus
708 833 812 877 patet
840 842 974 868 versus
992 833 1191 879 praesentis
1212 843 1310 879 qua-

282 892 484 939 dripartita
505 892 742 929 continentia
767 906 776 929 :
799 894 969 931 continet
995 894 1097 930 enim
1123 894 1309 930 eruditio-

282 963 372 990 nem
396 957 615 1001 paternam,
631 955 929 1002 acquisitionem
948 967 1173 1003 supernam,
1197 956 1310 993 deso-

283 1016 470 1052 lationem
490 1019 705 1062 externam,
722 1020 757 1053 et
771 1017 1082 1054 consolationem
1101 1018 1306 1055 internam.

286 1080 379 1114 Ecce
398 1078 592 1115 hereditas
612 1079 834 1122 retinenda,
855 1079 1059 1127 acquisitio
1079 1080 1309 1126 detinenda,

286 1139 476 1177 desolatio
496 1141 736 1186 sustinenda,
755 1142 970 1178 consolatio
992 1142 1220 1180 obtinenda.

613 1246 802 1282 Artt'culus
826 1250 977 1293 primus.

335 1329 505 1364 Primum
526 1338 620 1374 ergo
640 1329 917 1376 praesignatur,
941 1341 1030 1367 cum
1057 1333 1279 1379 praedicitur
1300 1346 1308 1370 z

287 1392 504 1428 Hereditate.
543 1393 625 1427 Haec
660 1393 716 1428 est
752 1391 948 1429 hereditas
984 1394 1212 1440 eruditoria,
1250 1396 1312 1433 vel

287 1453 453 1490 eruditio
484 1453 720 1490 hereditaria
749 1467 756 1490 :
790 1465 877 1491 ecce
908 1455 1102 1492 hereditas
1135 1458 1311 1504 optima,

287 1526 367 1563 qua
387 1515 530 1552 ditatur
557 1519 594 1552 et
618 1515 820 1562 dilatatur,
849 1527 928 1553 non
951 1528 1112 1565 corpuS,
1134 1519 1202 1555 sed
1225 1520 1313 1556 ani-

287 1589 373 1623 ma;
406 1588 487 1614 non
525 1577 679 1625 praediis
711 1578 923 1624 lutulentis,
946 1579 1014 1615 scd
1047 1580 1168 1616 radiis
1200 1582 1311 1619 lucu-

287 1641 411 1677 lentis
434 1643 475 1676 Et
494 1643 607 1685 nota,
629 1641 739 1688 quod
766 1641 961 1678 hereditas
989 1643 1152 1690 mystica
1171 1645 1312 1690 tripar-

288 1703 354 1738 tito
375 1702 681 1754 distinguiturin
702 1703 899 1751 Scriptura
921 1717 928 1740 :
963 1704 1016 1741 ibi
1038 1705 1180 1752 legitur
1199 1706 1312 1742 here·-

287 1764 386 1801 ditas
406 1775 560 1800 morum
576 1793 585 1808 ,
607 1764 801 1801 hereditas
826 1766 1099 1812 praemiorum,
1119 1767 1315 1804 hereditas

287 1826 571 1874 suppliciorum
621 1838 628 1862 :
674 1826 802 1874 prima
854 1827 1064 1864 laudabilis
1086 1842 1096 1875 3
1143 1830 1315 1867 secunda

288 1888 580 1934 desiderabilis;
614 1890 721 1925 tertia
753 1889 1004 1926 detestabilis.
1043 1893 1092 1927 De
1125 1891 1252 1938 prima
1273 1893 1312 1929 ¹:

292 1965 308 1983 «
329 1952 412 1987 Haec
439 1953 494 1987 est
520 1951 715 1988 hereditas
745 1962 950 1988 servorum
984 1953 1074 1998 Dei,
1108 1957 1143 1990 et
1169 1954 1316 2000 justitia

289 2023 426 2049 eorum
455 2013 562 2060 apud
587 2024 650 2049 me
667 2041 676 2058 ,
696 2013 789 2050 dicit
808 2015 994 2051 Dominus
1016 2027 1024 2051 ι
1046 2029 1064 2049 »
1088 2026 1175 2053 ecce
1207 2017 1317 2054 here-

288 2076 387 2112 ditas
418 2086 587 2112 morum.
624 2078 674 2113 De
708 2076 881 2113 secunda
908 2076 921 2096 ²
949 2089 956 2113 :
984 2091 1000 2111 α
1029 2078 1314 2126 Quodcumque

287 2138 423 2182 facitis,
444 2149 492 2174 ex
523 2138 655 2175 animo
686 2139 920 2186 operamini,
953 2141 1051 2176 sicut
1079 2141 1258 2185 Domino,
1281 2144 1318 2178 et

288 2212 367 2237 non
386 2201 632 2247 hominibus3
654 2201 815 2238 scientes
826 2230 837 2248 ,
861 2203 969 2249 quod
989 2213 1012 2239 a
1032 2204 1196 2240 Domino
1217 2204 1316 2240 acci-

289 2264 403 2311 pietis
420 2264 717 2300 retributionem
729 2264 982 2301 hereditatis»
1001 2277 1008 2301 :
1023 2276 1110 2302 ecce
1124 2266 1319 2303 hereditas

288 2326 554 2374 praemiorum.
585 2329 634 2363 De
655 2327 765 2363 tertia
785 2328 798 2349 ³
821 2340 829 2363 :
857 2340 872 2360 «
903 2329 985 2364 llaec
1006 2331 1062 2364 est
1080 2340 1170 2376 pars
1189 2329 1317 2366 homi-

289 2388 349 2424 nis
368 2388 478 2436 impii
493 2389 600 2436 apud
621 2391 754 2436 Deum,
774 2393 811 2427 et
829 2390 1025 2428 hereditas
1038 2391 1316 2439 violentorum,

292 2461 409 2498 quam
433 2451 482 2487 ab
503 2451 776 2498 omnipotente
799 2452 1032 2500 suscipient,
1055 2468 1072 2487 n
1097 2457 1170 2491 etc.
1198 2467 1206 2491 :
1229 2465 1318 2492 ecce

291 2512 485 2549 hereditas
504 2513 801 2561 suppliciorum.

605 2620 794 2655 Articulus
819 2621 1004 2656 secundas.

341 2702 562 2738 Secundum
591 2702 834 2748 assignatur,
856 2714 946 2739 cum
967 2703 1126 2741 additur
1148 2716 1155 2740 :
1184 2707 1321 2751 Aequi-

295 2768 364 2801 sv'vz'
386 2767 586 2801 testimonia
608 2769 680 2800 tua.
713 2766 803 2809 Quae
828 2766 1064 2811 testimonia,
1084 2767 1156 2803 nisi
1178 2767 1322 2805 divinae

296 2828 485 2872 veritam,
506 2830 541 2863 et
560 2827 771 2863 voluntatis
791 2828 971 2874 judicia?
992 2830 1075 2865 Haec
1101 2830 1321 2867 testimonia

296 2888 346 2924 ab
367 2888 631 2925 eruditoribus
657 2890 919 2937 accipiuntur,
940 2890 1039 2926 sicut
1065 2891 1322 2928 mercimonia

297 2961 319 2986 a
353 2950 636 2986 mercatoribus
670 2951 937 2998 acquiruntur.
973 2954 1015 2988 Et
1048 2954 1171 2998 nota,
1211 2953 1322 3000 quod

295 3012 436 3059 legitur
450 3012 491 3048 in
511 3012 705 3059 Scriptura
725 3012 928 3059 acquisitio
948 3013 1158 3060 tripartita,
1179 3015 1325 3051 scilicet

295 3074 534 3122 speculativa
551 3101 562 3119 ,
601 3075 753 3119 activa,
793 3076 1105 3112 consummativa
1144 3089 1153 3112 :
1192 3077 1323 3124 prima

294 3137 465 3173 veritatis
480 3150 490 3183 3
529 3135 701 3173 secunda
735 3135 904 3181 virtutis;
944 3137 1055 3173 tertia
1086 3138 1232 3174 salutis.
1272 3140 1323 3174 De

296 3199 423 3246 prima
438 3199 457 3243 ⁸,
473 3211 481 3234 ε
506 3211 523 3231 α
543 3198 706 3245 Acquire
725 3197 989 3245 prudentiam,
1008 3198 1101 3245 quia
1118 3199 1325 3246 pretiosior

298 3264 353 3298 est
383 3264 545 3307 argento
572 3273 580 3296 :
604 3275 620 3294 n
645 3271 732 3297 ecce
762 3259 967 3308 acquisitio
998 3261 1250 3307 speculativa.
1274 3264 1324 3298 Dc

298 3323 471 3359 secunda
501 3322 594 3358 dicit
628 3322 829 3359 Psalmista
859 3322 872 3343 ⁵
906 3334 914 3357 ε
953 3335 970 3356 «
1002 3322 1156 3358 induxit
1186 3333 1253 3359 eos
1283 3323 1324 3359 in

300 3386 471 3420 montem
499 3383 814 3421 sanctificationis
846 3395 949 3431 suae3
980 3386 1181 3430 montem,
1206 3395 1324 3432 quem

344 3470 349 3485 ¹
373 3469 451 3507 Iso„
474 3476 540 3507 le,
567 3470 672 3500 17.—
693 3468 702 3487 ²
722 3467 858 3505 coloss„
882 3476 932 3508 ιιι,
956 3470 1007 3499 24.
1028 3485 1068 3494 -
1090 3470 1101 3486 ³
1121 3468 1194 3509 Jol),
1215 3477 1323 3507 xxvii,

303 3518 350 3547 13.
374 3531 415 3539 -
446 3515 456 3533 ³
483 3515 593 3554 Pron„
622 3523 697 3555 xv1,
731 3518 778 3548 td.
803 3533 843 3539 —
873 3516 886 3537 ⁸
917 3515 1007 3548 Psal.
1041 3524 1180 3554 mcxvii,
1209 3518 1260 3548 54.
1285 3533 1324 3540 —

978 246 1252 289 EXPOSlTlO
1284 246 1335 289 IN
1365 247 1713 290 PSALTERIUM.

1383 337 1585 385 acquisivit
1606 337 1766 375 dextera
1785 338 1881 385 ejus.
1909 352 1926 373 »
1951 341 2117 376 Montem
2135 341 2404 380 sanctificatio-

1381 399 1440 435 nis
1459 399 1625 447 acquirit
1640 400 1722 447 ejus
1742 400 1915 446 dextera,
1937 401 2005 448 qui
2028 400 2279 439 eminentiam
2297 414 2406 441 ,sanc-

1381 461 1496 498 titatis
1515 462 1762 509 acquiritper
1775 465 1906 499 sancta
1924 474 2045 510 opera
2062 475 2070 499 ε
2093 474 2180 500 ecee
2204 465 2405 512 acquisitio

1382 524 1520 560 activa.
1550 526 1599 559 De
1624 525 1735 560 tertia
1766 525 1896 572 psallit
1929 525 2119 572 Propheta
2138 527 2150 547 ὓ
2173 537 2180 561 :
2207 540 2223 560 «
2253 526 2406 563 lnhabi-

1382 587 1519 623 tabunt
1544 586 1622 631 ibi,
1643 590 1677 623 et
1704 587 1918 624 hereditate
1943 588 2146 635 acquirent
2175 599 2276 625 eam.
2306 602 2324 624 ›>
2348 589 2407 626 Sic

1381 648 1527 685 faciunt
1542 648 1847 695 contemplativi,
1866 649 1933 696 qui
1951 650 1990 685 in
2006 650 2079 686 hac
2095 650 2409 697 peregrinatione

1382 710 1467 747 solo
1485 720 1650 756 corpore
1672 711 1890 756 constituti,
1916 711 2149 756 cogitatione
2170 715 2205 748 ct
2226 712 2409 749 aviditate

1382 782 1593 819 supernam
1608 772 1802 808 civitatem
1817 771 2048 818 inhabitant,
2064 776 2100 809 ct
2116 773 2284 810 finaliter
2301 773 2410 810 illam

1383 833 1601 870 liereditant
1622 845 1630 870 :
1653 844 1740 870 ecce
1765 834 1969 882 acquisitio
1991 835 2315 872 consummativa.

1720 939 1908 974 Articulus
1931 941 2070 975 tertius.

1430 1022 1597 1058 Tertium
1617 1022 1859 1068 designatur,
1874 1033 1963 1059 cum
1980 1023 2121 1060 dicitur
2141 1036 2149 1060 :
2166 1026 2209 1061 In
2226 1029 2409 1072 aeternum,

1350 1087 1573 1141 ¹tanquam
1610 1084 1650 1120 in
1692 1086 1880 1120 aeternuin
1929 1085 2194 1132 possidenda,
2233 1096 2304 1122 nec
2342 1097 2413 1134 per

1386 1149 1590 1183 externum
1629 1146 1866 1194 supplicium
1902 1147 2164 1195 praecidenda.
2207 1151 2252 1185 At
2286 1159 2413 1194 vero,

1386 1208 1480 1255 quia
1510 1218 1628 1244 nemo
1662 1211 1787 1244 certus
1819 1208 1867 1244 de
1899 1209 2091 1254 crastino,
2113 1210 2264 1246 dicente
2290 1211 2414 1258 Scrip-

1384 1273 1471 1306 tura
1491 1271 1504 1293 ⁷
1527 1282 1534 1306 ε
1571 1272 1657 1306 «Ne
1683 1269 1861 1315 glorieris
1890 1270 1930 1306 in
1964 1271 2196 1316 crastinum,
2229 1272 2415 1318 ignorans

1387 1332 1484 1379 quid
1513 1334 1797 1379 superventura
1826 1331 1952 1378 pariat
1981 1332 2084 1376 dies;
2105 1345 2123 1366 η
2155 1333 2302 1369 idcirco
2327 1344 2415 1370 ver-

1387 1394 1484 1431 bum
1505 1394 1608 1430 istud
1629 1394 1828 1441 Prophetae
1858 1405 1938 1430 non
1962 1394 2115 1431 videtur
2141 1395 2416 1442 accipiendum

1388 1457 1588 1501 absolute,
1617 1456 1686 1492 sed
1718 1456 1995 1493 conditionate.
2029 1459 2070 1493 Et
2101 1459 2194 1493 nota
2224 1457 2416 1505 triplicem

1388 1519 1657 1557 conditionem
1683 1519 1786 1555 circa
1814 1519 2043 1566 prrslictam
2071 1519 2334 1565 locutionem,
2358 1522 2417 1556 ut-

1387 1584 1478 1628 pote
1524 1581 1688 1618 Domino
1726 1582 1986 1628 praesidente,
2024 1582 2190 1619 Domino
2231 1585 2416 1629 regente,

1391 1644 1554 1681 Domino
1585 1645 1828 1691 adjuvante:
1862 1645 2015 1681 Domini
2036 1645 2183 1693 quippe
2214 1648 2268 1682 est
2296 1645 2418 1682 servis

1388 1706 1596 1753 praesidere
1625 1717 1694 1753 per
1722 1706 1960 1753 potentiam,
1989 1717 2122 1753 regere
2150 1717 2220 1754 per
2246 1707 2418 1754 pruden-

1389 1768 1497 1814 tiam,
1537 1769 1725 1815 adjuvare
1759 1780 1828 1816 per
1862 1769 2040 1815 gratiam.
2083 1770 2208 1806 Prima
2245 1770 2417 1807 conditio

1390 1833 1546 1867 notatur
1575 1841 1646 1878 per
1671 1831 1909 1866 Psalmistam
1942 1831 2136 1867 dicentem
2156 1832 2169 1853 ⁸
2193 1844 2203 1867 .·
2228 1832 2421 1869 «Sedebit

1392 1893 1577 1929 Dominus
1606 1904 1673 1928 rex
1707 1893 1747 1928 in
1779 1896 1965 1929 {eternum
1996 1906 2005 1930 ε
2035 1907 2052 1928 »
2089 1903 2177 1931 ecce
2206 1894 2420 1941 potentiam

1389 1955 1644 2002 praesidentis.
1672 1955 1854 1991 Secunda
1892 1955 2064 1992 conditio
2095 1959 2326 1993 connotatur
2350 1967 2421 2004 per

1393 2017 1625 2065 l’rophetam
1647 2017 1882 2065 psallentem
1901 2018 1914 2039 ⁹
1935 2029 1943 2053 :
1970 2030 1987 2051 «
2013 2017 2079 2054 Hic
2099 2019 2156 2054 est
2175 2020 2271 2055 Deus
2290 2020 2423 2055 noster

1393 2080 1431 2116 in
1451 2083 1638 2116 aeternum
1652 2107 1662 2125 ,
1684 2081 1720 2116 et
1740 2079 1779 2115 in
1808 2080 1995 2116 saeculum
2019 2080 2151 2116 saeculi
2173 2092 2181 2116 :
2204 2080 2287 2127 ipse
2314 2083 2423 2127 reget

1392 2152 1465 2179 nos
1492 2142 1532 2178 in
1569 2141 1710 2178 saecula
1746 2155 1753 2178 :
1787 2155 1804 2176 >³
1837 2152 1925 2178 ecce
1958 2142 2209 2189 prudentiam
2239 2142 2419 2189 regentis.

1392 2204 1516 2240 Tertia
1548 2214 1642 2240 vero
1680 2203 1853 2240 conditio
1893 2204 2102 2240 denotatur
2138 2214 2209 2251 per
2245 2204 2421 2241 Psalmo-

1394 2266 1589 2312 graphum
1621 2265 1675 2302 sic
1704 2265 1937 2302 scribentem
1959 2265 2014 2301 ¹⁰:
2055 2279 2071 2298 «
2100 2261 2255 2313 Sperate
2286 2266 2326 2302 in
2354 2277 2422 2311 eo,

1395 2328 1522 2364 omnis
1542 2327 1793 2373 congregatio
1813 2327 1974 2375 populi,
1993 2327 2181 2364 effundite
2203 2338 2336 2364 coram
2353 2327 2422 2364 illo

1395 2390 1515 2426 corda
1545 2391 1674 2426 vestra
1705 2402 1712 2425 :
1751 2392 1850 2426 Deus
1880 2389 2038 2435 adjutor
2072 2392 2204 2426 noster
2239 2390 2280 2426 in
2315 2392 2423 2427 aeter-

1395 2462 1491 2489 num
1510 2464 1518 2488 :
1542 2466 1560 2487 »
1584 2462 1674 2489 ecce
1695 2451 1861 2498 gratiam
1878 2451 2115 2498 adjuvantis.

1722 2556 1912 2592 Articulus
1935 2557 2099 2602 quartus.

1443 2642 1630 2685 Quartum
1644 2638 1911 2685 consignatur,
1933 2649 2022 2674 cum
2042 2638 2141 2675 ratio
2161 2638 2422 2686 subrogatur:

1399 2705 1491 2746 Quia
1521 2704 1696 2738 exultatio
1734 2702 1851 2737 cordis
1885 2703 1955 2737 mei
1991 2704 2087 2737 sunt.
2128 2701 2266 2737 Procul
2300 2701 2424 2738 dubio

1398 2765 1676 2802 mandatorum
1714 2763 1980 2804 conservatio.
2013 2765 2069 2799 est
2104 2764 2425 2800 conservatorum

1398 2827 1597 2864 exultatio.
1628 2826 1702 2862 Sed
1731 2825 1968 2871 notandum,
1992 2825 2102 2872 quod
2127 2824 2265 2872 triplex
2286 2825 2426 2871 legitur

1399 2889 1584 2926 exultatio
1622 2899 1694 2936 pro
1726 2888 1922 2924 mandatis
1955 2887 2185 2924 certantium
2224 2900 2231 2922 ε
2270 2887 2423 2935 prima,

1400 2955 1595 2988 certamen
1643 2950 1894 2987 subeuntium
1921 2963 1930 2996 ;
1983 2949 2153 2985 secunda
2169 2977 2180 2995 ,
2230 2951 2426 2986 certamen

1400 3015 1624 3051 exeuntium
1640 3027 1650 3060 3
1683 3013 1793 3050 tertia
1808 3040 1819 3058 ,
1839 3014 1927 3060 post
1948 3014 2144 3048 certamen
2163 3011 2424 3049 redeuntium.

1400 3076 1587 3113 Exultatio
1614 3075 1743 3123 prima
1769 3077 1824 3111 est
1842 3074 2044 3111 laboriosa
2057 3086 2067 3120 3
2090 3073 2281 3119 secunda,
2303 3073 2426 3110 victo-

1400 3138 1524 3183 riosa3
1544 3137 1667 3183 tertia,
1690 3136 1876 3182 gloriosa.
1899 3137 1948 3172 De
1963 3135 2092 3183 prima
2110 3146 2180 3183 per
2193 3135 2427 3182 prophetam

1399 3200 1577 3247 psallitur
1596 3200 1621 3222 ¹¹
1645 3211 1654 3235 :
1681 3211 1697 3232 «
1717 3197 1958 3235 Exultatione
1978 3197 2096 3234 colles
2116 3197 2378 3244 accingentur.
2404 3209 2423 3229 ι»

1401 3261 1462 3298 Isti
1491 3261 1611 3298 colles
1637 3262 1727 3296 sunt
1751 3260 1824 3296 viri
1857 3259 2062 3296 virtutihus
2089 3259 2324 3302 eminentes,
2358 3257 2426 3304 qui

1401 3324 1618 3360 exultanter
1639 3325 1835 3360 certamen
1856 3320 2152 3367 aggrediuntur.
2174 3322 2224 3356 De
2254 3319 2427 3357 secunda

1403 3424 1413 3438 ⁰
1436 3422 1523 3453 Psal.
1548 3430 1672 3458 Lxxui,
1705 3423 1756 3452 36.
1782 3437 1821 3441 —
1857 3419 1864 3435 '‘
1898 3419 2004 3455 Prota,
2030 3425 2142 3456 x:-.v11,
2171 3421 2195 3448 t.
2229 3434 2265 3439 —
2293 3417 2306 3439 8
2339 3417 2425 3450 Psal.

1403 3477 1522 3506 xxviii,
1547 3472 1595 3501 10.
1617 3486 1655 3492 —
1677 3470 1688 3487 ⁹
1709 3466 1798 3499 Psal.
1821 3472 1927 3503 nvn,
1951 3466 2001 3496 15.
2022 3481 2062 3487 -
2089 3465 2110 3483 ¹·
2130 3464 2220 3495 Psal.
2241 3472 2309 3504 nu,
2335 3467 2364 3497 9,
2389 3482 2427 3488 -

1405 3517 1428 3537 ¹¹
1449 3516 1539 3548 Psal.
1562 3523 1657 3555 Lx1V,
1682 3517 1734 3547 13.
