2633 3878
295 278 372 315 61⁶2

302 379 319 400 α
341 358 582 401 Consilium,
604 357 642 393 et
664 353 854 401 linguam
871 382 880 398 ,
909 353 945 388 et
970 349 1130 391 oculos,
1163 350 1200 385 et
1236 358 1315 385 au-

295 444 361 472 res
380 432 420 469 et
444 439 514 468 cor
545 425 656 465 dedit
675 423 756 462 illis
785 419 1052 470 excogitandi
1073 433 1081 462 ;
1106 433 1123 454 »
1151 428 1234 456 non
1264 415 1316 455 ad

293 498 643 554 perveniendum,
675 493 786 533 unde
809 491 946 531 subdit
975 504 981 528 :
1011 493 1028 530 I
1039 492 1063 530 't
1089 499 1173 529 ‘non
1195 489 1313 528 inve-

292 574 387 614 m'at
403 571 520 612 homo
539 576 643 618 opus
669 562 776 616 quod
798 566 991 613 operatus
1019 563 1079 601 cst
1114 560 1240 607 Dens,
1275 556 1316 596 id

292 646 369 691 est,
385 644 433 682 ut
451 651 537 680 non
558 637 697 677 veniat
712 634 762 673 ad
778 633 998 685 perfectam
1013 629 1313 680 cognitionem,

291 716 331 754 et
352 712 431 752 hoc
450 712 618 763 propter
647 704 950 746 dubitationem
973 715 982 740 :
1005 700 1066 741 Ab
1087 700 1214 740 initio
1243 709 1313 739 us-

292 795 368 837 quc
384 784 431 824 in
451 782 590 832 finem,
607 777 759 817 scilicet.
780 774 878 813 vitae
898 783 1000 812 suae.
1023 771 1034 792 ¹
1059 785 1077 807 α
1107 768 1316 809 Memento

291 853 404 907 quod
433 852 605 903 ignores
639 858 744 900 opus
779 845 887 896 ejus,
920 843 970 883 de
989 854 1074 895 quo
1110 852 1316 892 cognove-

290 927 392 965 runt
422 921 518 962 viri.
541 935 561 957 n
598 918 648 960 Et
666 919 680 939 ²
702 928 712 956 :
740 913 960 955 «Intellexi
979 945 987 963 ,
1009 912 1119 965 quod
1139 922 1315 962 operum

291 995 361 1035 Dei
381 993 542 1033 nullam
564 1000 728 1043 possem
753 985 944 1026 invenire
966 982 1187 1023 rationem.
1211 995 1229 1017 n

343 1065 398 1106 Et
419 1062 595 1115 coqnove'
605 1093 613 1103 ,
648 1062 726 1098 etc..
753 1056 826 1096 Hic
847 1053 1029 1094 seeundo
1051 1050 1318 1091 commendat

291 1137 538 1188 praesentem
553 1130 826 1180 voluptatem,
842 1127 882 1165 et
896 1123 974 1163 hoc
985 1122 1034 1162 ad
1046 1121 1316 1173 arguendum

291 1205 596 1250 curiositatem3
621 1199 735 1240 unde
755 1197 852 1236 dicit
876 1208 885 1235 :
908 1195 961 1236 Et
987 1193 1183 1245 coqnovz‘,
1207 1190 1322 1244 quod

290 1287 375 1319 non
398 1278 516 1324 esset,
539 1269 704 1324 supple,
736 1268 780 1307 in
800 1266 867 1306 his
896 1264 1017 1304 bonis
1050 1262 1314 1312 transitoriis,

292 1347 442 1388 melius
456 1344 547 1385 nisi
558 1341 708 1388 lectari,
728 1342 763 1379 et
785 1338 918 1387 facere
932 1335 1039 1376 bona
1055 1334 1103 1374 in
1116 1334 1208 1374 vita
1220 1343 1315 1382 sua,

291 1417 443 1458 scilicet
464 1413 595 1455 laetari
615 1411 660 1451 in
677 1408 817 1456 corde,
839 1407 973 1446 facere
986 1405 1097 1444 bona
1110 1404 1152 1442 in
1167 1414 1293 1455 opere
1304 1416 1313 1451 ;

291 1487 359 1528 vel
381 1485 514 1527 laetari
544 1484 589 1523 in
608 1479 786 1521 fruendo
807 1477 845 1516 ³:
875 1492 895 1514 (ι
913 1475 1077 1527 Ubique
1100 1473 1315 1525 relinqua-

292 1571 388 1599 mus
408 1552 700 1608 signalaetitiae
715 1551 888 1596 nostrae3
911 1560 929 1583 >³
955 1546 1088 1585 facere
1108 1544 1233 1593 bona,
1251 1543 1318 1582 (10-

291 1627 498 1670 lectabilia
528 1621 740 1677 operando
758 1620 772 1640 ¹·
796 1633 804 1659 :
833 1633 853 1657 <1
872 1617 1027 1658 Anima
1057 1626 1164 1664 mea,
1186 1613 1318 1654 habes

292 1699 424 1739 multa
448 1698 556 1737 bona
589 1693 721 1746 posita
748 1691 792 1730 in
821 1699 955 1728 annos
986 1684 1216 1738 plurimos;
1258 1695 1318 1723 re-

293 1770 476 1822 quiesce,
499 1763 684 1812 comede,
705 1761 815 1809 bibe,
833 1757 1017 1810 epulare.
1042 1770 1060 1792 »
1086 1754 1203 1794 Unde
1216 1755 1315 1794 sub-

294 1841 353 1881 dit
385 1839 615 1884 rationem,
646 1833 786 1873 dicens
819 1832 874 1879 (v.
903 1828 964 1879 213)
1001 1841 1009 1867 :
1036 1826 1181 1867 Omnis
1206 1827 1318 1866 enim

294 1910 413 1951 homo
431 1908 507 1959 qm·
522 1902 722 1952 comedit,
746 1905 781 1942 et
808 1899 924 1947 bibit,
945 1896 1062 1938 ridet
1095 1896 1246 1937 bonum
1267 1895 1318 1935 de

295 1980 430 2021 labore
449 1987 538 2028 suo,
567 1974 667 2027 quia
687 1971 842 2012 scilicet
861 1968 1005 2008 statim
1034 1966 1161 2006 habet
1180 1977 1320 2004 remu-

294 2049 578 2095 nerationem;
595 2043 707 2085 unde
725 2041 823 2082 dicit
845 2055 852 2079 ε
881 2040 941 2081 Et
960 2038 1032 2079 1100
1059 2036 1217 2078 donum
1243 2036 1320 2076 Dei

295 2126 369 2164 est.
389 2122 402 2143 ⁵
425 2136 444 2158 α
464 2117 587 2159 Omni
613 2112 796 2162 homini,
831 2110 895 2151 cui
927 2109 1035 2149 Deus
1066 2107 1178 2148 dedit
1210 2106 1317 2146 divi-

295 2194 389 2242 tias,
411 2194 452 2230 et
469 2189 714 2242 potestatem
743 2182 803 2222 illi
826 2179 973 2221 tribuit
992 2181 1040 2218 ut
1060 2177 1250 2218 comedat
1268 2189 1321 2216 ex

296 2263 369 2312 eis,
391 2261 550 2301 donum
582 2255 654 2296 Dei
681 2256 792 2294 051.»
834 2251 979 2291 Glossa
1004 2248 1175 2300 exponit
1196 2247 1318 2299 spiri-

297 2331 465 2372 tualiter
486 2342 496 2368 :
520 2329 573 2369 Et
592 2324 782 2377 coqnovi,
803 2319 1013 2373 quodnam
1032 2321 1137 2359 esset
1155 2318 1319 2366 melius,

298 2403 337 2443 id
357 2404 434 2451 est,
470 2398 634 2446 utilius,
669 2394 759 2435 nisi
793 2390 954 2439 loetarz‘,
996 2387 1148 2427 scilieet
1178 2386 1323 2426 laetitia

299 2472 467 2513 mentis.
490 2470 503 2490 ⁵
527 2483 547 2505 «
565 2466 665 2507 Haec
688 2466 747 2504 est
768 2463 856 2503 vita
875 2459 1077 2507 hominis,
1101 2460 1141 2498 et
1159 2457 1325 2497 thesau-

298 2555 371 2584 rus
399 2541 487 2581 sine
518 2536 745 2578 desectione
781 2529 1024 2572 sanctitatis,
1047 2542 1065 2565 ›>
1101 2529 1161 2568 Ec
1187 2528 1323 2578 facere

301 2615 408 2656 bona
428 2613 477 2653 in
499 2610 592 2652 vita
618 2617 721 2655 sua,
756 2602 907 2644 scilicet
934 2612 1062 2652 opera
1093 2598 1322 2639 meritoria.

299 2685 312 2704 ⁷
328 2699 347 2722 α
371 2683 515 2734 Itaque
535 2679 638 2719 dum
663 2680 832 2727 tempus
852 2671 1080 2720 habemus,
1099 2680 1325 2721 operemur

302 2757 463 2796 honum
483 2750 534 2791 ad
551 2759 712 2789 omnes.
738 2745 883 2786 Omnis
904 2742 1015 2783 enim
1034 2740 1150 2782 homo
1171 2739 1248 2791 qui
1266 2748 1328 2780 co-

305 2825 436 2866 medit
464 2827 501 2865 et
526 2821 652 2870 bibit,
676 2815 843 2869 supple,
872 2815 922 2853 de
950 2811 1168 2863 Scriptura
1188 2821 1328 2850 come-

303 2896 362 2936 dit
381 2893 579 2940 disticilia,
598 2893 638 2930 et
658 2887 763 2928 bibit
781 2884 930 2925 facilia.
950 2883 965 2907 ⁸
992 2897 1011 2920 α
1026 2880 1189 2930 Venite,
1203 2881 1244 2920 et
1264 2890 1328 2919 co-

305 2965 459 3005 medite
478 2972 630 3015 panem
643 2968 803 3005 meum,
823 2958 863 2995 et
881 2953 1012 2993 bibite
1025 2951 1189 3000 vinum,
1215 2949 1328 3002 quod

304 3035 450 3077 miscui
473 3031 608 3072 vobis.
635 3043 654 3065 n
683 3028 729 3068 Εί
749 3026 822 3066 hoc
845 3023 1002 3064 donum
1033 3021 1107 3061 Dei
1127 3023 1209 3070 est,·
1228 3018 1329 3071 quia

304 3106 458 3147 50111001
477 3102 792 3153 Scripturarum
817 3092 1053 3133 intellectus
1081 3102 1105 3130 a
1139 3089 1221 3129 Deo
1253 3089 1328 3129 do-

304 3181 429 3217 natur
448 3177 491 3213 ⁹:
520 3187 538 3210 <‹
558 3171 651 3212 'Non
670 3166 782 3221 quod
811 3162 1064 3204 sufficientes
1094 3159 1229 3199 simus
1257 3170 1325 3199 co-

305 3248 439 3299 gitare
460 3241 617 3296 aliquid
634 3251 687 3279 ex
705 3236 848 3284 nobis,
871 3230 990 3285 quasi
1026 3242 1052 3269 a
1081 3229 1226 3277 nobis;
1256 3229 1327 3269 sed

305 3314 553 3358 sufficientia
571 3312 717 3352 nostra
747 3318 801 3347 ex
829 3304 910 3345 Deo
934 3303 1010 3342 est.
1030 3315 1047 3337 1)

350 3448 359 3467 ¹
385 3444 456 3484 Joh,
476 3449 594 3478 xxxx-1,
616 3440 667 3471 24.
690 3456 730 3462 —
750 3437 760 3455 ²
782 3433 888 3472 Infra,
908 3439 991 3471 vui,
1014 3431 1063 3461 17.
1083 3445 1122 3452 -
1142 3427 1156 3450 ³
1172 3427 1264 3468 Sap„
1290 3435 1327 3480 ¹.¹²

305 3499 335 3527 9.
355 3510 396 3517 -
422 3492 436 3512 ¹·
455 3491 544 3528 Luc„
564 3497 635 3527 xu,
664 3487 711 3517 1‘0.
736 3501 776 3507 —
803 3485 814 3501 ⁵
844 3480 950 3519 Infra,
976 3485 1007 3517 ν,
1036 3478 1084 3508 18.
1109 3493 1142 3498 ——
1172 3475 1185 3496 ⁶
1208 3474 1328 3515 Ecclz„

305 3547 393 3580 xxx,
424 3540 476 3569 23.
506 3553 546 3559 —
576 3535 589 3555 '¹
617 3532 707 3569 Gal„
738 3537 790 3569 vi,
821 3530 869 3560 10.
898 3543 936 3549 -
966 3525 980 3546 ⁸
1011 3527 1117 3559 Prov„
1150 3529 1206 3560 1x‚
1237 3523 1267 3552 5.
1288 3537 1328 3544 —

968 259 1237 300 EXPOSITIO
1269 255 1320 297 IN
1351 253 1750 296 ECCLESIASTEN.

1450 347 1508 383 lsi.
1532 345 1689 394 De'rlici,
1713 342 1827 395 quod
1841 341 1986 383 omnia
1998 337 2336 392 opera.Ostendit
2347 351 2412 380 su-

1388 426 1465 466 pra
1483 427 1660 467 operum
1690 411 2033 462 mutabilitatem,
2064 413 2105 451 01
2132 411 2302 463 propter
2334 408 2412 450 hoc

1389 485 1655 536 reprehendit
1672 484 1896 524 hominum
1920 482 2224 530 curiositatem3
2246 479 2316 519 1110
2333 481 2413 519 ter-

1388 555 1447 594 tio
1467 555 1644 594 ostendit
1663 554 1906 595 divinorum
1937 565 2112 605 operum
2138 549 2415 591 immutabili-

1389 627 1531 674 tatem,
1554 626 1654 677 quia
1674 637 1801 677 supra
1821 624 2057 664 ostenderat
2070 621 2407 664 variabilitatem.

1388 695 1493 734 Dicit
1512 707 1618 746 ergo
1641 709 1648 734 :
1675 694 1843 745 Dz'clicz‘,
1863 693 1976 746 quod
1997 694 2141 735 omnia
2158 703 2296 744 opera,
2321 702 2415 744 quoe

1387 766 1489 816 feci!
1510 765 1641 814 Deus,
1674 768 1945 817 perseverant
1974 765 2023 806 in
2056 768 2274 805 (eternum.
2312 761 2415 802 Ecce

1387 834 1658 887 perpetuitas,
1694 837 1865 887 propter
1886 847 2016 888 quam
2044 837 2187 875 nostra
2222 832 2414 874 conside-

1388 905 1496 945 ratio
1533 905 1636 945 111111]
1678 908 1813 958 potest
1849 905 2097 954 immutare;
2138 904 2250 945 unde
2283 903 2410 944 dicit:

1388 976 1483 1017 Non
1498 986 1722 1027 possumus
1738 977 1798 1018 eis
1811 975 2046 1028 quidquam
2062 974 2233 1025 addere,
2257 974 2322 1016 vel
2337 985 2414 1016 au-

1390 1046 1508 1096 ferre,
1531 1057 1624 1099 quoe
1650 1047 1751 1097 fecit
1772 1047 1900 1096 Deus,
1927 1050 1975 1088 ut
2002 1047 2204 1088 timeatur
2236 1059 2244 1084 :
2286 1046 2327 1084 et
2359 1044 2418 1084 ita

1389 1128 1475 1156 non
1495 1119 1595 1157 sunt
1616 1117 1657 1156 in
1679 1119 1882 1168 potestate
1903 1118 2062 1156 nostra.
2083 1115 2112 1140 ¹⁰
2135 1130 2154 1154 «
2173 1114 2266 1156 Non
2289 1114 2418 1155 addas

1389 1187 1622 1238 quidquam
1645 1187 1787 1227 verbis
1807 1187 1914 1237 ejus,
1944 1198 1998 1226 ne
2030 1185 2241 1237 arguaris,
2275 1187 2316 1226 et
2346 1183 2417 1224 in-

1390 1256 1574 1297 veniaris
1603 1257 1788 1297 mendax
1813 1271 1821 1297 :
1843 1270 1863 1294 »
1888 1258 1929 1296 et
1948 1257 2029 1297 1100
2057 1258 2283 1307 monstrat,
2318 1255 2420 1308 quia

1390 1327 1517 1367 etiam
1537 1339 1614 1368 1100
1632 1327 1722 1379 ipse
1742 1326 1850 1367 Deus
1875 1327 2043 1378 minuit,
2062 1339 2140 1367 nec
2151 1326 2288 1377 addit;
2305 1325 2419 1367 unde

1390 1397 1488 1437 dicit
1511 1398 1565 1449 (v.
1598 1397 1660 1449 115)
1686 1411 1696 1437 z
1722 1396 1839 1443 Quod
1860 1397 2021 1447 factum
2040 1400 2121 1445 est,
2155 1397 2297 1449 ipsum
2321 1406 2420 1448 per-

1391 1473 1556 1511 manet:
1572 1481 1658 1509 non
1679 1468 1804 1508 etiam
1837 1467 1972 1517 addit;
1995 1467 2107 1508 unde
2141 1467 2265 1507 infert
2287 1481 2296 1508 :
2321 1468 2420 1516 Quoe

1389 1541 1541 1591 fictura
1559 1543 1673 1590 sunt,
1689 1539 1783 1591 Jam
1805 1540 1998 1590 fuerunt,
2022 1539 2124 1592 quia
2143 1538 2296 1579 similia
2316 1549 2420 1591 prae-

1391 1614 1605 1651 cesserunt
1617 1626 1625 1661 3
1637 1611 1750 1651 unde
1760 1610 1922 1651 etdieit:
1936 1611 2050 1652 Deus
2063 1611 2298 1661 instaurat,
2308 1608 2421 1663 quod

1392 1681 1519 1731 abiit,
1542 1681 1642 1733 quia
1670 1680 1695 1703 ¹¹
1731 1681 1892 1721 «unius
1919 1680 2131 1733 corruptio
2161 1683 2224 1721 est
2248 1680 2420 1721 alterius

1393 1751 1625 1803 generatio.
1649 1764 1668 1787 ›)
1697 1751 1723 1772 ¹²
1747 1750 1894 1791 «Nihil
1912 1763 2072 1791 novum
2093 1751 2171 1791 sub
2202 1751 2309 1802 sole,
2343 1763 2420 1792 1100

1391 1821 1503 1861 valet
1518 1821 1742 1873 quisquam
1755 1821 1891 1860 dicere
1907 1835 1915 1860 :
1933 1820 2020 1860 Hoc
2033 1832 2175 1861 recens
2186 1823 2262 1861 est.
2276 1821 2357 1859 »¹³«
2372 1821 2422 1861 Et

1392 1892 1600 1945 requievit
1631 1891 1757 1941 Deus,
1774 1906 1792 1928 n
1826 1891 1867 1931 id
1891 1894 1952 1931 est
1972 1893 2167 1942 cessavit,
2190 1891 2422 1933 secundum

1393 1962 1677 2011 Bernardum,
1698 1962 1834 2002 facere
1861 1974 2017 2002 novam
2046 1963 2282 2003 creaturam
2318 1976 2338 2001 t(
2356 1962 2422 2003 die

1393 2033 1583 2084 septimo.
1606 2046 1625 2069 ))

1449 2102 1596 2142 incidit
1622 2101 1690 2142 hic
1710 2102 1911 2155 quaestio,
1941 2114 2038 2142 cum
2069 2102 2257 2144 intendat
2283 2103 2419 2144 deter-
2442 2118 2570 2153 Quaestio

1394 2173 1558 2214 minare
1608 2173 1899 2213 mutabilitatis
1944 2173 2197 2225 vanitatem,
2237 2175 2286 2214 ut
2321 2173 2423 2227 quid

1395 2243 1647 2283 determinat
1659 2243 1727 2283 hic
1743 2244 2062 2296 perpetuitatem
2077 2245 2096 2283 ⁴?
2118 2244 2286 2285 videtur
2304 2246 2424 2285 extra

1397 2326 1523 2354 suum
1556 2314 1833 2366 propositum.
1864 2314 1967 2354 Item
1998 2315 2047 2354 de
2076 2314 2168 2366 ipsa
2197 2314 2418 2367 quaeritur,

1397 2385 1498 2436 quia
1519 2385 1646 2424 dicit:
1675 2384 1834 2436 Opera,
1866 2395 1958 2437 quoe
1979 2385 2081 2435 fecit
2105 2386 2242 2436 Deus,
2281 2396 2421 2438 persea

1398 2458 1546 2497 verant
1575 2456 1624 2497 in
1667 2459 1887 2497 aeternum.
1926 2454 2005 2495 Sed
2040 2455 2156 2495 nulla
2192 2455 2424 2508 corporalia

1397 2528 1671 2578 perseverant
1686 2526 1730 2565 in
1753 2528 1961 2566 aeternum
1983 2539 1990 2565 :
2015 2537 2118 2578 ergo
2138 2525 2256 2566 nulla
2274 2537 2421 2579 corpo-

1398 2595 1503 2636 ralia
1526 2596 1620 2636 fecit
1650 2596 1759 2636 Deus
1783 2609 1791 2636 :
1814 2607 1918 2648 ergo
1950 2595 2057 2636 redit
2094 2596 2172 2636 1100
2203 2596 2256 2636 ad
2284 2596 2422 2638 113010-

1400 2666 1479 2705 5101
1500 2665 1741 2716 Manichaei,
1778 2666 1851 2718 qui
1885 2666 1992 2706 dixit
2023 2666 2311 2719 corruptibilia
2339 2678 2425 2708 non

1401 2748 1488 2776 esse
1506 2739 1644 2776 creata
1665 2736 1814 2776 abono
1833 2735 1931 2776 Deo.
1958 2735 2060 2776 Item
2089 2736 2280 2786 videtur,
2313 2736 2426 2790 quod

1400 2806 1488 2858 ipse
1509 2806 1764 2846 contradicat
1785 2806 1878 2856 sibi,
1901 2806 2005 2859 quia
2036 2806 2178 2846 statim
2199 2806 2391 2859 sequitur
2413 2821 2423 2848 ε

1401 2877 1513 2917 Deus
1549 2877 1793 2926 instaurat,
1824 2876 1937 2928 quod
1969 2876 2078 2918 abiit
2097 2887 2236 2928 :ergo
2266 2876 2428 2930 aliquid

1402 2946 1452 2986 (10
1472 2946 1668 2998 operibus
1696 2946 1767 2987 Dei
1799 2947 2102 2999 corrumpitur,
2131 2950 2172 2988 et
2188 2947 2424 2988 instaurat:

1402 3015 1555 3056 falsum
1575 3016 1711 3068 igitur
1729 3016 1846 3066 dicit,
1868 3028 1966 3057 cum
1985 3017 2108 3058 dicit:
2132 3017 2287 3060 Omnia
2301 3028 2428 3071 opera

1402 3087 1482 3128 Dei
1492 3090 1760 3140 perseveram
1779 3088 1829 3128 in
1843 3092 2063 3129 aeternum.
2095 3087 2176 3129 Sed
2202 3089 2314 3142 quod
2333 3101 2425 3130 om-

1403 3158 1473 3197 nia
1501 3170 1629 3210 opera
1648 3157 1719 3198 Dei
1746 3158 1829 3197 sint
1857 3158 2209 3211 incorruptibilia,
2241 3161 2290 3200 ut
2329 3159 2428 3200 dicit

1403 3227 1448 3267 in
1469 3228 1619 3277 littera,
1640 3228 1806 3270 videtur
1819 3229 1932 3282 quod
1946 3241 2072 3270 causa
2084 3232 2125 3270 et
2137 3230 2310 3271 effectus
2327 3231 2428 3270 sunt

1403 3299 1763 3350 proportionalia:
1795 3311 1902 3351 ergo
1933 3311 2071 3341 causae
2100 3299 2428 3352 incorruptibilis

1402 3429 1414 3447 ⁹
1437 3430 1460 3460 ΙΙ
1485 3429 1575 3469 Cor„
1598 3437 1658 3470 111,
1678 3431 1708 3461 5.
1733 3446 1771 3453 —
1794 3430 1817 3449 ¹⁰
1842 3432 1950 3471 prov„
1973 3437 2062 3469 xxx,
2082 3430 2113 3461 6.
2137 3445 2179 3452 —
2204 3429 2229 3452 ¹¹
2255 3429 2369 3472 Arist„
2389 3429 2429 3464 de

1405 3475 1572 3516 Generat„
1587 3476 1646 3513 lib,
1668 3477 1693 3517 l,
1715 3479 1799 3508 text.
1818 3478 1918 3508 17.-
1937 3477 1962 3498 ¹²
1982 3478 2102 3517 Supra,
2122 3479 2150 3517 1,
2170 3479 2267 3510 1o.—
2287 3479 2312 3501 ¹³
2332 3478 2426 3519 Gen„

1403 3529 1446 3562 1¹,
1467 3525 1497 3554 2.
