2633 3878
214 254 239 291 4
841 234 1147 281 PRINCIPIUM
1175 232 1360 276 SACRAE
1387 232 1708 278 SCRIPTURAE.

214 341 256 380 et
283 347 370 378 non
394 334 548 383 aliena,
578 331 631 372 sit
658 330 784 371 etiam
812 327 970 370 virtute
989 337 1081 367 sua.
1104 324 1234 377 Prop-

213 412 328 451 terea
359 401 694 459 frequentissime
721 400 766 442 in
795 398 1033 451 Scriptura,
1056 395 1109 437 ad
1137 394 1238 436 insi—

213 480 428 523 nuandam
458 476 527 517 Dei
550 474 825 528 primitatcm,
849 471 1002 512 dicitur
1024 472 1034 493 ¹
1054 483 1063 509 :
1091 483 1109 506 c<
1129 467 1239 508 Deus

215 553 414 600 deornm,
454 560 531 589 rex
564 559 740 599 regum,
785 543 985 584 Dominus
1016 539 1237 581 dominan-

215 625 336 664 tium.
363 636 381 659 1)
404 619 583 660 Includit
610 618 738 659 etiam
767 626 921 655 nomen
950 612 1019 652 Dei
1042 623 1128 652 non
1149 613 1240 650 tan-

214 699 305 736 tum
344 693 600 746 priinitatein
638 684 1054 741 111111110011111111110111,
1087 693 1239 724 verum

215 767 342 807 etiam
370 767 613 817 potestatem
649 761 737 800 sive
765 755 1123 799 univcrsalitatem
1158 753 1239 793 illi-

215 836 461 884 mitabiieni,
482 844 697 887 perquam
719 829 889 870 evidens
909 826 1087 867 efficitur
1106 824 1241 865 invio-

214 909 352 950 labilis
390 907 544 948 divina!
588 902 819 956 maiestatis
860 898 1100 940 auctoritas.
1142 895 1242 937 IIaec

215 984 355 1022 antem
390 977 458 1018 Dei
490 979 671 1030 potestas
700 976 760 1013 est
794 968 1077 1017 illimitabiliS,
1111 969 1152 1008 et
1180 967 1241 1006 in-

216 1049 472 1094 coarctabilis
497 1062 506 1088 z
553 1041 861 1086 incoarctabilis
897 1039 1091 1093 quidem,
1140 1037 1244 1090 quia

215 1122 538 1164 universitatem
567 1121 807 1159 creatorum
828 1111 1028 1161 includit3
1057 1109 1243 1150 1111011111-

214 1193 308 1234 bilis
328 1204 451 1242 vero,
474 1191 572 1244 quia
591 1188 822 1229 terminum
847 1183 1079 1226 durationis
1099 1181 1243 1222 exclu-

215 1264 289 1304 dit.
311 1262 417 1304 Nam
443 1262 487 1301 in
511 1259 668 1302 Jncle'th
695 1257 854 1309 legitur
875 1259 916 1296 ²:
945 1269 963 1293 1(
990 1253 1098 1294 110115
1119 1251 1244 1293 00010-

215 1348 334 1385 11101,
364 1336 532 1376 Creator
566 1341 805 1385 aquarum,
839 1330 879 1367 et
910 1325 1114 1366 Dominus
1150 1324 1246 1365 uni-

215 1418 350 1448 vers-ze
371 1408 592 1452 creaturan,
614 1417 633 1440 n
658 1402 866 1454 quantum
886 1397 938 1437 ad
958 1394 1245 1437 universitatis

216 1478 503 1529 subjectorum
541 1472 834 1513 inclusionem.
872 1467 923 1510 Et
953 1466 998 1506 in
1030 1464 1182 1508 Exodo
1203 1465 1245 1506 ³:

223 1565 241 1589 a
262 1548 463 1590 Dominus
483 1544 681 1597 regnabit
700 1543 745 1582 in
765 1544 987 1589 1010101101,
1010 1540 1051 1578 01
1068 1537 1200 1587 ultra,
1222 1550 1241 1573 »

219 1622 426 1674 quantum
445 1617 497 1658 ad
510 1614 679 1657 termini
694 1610 928 1654 durationis
945 1608 1244 1650 exclusionem.

219 1692 323 1734 Cum
357 1690 471 1732 enim
502 1690 546 1729 in
584 1686 781 1729 omnibus
818 1682 1046 1736 agentibus
1082 1680 1164 1721 hoc
1197 1679 1249 1719 sit

219 1762 514 1804 universaliter
552 1771 724 1808 verum,
767 1755 880 1809 quod
919 1754 1078 1807 quanto
1114 1761 1249 1803 agens

220 1832 445 1887 perfectius
465 1831 591 1871 habet
615 1830 797 1869 formam
817 1837 901 1878 qua
923 1824 1034 1876 agit,
1056 1824 1171 1862 tanto
1192 1821 1251 1873 ip-

227 1918 321 1946 sum
341 1907 401 1945 est
423 1902 631 1956 potentius
650 1901 697 1940 in
717 1897 881 1951 agendo
898 1911 907 1937 :
930 1898 980 1936 ut
999 1896 1159 1948 quanto
1179 1892 1252 1933 ali-

223 1976 325 2030 quid
347 1978 408 2015 est
428 1974 622 2023 calidius,
648 1973 764 2011 tanto
794 1967 1005 2022 potentius
1031 1968 1093 2006 est
1116 1965 1162 2005 in
1187 1976 1253 2004 ca-

222 2047 474 2096 lefaciend03
498 2048 538 2086 et
562 2045 596 2086 si
624 2043 736 2084 calor
769 2042 875 2081 esset
901 2037 1092 2079 infinitus
1120 2036 1166 2076 in
1191 2047 1254 2076 ca-

223 2119 328 2168 lido,
355 2118 529 2158 haberet
553 2115 702 2167 utique
728 2112 910 2153 calidum
936 2108 1166 2163 potentiam
1186 2106 1251 2146 in-

228 2190 391 2230 finitam
424 2188 477 2228 ad
516 2184 864 2233 calefaciendum3
906 2194 959 2222 ex
991 2192 1075 2233 quo
1110 2178 1255 2220 divina

228 2262 422 2311 essentia,
440 2273 514 2314 per
531 2271 660 2313 quam
680 2256 959 2308 intelligimus
972 2253 1088 2294 Dssm
1109 2262 1253 2303 agere,

231 2338 292 2376 est
312 2333 499 2383 infinita,
521 2343 689 2372 necesse
710 2331 770 2369 est
795 2326 1025 2381 potentiam
1052 2335 1140 2364 esse
1160 2322 1254 2362 infi-

231 2407 379 2446 nitam.
403 2406 558 2445 Omnes
583 2399 822 2455 philosophi
847 2396 1133 2438 attribuerunt
1158 2393 1256 2434 infi-

230 2478 366 2518 nitum
388 2475 609 2530 principio,
631 2476 679 2514 ut
698 2471 798 2512 dicit
816 2467 1058 2511 Aristoteles
1077 2466 1105 2506 ⁴.

297 2545 620 2600 Comprehendit
663 2543 786 2583 tertio
837 2534 1260 2591 incomprehensibile

231 2632 387 2662 nomen
413 2618 483 2660 Dei
510 2613 858 2668 inobliquabilem
887 2609 1153 2663 aequitatem,
1186 2618 1260 2659 per

234 2705 361 2747 quarn
401 2690 635 2731 ostenditur
676 2684 905 2727 immobilis
944 2685 985 2723 et
1016 2678 1260 2720 inflexibilis

234 2764 389 2805 divinae
412 2759 672 2802 auctoritatis
694 2756 873 2810 justitia.
897 2754 940 2794 Si
960 2752 1075 2793 enim
1095 2748 1260 2791 formali

233 2834 478 2889 probatione
508 2832 616 2872 Deus
648 2831 710 2870 est
735 2828 890 2869 veritas
918 2836 992 2878 per
1018 2821 1258 2869 essentiam,

233 2909 281 2947 ut
305 2906 351 2945 in
377 2906 534 2947 ,Ioanne
560 2902 711 2943 dicitur
728 2901 766 2941 5:
794 2914 812 2937 «
834 2897 926 2949 Ego
947 2907 1042 2936 sum
1061 2894 1150 2944 via,
1186 2903 1261 2933 ve-

234 2978 335 3019 ritas
356 2980 396 3017 et
415 2976 520 3024 vita,
544 2990 561 3011 »
582 2976 622 3013 et
642 2971 818 3013 nomina
837 2970 880 3009 in
900 2968 1105 3008 abstracto
1127 2976 1262 3004 05500-

235 3049 339 3090 tiam
381 3045 662 3098 significantia
706 3043 843 3083 dicant
886 3036 1261 3092 impossibilitatem

235 3115 535 3170 permixtionis
556 3112 846 3166 oppositorum
866 3123 874 3149 :
898 3106 1005 3148 nihil
1025 3108 1086 3146 est
1107 3116 1261 3144 conve-

236 3188 440 3235 nientius,
462 3198 591 3238 quam
614 3187 662 3224 ut
685 3181 889 3223 rectitudo
913 3179 1069 3220 divinae
1085 3176 1262 3230 justitiae

237 3257 486 3310 reprehendi
506 3268 592 3297 non
622 3254 764 3308 possit.
788 3252 918 3293 Fovet
946 3252 1089 3290 autem
1120 3247 1263 3288 divina

232 3329 397 3381 justitia
415 3331 455 3369 et
483 3326 686 3381 approbat
710 3325 845 3374 bona;
873 3321 982 3364 delet
1005 3322 1046 3361 et
1066 3317 1264 3372 reprobat

280 3461 287 3479 ¹
309 3460 418 3499 Dent„
445 3467 479 3499 x,
508 3460 568 3499 173
592 3460 601 3489 1
626 3459 721 3499 Tim„
747 3465 795 3498 vi,
823 3459 881 3496 153
903 3456 1016 3496 Apoc„
1042 3459 1133 3493 xvn,
1158 3452 1206 3482 14.
1224 3467 1264 3475 —

237 3508 249 3527 ²
266 3507 400 3540 Judith,
423 3514 470 3546 lx,
493 3508 543 3538 17.
559 3506 624 3531 -3
643 3505 762 3546 Εχοά.,
783 3512 840 3545 xv,
865 3506 915 3536 18.
930 3519 970 3527 ——
986 3502 999 3523 ⁴
1015 3500 1130 3539 Arlst.‚
1151 3498 1266 3538 Phys„

235 3555 294 3588 lib.
316 3557 374 3596 lii,
393 3558 477 3588 text.
498 3557 550 3588 25.
570 3572 604 3579 -
627 3556 638 3575 ⁵
657 3556 853 3594 Joan.‚x1v‚
874 3553 903 3583 6.
918 3568 957 3575 -
972 3550 984 3572 θ
1002 3548 1125 3589 Εποιί.,
1143 3554 1265 3585 mxiv,

1313 323 1440 376 mala,
1479 324 1713 366 secundum
1749 324 1863 379 quod
1900 323 2064 378 Moyses
2095 326 2273 367 testatur
2291 328 2333 366 ⁰:

1320 409 1339 433 «
1359 394 1469 436 Deus
1490 407 1670 448 magne,
1697 396 1939 439 misericors
1968 397 2010 438 et
2035 395 2237 449 clemens,
2260 407 2335 450 pa-

1314 465 1422 506 tiens
1447 468 1488 506 et
1512 467 1660 508 multae
1687 467 1967 510 miserationis
1983 499 1994 519 ,
2025 469 2067 508 et
2091 478 2243 518 verax,
2265 466 2339 520 qui

1314 537 1498 578 custodis
1516 537 1846 580 misericordiam
1870 540 1916 580 in
1934 539 2086 589 millia,
2110 537 2182 591 qui
2202 537 2341 578 aufers

1315 607 1597 660 iniquitatem,
1615 612 1656 650 et
1669 609 1838 660 scelera,
1854 612 1980 663 atque
1993 611 2180 663 peccata;
2199 607 2342 648 nullus

1315 680 1428 733 apud
1457 681 1497 721 te
1527 693 1603 734 per
1635 693 1680 722 se
1704 681 1906 723 innocens
1933 683 2009 723 est.
2036 694 2055 719 11
2082 680 2133 722 Et
2160 679 2205 720 in
2234 678 2342 720 libro

1316 751 1555 803 Sapienzioe
1572 752 1613 793 ⁷:
1640 767 1659 792 a
1686 753 1790 794 Cum
1808 754 1951 806 Justus
1969 752 2048 803 515,
2065 752 2181 805 ι111510
2199 749 2343 791 omnia

1316 821 1530 875 disponis,
1562 822 1699 865 virtus
1727 823 1842 865 enim
1868 826 1942 865 tua
1969 823 2146 876 Justitiae
2172 821 2342 863 initium

1317 895 1395 935 est.
1416 908 1435 932 1)
1460 893 1544 935 llas
1568 895 1940 937 excellentissimas
1959 893 2218 936 auctoritatis
2235 904 2344 935 con-

1317 964 1510 1017 ditiones,
1535 965 1611 1007 soli
1629 965 1712 1008 Deo
1731 967 1937 1020 proprias,
1959 966 2170 1007 succincto
2187 966 2227 1006 et
2242 963 2346 1005 sub-

1317 1036 1381 1078 tili
1409 1049 1604 1079 sermone
1627 1038 1918 1092 complectitur
1945 1037 2171 1092 Dionysius
2198 1036 2255 1078 sic
2278 1036 2347 1077 in-

1319 1108 1469 1162 quiens
1489 1111 1529 1149 8:
1558 1124 1577 1148 (ι
1602 1108 1838 1151 Dominatio
1865 1109 1938 1151 Dei
1963 1121 2049 1151 non
2080 1107 2346 1150 subditorum

1319 1180 1566 1221 excellentia
1586 1182 1753 1221 tantum
1775 1181 1860 1232 est,
1883 1179 1956 1221 sed
1982 1180 2193 1222 bonorum
2213 1181 2254 1220 et
2272 1190 2347 1233 op-

1319 1252 1521 1293 timorum
1539 1252 1839 1306 perfectissima
1857 1254 1897 1293 et
1915 1251 2159 1293 omnimoda
2178 1261 2346 1305 posses-

1321 1323 1407 1375 sio,
1429 1336 1532 1365 vera
1557 1326 1598 1365 et
1621 1323 1900 1365 immutabilis
1924 1323 2118 1364 firmitas.
2138 1336 2158 1361 »
2180 1321 2290 1365 Vera
2308 1323 2350 1362 et

1321 1395 1600 1436 immutabilis
1620 1395 1798 1436 firmitas
1818 1395 1964 1448 arguit
1982 1394 2227 1448 aequitatem
2252 1392 2347 1434 ino-

1322 1465 1617 1519 bliquabilem3
1642 1465 1884 1508 omnimoda
1914 1464 2140 1519 possessio,
2169 1463 2349 1506 univer-

1323 1536 1533 1579 salitatem
1560 1537 1879 1588 illimitabilem3
1915 1535 2221 1591 perfectissima
2247 1546 2351 1577 vero

1323 1609 1571 1659 dominatio,
1591 1610 1851 1663 primitatem
1867 1608 2281 1663 imprincipiahilem.
2295 1607 2353 1649 De

1323 1680 1391 1721 his
1411 1680 1720 1722 conditionibus
1740 1681 1904 1735 Moyses
1922 1681 1980 1722 ait
1993 1681 2008 1703 ⁹
2027 1692 2039 1722 :
2063 1695 2083 1719 c<
2101 1679 2166 1721 En
2186 1677 2354 1721 Domini

1324 1750 1398 1792 Dei
1417 1751 1481 1792 tui
1500 1752 1656 1794 coelum
1676 1755 1761 1805 est,
1783 1756 1825 1795 et
1841 1752 1998 1794 coelum
2017 1752 2110 1793 coeli
2122 1766 2132 1803 ;
2154 1753 2292 1801 terra,
2313 1750 2356 1792 et

1326 1825 1469 1866 omnia
1481 1856 1492 1876 ,
1511 1837 1607 1879 quae
1625 1825 1671 1866 in
1689 1837 1739 1867 ea
1760 1828 1883 1867 sunt:
1904 1839 1924 1864 1)
1944 1837 2037 1867 0000
2056 1825 2238 1878 potestas
2255 1821 2352 1864 uni-

1326 1897 1518 1939 versalis.
1546 1913 1565 1938 11
1595 1898 1799 1940 Dominus
1839 1898 1950 1940 Deus
1987 1899 2129 1938 noster
2165 1895 2256 1949 ipse
2292 1895 2355 1935 est

1327 1968 1438 2011 Deus
1461 1969 1658 2022 deorum,
1681 1973 1721 2012 et
1747 1969 1950 2011 Dominus
1971 1968 2309 2010 dominantium:
2329 1978 2349 2004 1)

1329 2052 1422 2080 0000
1440 2040 1806 2094 imprincipiabilis
1831 2040 2041 2094 primitas.
2068 2054 2089 2079 (1
2109 2037 2191 2089 Qui
2211 2048 2354 2090 perso-

1328 2124 1429 2154 nam
1458 2124 1544 2153 non
1570 2112 1740 2165 accipit,
1768 2124 1846 2152 nec
1866 2122 2072 2152 munera:
2101 2124 2120 2148 ›>
2144 2120 2238 2151 ecce
2263 2107 2356 2150 ino·

1329 2182 1568 2236 bliquabilis
1585 2183 1779 2236 aequitas.
1801 2182 1865 2223 Ex
1883 2184 1974 2235 Jam
1994 2181 2116 2223 dictis
2137 2180 2274 2228 elucet
2291 2179 2360 2221 in·

1330 2253 1540 2294 violabilis
1557 2255 1713 2296 divinae
1734 2254 1965 2307 majestatis
1986 2252 2228 2294 auctoritas,
2251 2250 2359 2293 Nam

1331 2323 1468 2365 virtus
1490 2325 1692 2377 auctoris,
1711 2327 1752 2365 et
1769 2324 1935 2378 pondus
1954 2322 2229 2372 auctoritatiS,
2253 2332 2360 2362 sem-

1331 2408 1408 2450 per
1433 2399 1673 2449 aequantur.
1695 2396 1813 2439 Unde
1838 2395 1984 2438 divina
2008 2393 2233 2435 auctoritas
2252 2404 2360 2435 ven-

1333 2467 1442 2509 dicat
1461 2468 1539 2508 sibi
1557 2468 1768 2509 infinitam
1796 2465 2131 2518 absolutionem,
2162 2467 2204 2506 et
2235 2465 2361 2506 abso-

1332 2539 1469 2580 lutam
1499 2539 1768 2580 infinitatem.
1790 2537 1965 2591 Propter
1994 2536 2109 2591 quod
2138 2535 2237 2578 dicit
2267 2535 2360 2577 Au-

1334 2611 1533 2665 gustinus
1552 2610 1605 2651 ¹⁰:
1632 2624 1651 2648 «
1671 2609 1804 2663 Major
1820 2612 1882 2650 est
1908 2609 2065 2651 divinae
2087 2607 2197 2659 legis
2216 2607 2360 2649 aucto-

1333 2683 1449 2734 ritas,
1474 2694 1602 2734 quam
1620 2680 1798 2723 humani
1818 2680 1978 2732 ingenii
1998 2677 2318 2732 perspicacitas:
2336 2691 2356 2716 11

1335 2765 1433 2794 01101
1455 2754 1597 2792 tamen
1627 2751 1770 2792 anima
1794 2750 2009 2792 rationalis
2036 2760 2170 2802 capax
2188 2748 2241 2789 sit
2261 2747 2363 2789 infi-

1333 2822 1411 2863 niti
1431 2821 1656 2875 objective,
1680 2834 1766 2862 non
1783 2823 1950 2862 tantum
1970 2821 2016 2861 in
2033 2820 2184 2861 affectu
2205 2831 2281 2873 per
2298 2818 2365 2862 di—

1334 2893 1577 2944 lectionem,
1600 2893 1673 2933 sed
1691 2893 1820 2933 etiam
1841 2892 1887 2932 in
1910 2893 2081 2944 aspectu
2107 2903 2183 2945 per
2209 2902 2362 2944 appre-

1335 2965 1599 3006 hensionem.
1628 2963 1828 3014 Quamvis
1858 2966 2000 3004 autem
2025 2962 2095 3004 lex
2127 2962 2266 3003 omnis
2291 2973 2365 3003 or·-

1336 3038 1478 3079 dinata
1510 3048 1681 3077 causam
1718 3036 1968 3077 efficientem
2002 3038 2044 3076 et
2073 3034 2364 3088 exemplarem

1335 3109 1488 3149 habeat
1507 3108 1656 3159 Deum,
1678 3108 1751 3161 qui
1771 3110 1833 3150 est
1852 3119 1920 3148 ars
1938 3107 2062 3158 plena
2081 3106 2276 3148 omnium
2294 3118 2365 3148 ra-

1335 3180 1502 3220 tionum
1529 3180 1793 3231 viventium,
1827 3181 1876 3221 ut
1915 3179 2013 3220 dicit
2045 3177 2363 3231 Augustinus¹¹

1340 3254 1464 3302 (nam
1485 3254 1644 3292 aeterna
1657 3254 1698 3292 et
1711 3262 1879 3292 summa
1898 3250 1967 3291 lex
1987 3252 2063 3302 est,
2083 3262 2107 3291 a
2120 3261 2206 3302 qua
2226 3249 2366 3291 omnis

1335 3322 1406 3365 lex
1430 3324 1624 3376 interior,
1655 3334 1752 3378 quae
1774 3321 1985 3375 justitiam
2009 3320 2157 3372 habet,
2176 3321 2363 3372 emanat,

1337 3455 1370 3494 6,
1396 3455 1427 3486 7.
1447 3469 1488 3478 -—
1518 3454 1528 3473 ⁷
1549 3453 1644 3494 Sap„
1673 3460 1736 3494 xn,
1765 3453 1814 3486 15.
1837 3468 1878 3477 —-
1907 3452 1919 3471 ⁸
1943 3450 2057 3491 Dion„
2084 3450 2123 3482 de
2147 3449 2223 3484 Div.
2252 3449 2363 3490 Nom„

1339 3510 1369 3533 c.
1387 3508 1449 3533 XII.
1471 3517 1512 3525 -
1533 3501 1546 3520 ⁹
1572 3501 1685 3540 Deae„
1711 3508 1747 3541 x,
1772 3501 1822 3541 14,
1851 3499 1902 3531 17.
1930 3516 1965 3522 -
1997 3499 2022 3523 ¹⁰
2040 3500 2140 3539 Aug„
2161 3496 2202 3530 de
2221 3496 2301 3530 Gen.
2321 3496 2367 3530 ad

1339 3547 1421 3588 litt„
1440 3547 1497 3580 lib.
1520 3547 1562 3590 ΙΙ,
1579 3557 1608 3583 c.
1630 3556 1662 3581 v.
1678 3564 1720 3573 —
1738 3547 1764 3571 ¹¹
1786 3546 1848 3587 ld„
1867 3546 1906 3579 de
1925 3545 2059 3586 Trinit„
2076 3544 2134 3578 lib.
2156 3544 2213 3586 vl,
2233 3552 2264 3577 c.
2285 3551 2321 3576 x.
