2633 3878
1210 107 1380 150 CAPUT
1411 109 1459 150 V.

264 199 480 252 exemplo,
505 202 546 241 et
566 200 691 240 simili
713 205 767 253 (v.
788 200 826 253 2)
853 211 863 239 ε
893 198 1051 241 Multas
1078 207 1206 240 curas
1233 208 1296 239 se-

264 273 458 320 quuntur
489 271 655 312 somnia
684 285 694 320 ;
728 272 768 310 et
802 270 894 311 ideo
941 269 1116 310 stultum
1148 270 1210 308 est
1238 268 1298 307 eis

263 340 478 381 attendere
500 342 510 362 ¹
543 353 552 381 :
581 356 600 379 «
629 340 783 380 Multos
812 352 955 380 errare
976 340 1166 379 fecerunt
1188 350 1298 378 som-

263 410 346 450 nia.
382 425 401 448 ))
439 413 499 454 Ec
526 413 574 453 in
604 412 750 454 multis
781 411 1040 454 sermonibus
1079 410 1299 470 invenitur

263 481 466 523 stultitia.
489 487 503 507 2
532 497 551 520 (1
576 482 656 531 Qui
683 482 829 523 multis
844 483 981 524 utitur
998 482 1160 533 verbiS,
1183 481 1300 522 laedit

262 551 450 592 animam
477 564 613 594 suam.
637 569 656 591 »
676 554 728 594 Et
747 555 760 576 ⁸
783 569 791 595 :
818 569 837 593 «
857 554 904 594 In
923 553 1193 606 multiloquio
1213 566 1299 594 non

261 621 377 662 deest
399 625 451 675 (a)
467 627 700 675 peccatum.
716 639 735 662 »
757 625 837 666 Sed
856 637 879 665 e
896 628 1042 666 contra
1061 625 1074 646 '⁶
1099 639 1138 666 z«
1153 624 1300 666 Sultus

262 693 393 733 verba
412 694 680 748 multiplicat.
701 710 720 734 ))

316 768 355 805 3.
386 764 434 807 Si
453 766 562 818 quid
583 768 758 818 vovisti,
781 769 859 808 etc.
889 767 966 808 Hic
995 767 1180 808 secundo
1200 778 1300 820 pro-

261 834 378 875 hibet
394 835 649 878 locutionem
671 838 839 888 falsam,
857 851 941 891 qua
961 838 1115 879 scilicet
1129 837 1301 891 promit-

261 904 366 945 titur
379 907 491 959 quod
512 909 824 961 nonimpletur.
845 909 1048 950 Hortatur
1069 909 1205 961 igitur
1225 908 1301 949 im-

260 976 375 1029 plere
387 979 643 1031 promissum
655 995 664 1030 ;
680 981 791 1021 unde
803 981 904 1022 dicit
922 996 930 1022 z
950 981 1003 1023 Si
1021 982 1129 1034 quid
1143 982 1302 1024 vovisti

261 1047 359 1100 Deo,
381 1049 423 1090 id
444 1053 527 1102 est,
552 1063 628 1103 per
649 1054 799 1092 votum
819 1053 1067 1105 promisisti,
1091 1064 1143 1094 ne
1163 1063 1300 1095 more-

259 1120 323 1160 ris
353 1119 541 1162 reddere.
573 1121 692 1163 Unde
723 1123 876 1164 dicitur
894 1124 907 1145 ⁵
940 1138 949 1164 ι
994 1140 1014 1162 11
1043 1122 1229 1173 Vovete,
1259 1126 1300 1164 et

259 1189 421 1231 reddite
445 1192 623 1233 Domino
653 1192 736 1234 Deo
769 1197 910 1235 vestro
943 1206 1115 1246 01111105,
1148 1194 1223 1247 (1111
1254 1194 1300 1234 111

259 1261 439 1303 circuitu
458 1264 552 1316 ejus
582 1263 742 1305 affertis
764 1277 956 1306 munera.
979 1280 998 1303 ))
1036 1265 1087 1305 Εῖ
1118 1264 1262 1305 Glossa
1287 1280 1296 1305 :

264 1348 283 1371 «
307 1330 466 1375 Vovere
494 1337 555 1374 est
577 1334 897 1387 voluntarium,
920 1337 993 1378 sed
1019 1337 1195 1378 reddere
1220 1349 1296 1378 ne-

258 1406 511 1457 cessarium
538 1408 639 1460 quia
661 1408 847 1462 alioquin
868 1412 931 1450 est
949 1410 1079 1450 homo
1100 1410 1232 1450 falsus
1252 1409 1297 1450 in

255 1477 478 1528 promisso.
510 1493 529 1515 ))
572 1477 688 1519 Unde
715 1480 855 1520 subdit
893 1495 901 1520 :
937 1480 1144 1533 Displicet
1183 1482 1298 1523 enim

256 1546 339 1588 Deo
362 1547 555 1599 infidelis
584 1552 623 1591 et
642 1550 776 1591 stulta
793 1552 1024 1602 promissio
1055 1565 1063 1591 :
1098 1551 1294 1602 infidelis,

255 1617 301 1657 111
321 1631 407 1672 qua
426 1620 521 1670 {non
550 1622 612 1660 est
640 1621 798 1660 veritas
814 1636 823 1670 ;
848 1621 998 1670 stulta,
1032 1622 1077 1662 in
1106 1632 1296 1675 [1111111011

256 1692 319 1730 est
331 1690 569 1742 judicium:
592 1691 695 1743 quia
723 1692 851 1732 stulta
878 1693 1104 1745 promissio
1129 1705 1215 1733 11011
1235 1696 1297 1734 est

255 1760 458 1802 facienda.
497 1761 612 1803 Unde
632 1762 818 1803 Isidorus
839 1763 852 1784 ⁶
883 1778 891 1804 ι
933 1779 952 1802 (1
985 1763 1032 1804 111
1053 1763 1174 1804 malis
1192 1776 1296 1817 pro-

255 1832 398 1873 missis
417 1833 608 1874 rescinde
638 1833 766 1874 fidem
783 1848 793 1884 ;
826 1833 872 1873 in
904 1834 1019 1886 turpi
1046 1837 1144 1875 voto
1175 1838 1296 1876 muta

253 1903 484 1945 decretum.
506 1920 526 1943 ))
553 1904 648 1945 Ideo
669 1904 832 1956 subdit,
857 1905 972 1958 quod
990 1905 1145 1946 veritas
1165 1908 1227 1946 θεῖ
1246 1905 1293 1946 111

253 1975 531 2028 promissione
552 1976 776 2026 servanda,
797 1988 897 2016 cum
917 1975 1018 2016 dicit
1040 1991 1047 2015 :
1077 1976 1157 2018 Sed
1178 1987 1290 2029 quse-

253 2058 428 2100 cumque
471 2048 659 2098 voveris,
691 2047 843 2099 redde,
890 2060 978 2088 non
1006 2047 1211 2088 variando
1241 2053 1253 2074 ⁷
1279 2061 1289 2089 :

258 2133 278 2157 «
309 2118 506 2170 Animal,
539 2119 653 2171 quod
683 2118 898 2159 immolari
934 2120 1093 2171 potest,
1128 2118 1164 2158 si
1197 2119 1293 2172 quis

253 2191 432 2241 voverit,
451 2193 647 2231 sanctum
668 2191 761 2240 erit,
784 2193 825 2231 et
841 2190 997 2231 mutari
1018 2202 1105 2230 non
1123 2190 1289 2243 poterit,

252 2273 331 2302 nec
349 2261 395 2302 in
415 2262 580 2313 melius,
603 2274 681 2303 nec
700 2262 745 2301 in
766 2263 887 2314 pejus
908 2276 917 2302 ε
941 2276 960 2299 ))
988 2261 1177 2314 alioquin
1197 2274 1292 2302 1110-

252 2331 335 2372 11115
362 2332 500 2372 fuerat
537 2344 624 2372 non
654 2344 824 2375 vovere.
861 2331 958 2372 Ideo
988 2332 1086 2373 dicit
1118 2332 1172 2385 (v.
1204 2333 1240 2384 4)
1279 2347 1287 2372 :

252 2402 465 2456 Multoque
489 2404 641 2445 melius
665 2407 831 2446 estnon
850 2414 1014 2454 vovere,
1045 2403 1087 2444 id
1108 2407 1187 2461 est,
1207 2404 1289 2444 mi-

250 2486 332 2515 nus
368 2475 557 2525 malum,
594 2476 696 2528 quia
727 2476 816 2516 sine
855 2475 1002 2528 culpa,
1035 2486 1164 2528 quam
1194 2480 1293 2529 post

252 2550 396 2588 votum
414 2547 628 2599 promissa
648 2557 733 2588 non
751 2546 938 2588 reddere.
956 2546 969 2568 ³
997 2545 1181 2588 «Melius
1202 2550 1291 2588 erat

253 2616 337 2666 015,
366 2616 482 2658 viam
504 2617 692 2658 veritatis
723 2630 810 2658 non
843 2629 1123 2670 cognoscere,
1159 2630 1289 2671 quam

252 2689 345 2739 post
363 2687 628 2740 agnitionem
648 2690 884 2729 retrorsum
904 2689 1110 2730 converti.
1132 2703 1151 2727 ))
1174 2688 1226 2730 Εῖ
1240 2690 1253 2711 ⁹
1277 2703 1286 2730 :

258 2773 277 2796 <‹
311 2757 444 2800 Nemo
485 2759 655 2800 mittens
691 2772 868 2801 manum
904 2760 956 2801 ad
994 2762 1206 2812 aratrum,
1248 2764 1290 2802 θῖ

252 2829 481 2882 respiciens
498 2833 625 2882 retro,
647 2834 771 2884 aptus
790 2834 850 2872 est
870 2843 1008 2884 regno
1029 2831 1118 2873 Dei.
1140 2846 1160 2869 ))

308 2902 347 2941 5.
366 2901 427 2943 Ne
445 2901 619 2944 dederis
639 2912 684 2944 os
709 2905 841 2954 tuum,
863 2905 941 2944 etc.
961 2902 1038 2943 Hic
1051 2903 1175 2944 tertio
1190 2915 1287 2956 pro-

251 2971 370 3012 hibet
397 2972 655 3014 locutionem
688 2986 937 3025 erroneam,
969 2975 1012 3014 et
1041 2973 1290 3015 dehortatur

251 3042 480 3084 locutionis
505 3056 716 3096 errorem,
745 3047 787 3085 et
816 3045 966 3086 deinde
994 3044 1136 3085 subdit
1155 3046 1288 3086 ratio·-

250 3125 351 3154 nem
366 3146 378 3166 ‚
413 3117 455 3155 et
495 3118 589 3167 post
620 3116 861 3157 manifestat
896 3116 1054 3157 erroris
1084 3116 1284 3157 radicem.

252 3184 495 3227 Locutionis
541 3199 729 3229 errorem
771 3187 1046 3238 dehortatur,
1088 3187 1231 3228 dicens
1275 3202 1283 3229 :

297 3270 305 3287 ¹
325 3269 448 3311 Eccli„
468 3277 590 3311 xxxiv,
611 3272 642 3303 7.
661 3288 703 3294 ——
725 3271 739 3292 ²
758 3270 878 3310 Ecoli,
897 3278 956 3311 xx,
979 3272 1009 3303 8.
1029 3287 1070 3294 -—
1089 3270 1100 3289 ³
1119 3270 1230 3309 Prov„
1251 3278 1286 3312 x,

253 3318 304 3348 19.
326 3334 362 3339 —
388 3316 401 3338 ¹·
422 3317 524 3356 infra,
545 3327 580 3358 x,
603 3320 655 3350 14.
689 3335 729 3342 —
754 3318 767 3340 ὅ
785 3317 877 3350 Psal.
899 3325 1002 3359 LXXV,
1026 3319 1076 3350 12.
1099 3334 1140 3341 —
1164 3318 1175 3337 θ
1192 3317 1285 3359 15111.,

253 3363 302 3394 De
320 3362 505 3407 Contempt.
531 3364 661 3406 mund„
688 3375 717 3397 c.
743 3365 783 3397 de
802 3365 932 3398 Juram.
952 3367 984 3397 et
1006 3367 1111 3397 vot.—
1137 3365 1148 3384 ⁷
1167 3365 1286 3406 Levit.,

252 3418 364 3452 xxvn,
381 3413 411 3443 9.
434 3414 485 3444 1ο.
504 3429 546 3437 -
566 3413 578 3432 ⁸
597 3413 623 3444 ΙΙ
646 3413 753 3454 Peon,
772 3420 810 3454 11,
830 3415 883 3446 21.
903 3431 944 3438 —
962 3413 976 3436 ⁹
995 3413 1087 3453 Luc„
1107 3421 1158 3454 lx,
1177 3414 1230 3446 62.
1246 3430 1288 3438 -

2327 123 2404 161 623

1371 197 1431 239 Ne
1452 197 1619 241 dederis
1642 209 1687 241 os
1709 203 1849 253 tuum,
1879 206 1927 245 ut
1945 213 2118 256 peccare
2143 205 2283 256 facias
2314 218 2408 250 car-

1371 278 1466 309 nem
1498 272 1641 321 tuam,
1670 270 1712 311 id
1740 274 1827 321 est,
1851 285 1937 313 non
1966 274 2156 327 loquaris
2183 288 2406 320 erroneam

1369 337 1642 392 locutionem,
1665 353 1719 382 ex
1738 354 1823 394 qua
1847 344 2123 397 praecipiteris
2144 346 2188 386 in
2208 349 2401 400 peccatis.

1372 409 1423 449 Et
1457 412 1656 464 exprimit
1691 413 1742 453 de
1780 426 1863 466 (11111
1901 414 2115 457 101311ῖί0110
2161 418 2362 472 intelligit
2392 435 2402 462 t

1372 479 1512 533 Neque
1532 481 1654 525 dicas
1673 494 1816 525 coram
1848 485 1996 537 anqelo
2018 500 2033 526 .·
2058 487 2153 529 Non
2182 494 2240 531 est
2266 492 2407 542 provi-

1373 550 1545 603 denua,
1568 553 1611 594 id
1630 557 1712 605 cst,
1736 567 1821 596 non
1847 555 1961 596 dicas
1992 568 2132 610 neque
2161 558 2206 598 in
2232 564 2405 614 secreto,

1372 633 1510 674 neque
1539 624 1583 663 in
1615 625 1802 677 occulto;
1829 626 1931 679 quia
1960 626 2007 668 in
2036 628 2199 669 occulto
2226 631 2408 674 audiunt

1372 693 1540 745 angeli,
1581 695 1654 747 qui
1693 700 1794 737 sunt
1833 698 1885 738 ad
1922 699 2156 740 custodiam
2196 701 2404 755 deputati3

1373 763 1487 805 unde
1517 763 1671 805 dicitur
1700 767 1727 790 ¹⁰
1759 780 1767 806 ε
1803 781 1822 805 (1
1844 766 1891 807 111
1916 769 2175 820 cogitatione
2208 773 2283 813 tua
2315 775 2407 826 regi

1372 846 1427 874 ne
1473 834 1692 886 detrahas,
1734 839 1773 876 et
1804 836 1849 876 in
1887 841 2047 879 secreto
2079 841 2205 881 cubili
2243 845 2317 884 tuo
2356 857 2408 886 ne

1373 905 1643 947 maledixeris
1676 906 1824 957 diviti,
1859 908 1960 961 quia
2002 921 2102 950 aves
2134 912 2228 953 coeli
2266 917 2407 966 porta-

1373 978 1480 1019 bunt
1506 990 1655 1020 vocem
1686 981 1820 1020 tuam.
1851 994 1870 1018 ))
1907 980 1957 1021 Εῖ
1977 981 2172 1023 subditur
2200 985 2308 1026 ratio
2335 999 2408 1027 ex-

1372 1048 1652 1090 hortationis:
1675 1049 1738 1093 Ne
1759 1051 1866 1101 sorte
1887 1051 2030 1094 iratus
2052 1053 2264 1097 Dominus
2283 1056 2412 1100 dissi-

1370 1123 1443 1172 pet
1463 1130 1590 1172 opera
1613 1124 1710 1170 tua,
1734 1120 1776 1161 id
1804 1123 1886 1173 est,
1908 1122 2055 1163 reddat
2074 1123 2253 1178 inutilia,
2276 1127 2410 1170 iratus

1373 1203 1459 1232 non
1472 1203 1546 1243 per
1568 1191 1701 1232 animi
1718 1193 2060 1246 commotionem,
2086 1196 2157 1236 sed
2177 1209 2253 1250 per
2272 1199 2409 1253 culpae

1371 1261 1558 1314 rigidam
1577 1263 1857 1315 punitionem.
1888 1264 1958 1305 Sic
1979 1267 2006 1291 ¹¹
2028 1266 2160 1307 iratus
2191 1271 2252 1310 est
2281 1282 2411 1324 super

1372 1345 1613 1375 sermonem
1635 1334 1854 1388 Rapsacis,
1879 1338 1920 1377 et
1943 1338 2085 1378 omnia
2107 1350 2235 1392 opera
2254 1353 2410 1394 regum

1371 1403 1645 1457 Assyriorum
1654 1419 1729 1459 per
1741 1407 1948 1458 angelum
1963 1412 2086 1450 nocte
2103 1409 2279 1451 destruit
2293 1412 2342 1464 (b)
2356 1413 2383 1438 ¹²
2396 1431 2406 1453 ι

1378 1490 1396 1513 11
1426 1475 1468 1516 Si
1500 1477 1715 1529 quomodo
1743 1478 1886 1519 audiat
1917 1478 2122 1521 Dominus
2150 1486 2249 1522 tuus
2278 1483 2411 1525 verba

1372 1545 1593 1598 Rapsaeis,
1626 1560 1755 1600 quem
1792 1549 1906 1589 misit
1946 1562 2023 1590 rex
2055 1551 2330 1604 Assyriorum
2357 1553 2410 1594 ad

1371 1617 1755 1670 blasphemandum
1776 1619 1911 1660 Deum
1928 1620 2158 1662 viventem.
2179 1637 2199 1660 »
2226 1622 2253 1645 ¹³
2279 1638 2298 1661 «
2316 1623 2410 1664 Dis—

1372 1688 1481 1741 sipat
1500 1689 1655 1742 impios
1668 1701 1746 1730 rex
1761 1691 1943 1743 sapiens.
1963 1706 1982 1729 ))
1997 1691 2048 1732 Εῖ
2068 1693 2265 1734 subditur
2281 1695 2409 1747 hujus

1370 1759 1594 1801 locutionis
1622 1761 1771 1813 origo,
1806 1762 1909 1814 quia
1942 1775 2029 1804 non
2063 1764 2200 1805 oritur
2235 1778 2260 1805 11
2294 1769 2409 1807 recta

1369 1831 1548 1883 ratione,
1570 1832 1641 1872 sed
1661 1845 1685 1872 a
1700 1833 1970 1874 somniorum
1989 1834 2186 1876 illusione
2202 1850 2212 1886 ;
2235 1840 2408 1889 propter

1369 1903 1485 1956 quod
1504 1903 1602 1944 dicit
1623 1905 1679 1955 (v.
1711 1905 1748 1955 6)
1774 1917 1781 1944 :
1819 1904 1895 1946 Ubi
1925 1906 2065 1949 multa
2087 1910 2190 1950 sunt
2209 1909 2403 1960 somnia,

1368 1973 1566 2026 plurimoe
1595 1979 1697 2018 sunt
1727 1977 1941 2018 vanitates
1960 2009 1971 2027 ,
2006 1976 2105 2030 quia
2140 1979 2406 2020 somniorum

1368 2046 1535 2086 vanitas
1556 2046 1585 2071 ¹¹*
1617 2060 1625 2086 ε
1654 2061 1674 2085 «
1697 2046 1888 2087 Somniat
1911 2047 2121 2100 esuriens,
2145 2051 2186 2090 et
2207 2051 2402 2102 comedit,

1368 2119 1409 2157 ct
1447 2118 1592 2169 postea
1621 2129 1720 2158 cum
1749 2119 2072 2171 expergefactus
2103 2121 2242 2172 fuerit,
2269 2134 2405 2163 vacua

1367 2191 1430 2228 est
1450 2188 1593 2228 anima
1610 2189 1717 2240 eJus.
1739 2202 1758 2226 ))
1785 2189 1839 2232 Ec
1858 2200 2068 2233 sermones
2085 2192 2305 2234 innumeri
2324 2205 2339 2233 .·
2359 2193 2404 2233 hi

1368 2261 1609 2312 sequuntur
1628 2259 1681 2300 ad
1699 2260 1887 2311 somnia,
1919 2261 2018 2314 quia
2044 2262 2150 2302 nihil
2168 2264 2331 2304 certum
2351 2275 2405 2304 ex

1367 2329 1426 2370 eis
1444 2332 1580 2382 potest
1602 2329 1700 2370 sciri
1721 2329 1749 2352 ¹⁵
1775 2344 1783 2371 :
1806 2346 1826 2369 (1
1846 2330 2056 2373 Divinatio
2076 2333 2247 2383 erroris,
2269 2336 2310 2374 et
2325 2346 2405 2375 au-

1368 2400 1495 2452 guria
1516 2400 1754 2452 mendacia,
1785 2404 1827 2442 et
1851 2402 2018 2443 somnia
2047 2403 2404 2445 malefacientium

1367 2471 1532 2512 vanitas
1566 2473 1627 2511 est
1661 2485 1670 2511 ε
1703 2485 1722 2509 1)
1757 2473 1799 2512 et
1830 2471 1923 2513 ideo
1958 2472 2009 2513 de
2042 2473 2196 2514 talibus
2225 2487 2312 2515 non
2340 2478 2404 2516 est

1366 2543 1620 2593 curandum,
1661 2542 1733 2583 sed
1772 2542 1823 2583 de
1860 2542 1967 2595 Deo3
1994 2544 2107 2585 unde
2133 2545 2307 2586 subdit:
2340 2546 2402 2588 Tu

1365 2624 1462 2656 vero
1495 2614 1593 2656 time
1623 2614 1780 2664 Deum,
1815 2613 1915 2666 quia
1942 2614 2031 2667 ipse
2067 2615 2181 2656 solus
2211 2619 2295 2668 est,
2327 2617 2402 2670 qui

1366 2686 1502 2737 potest
1527 2696 1605 2725 nos
1623 2684 1799 2737 perdere
1827 2687 1868 2725 et
1898 2684 2088 2736 salvare,
2112 2699 2198 2728 non
2220 2688 2399 2739 somma,

1365 2767 1452 2796 non
1487 2755 1684 2807 auguria.
1729 2755 1758 2777 ¹⁶
1799 2770 1818 2794 «
1842 2754 2069 2797 Ostendam
2111 2758 2232 2799 vobis
2272 2771 2401 2812 quem

1365 2828 1581 2879 timebitis,
1605 2827 1680 2881 (1111
1700 2829 1837 2881 potest
1856 2827 2043 2869 animam
2065 2831 2106 2870 et
2126 2841 2279 2884 corpus
2299 2831 2399 2872 mit-

1365 2902 1452 2941 tere
1471 2899 1516 2940 111
1537 2899 1797 2952 gehennam.
1820 2913 1839 2937 ›)

1420 2974 1459 3011 7.
1490 2970 1547 3013 Si
1565 2969 1732 3012 videris
1753 2970 2014 3022 calumnias,
2043 2972 2119 3011 etc.
2163 2970 2240 3012 Hic
2274 2971 2398 3014 tertio

1364 3041 1542 3083 retrahit
1561 3053 1586 3082 a
1600 3041 1856 3093 cogitatione
1876 3053 2065 3092 erronea,
2088 3040 2242 3083 scilicet
2260 3045 2321 3094 ut,
2344 3056 2398 3085 ex

1364 3113 1456 3155 visa
1467 3112 1694 3154 hominum
1705 3111 1880 3163 malitia,
1895 3123 1982 3152 non
1995 3111 2135 3153 credat
2145 3111 2288 3153 deesse
2298 3125 2395 3166 pro-

1363 3184 1615 3234 videntiam;
1633 3183 1746 3224 unde
1760 3182 1860 3223 dicit
1876 3194 1886 3223 :
1909 3181 1963 3225 Si
1976 3182 2141 3225 videris
2157 3183 2398 3229 calumnias

1366 3269 1390 3290 ¹⁰
1413 3267 1511 3307 Infra,
1532 3276 1568 3306 x,
1589 3268 1639 3298 10.
1655 3283 1696 3290 —
1719 3266 1743 3287 ¹¹
1764 3266 1842 3305 lsa„
1862 3272 1996 3307 xxxvii,
2018 3267 2069 3298 36.
2089 3283 2128 3290 -
2149 3266 2171 3286 ¹²
2187 3266 2286 3309 ibid„
2306 3268 2336 3302 4.
2357 3284 2396 3294 -

1366 3315 1388 3334 ¹³
1408 3315 1520 3352 Prov„
1551 3321 1617 3353 xx,
1650 3314 1701 3344 26.
1728 3329 1770 3335 —
1798 3311 1825 3333 ¹¹⁶
1851 3313 1931 3353 Ιεα.,
1961 3320 2065 3354 nix,
2093 3314 2124 3346 8.
2155 3331 2192 3336 —
2229 3315 2253 3338 ¹⁵
2275 3316 2394 3357 Eccli„

1363 3369 1482 3402 xxxiv,
1498 3363 1573 3393 5.-
1587 3361 1613 3382 ¹⁶
1633 3360 1723 3401 Luc,
1739 3367 1801 3401 xu,
1814 3361 1887 3392 5.-
1907 3359 1951 3401 (a)
1973 3359 2071 3401 Vulq.
2083 3360 2248 3394 deerit.—
2261 3362 2310 3404 (b)
2320 3363 2396 3405 Leq.

1363 3408 1542 3443 destruxit.
