2633 3878
1053 211 1294 254 PSALMUS
1325 213 1497 255 CXVlli.

206 307 306 341 trare
337 307 567 350 noscuntur,
601 304 694 351 quia
731 304 782 351 (a)
815 302 933 339 sacris
967 301 1240 338 execrabiliter

205 366 434 403 abutuntur.

523 415 711 450 Articulus
737 413 923 450 secundus.

253 494 368 529 Actus
388 491 546 528 malitiae
563 491 809 536 subnotatur,
832 501 922 526 cum
942 488 1123 526 subditur
1140 500 1148 525 :
1169 489 1240 535 Op-

202 556 411 601 probitum,
432 554 507 590 hoc
535 555 592 589 est
612 553 818 600 opinatum
838 551 976 588 vitium
992 579 1003 596 ,
1034 551 1144 599 quod
1164 561 1239 598 pu-

204 619 306 653 tatur
327 616 407 653 odii
427 615 695 652 seminarium.
717 617 954 662 Frequenter
977 613 1083 650 enim
1101 613 1240 650 accidit

204 682 315 729 quod
348 681 443 718 mali
475 682 637 728 propter
667 680 952 728 impatientiam
981 678 1240 727 correptionis

205 743 416 791 opinantur
435 743 542 780 mala
559 743 608 780 de
627 743 759 789 bonis,
782 745 878 779 etex
900 742 1115 778 temeritate
1136 741 1240 778 illius

204 805 402 852 opinionis
449 808 656 852 generatur
704 804 902 842 temeritas
939 803 1237 850 indignationis.

202 868 245 903 Et
264 871 380 913 nota,
409 867 519 915 quod
549 871 604 904 est
624 867 887 915 opprobrium
906 876 987 903 non
1006 866 1239 908 fercndum‚·

202 929 463 976 opprobrium
497 929 788 971 auferendum:
827 928 1092 976 opprobrium
1123 928 1240 966 suffe-

199 990 369 1027 rendum
391 1003 399 1027 :
421 991 596 1037 primum
614 991 783 1039 pertinet
802 991 854 1027 ad
875 991 1155 1037 infectionem3
1180 1001 1240 1028 se-

200 1052 376 1089 cundum
390 1081 401 1100 ,
424 1053 477 1090 ad
500 1053 862 1101 imperfectionem3
889 1054 1061 1100 tertium,
1079 1054 1131 1090 ad
1150 1064 1239 1101 per-

198 1115 419 1153 fectionem.
451 1117 501 1152 De
526 1115 656 1164 primo
677 1118 687 1139 ¹
711 1129 719 1153 :
745 1116 862 1153 «Noli
879 1116 1008 1153 facere
1037 1117 1240 1153 stultitiam

197 1177 321 1223 hanc,·
343 1189 417 1225 ego
438 1178 544 1215 enim
581 1178 680 1215 ferre
702 1189 785 1215 non
804 1182 943 1226 potero
975 1179 1239 1228 opprobrium

197 1250 342 1277 mcum.
364 1255 382 1275 n
407 1241 534 1277 Verba
553 1243 645 1278 sunt
663 1241 844 1288 Thamar,
866 1242 1012 1278 sororis
1033 1242 1207 1279 Absalon
1226 1271 1235 1283 ‚

198 1314 321 1351 quam
341 1304 538 1352 oppressit
564 1304 682 1342 frater
712 1316 805 1341 suus
839 1309 994 1342 Amnon
1022 1317 1031 1342 :
1056 1316 1144 1343 ecce
1169 1316 1239 1353 op-

196 1366 406 1413 probrium
432 1378 513 1404 non
532 1367 756 1404 ferendum.
779 1370 829 1404 De
851 1368 1025 1405 secundo
1047 1367 1060 1387 ‘²
1083 1381 1090 1405 :
1119 1381 1136 1403 ε(
1157 1372 1237 1406 Au-

195 1428 293 1465 feret
308 1429 492 1466 Dominus
509 1440 670 1466 omnem
684 1430 903 1478 lacrymam
921 1431 972 1467 ab
994 1431 1102 1468 omni
1123 1431 1238 1478 facie,

197 1493 234 1527 et
253 1491 515 1539 opprobrium
534 1493 674 1540 populi
702 1493 761 1529 sui
794 1493 943 1530 auferet
969 1494 1018 1530 de
1053 1493 1237 1530 universa

195 1555 311 1590 terra.
332 1567 350 1587 »
372 1553 544 1590 Primum
564 1554 654 1591 facit
674 1555 877 1601 Dominus,
896 1555 992 1592 dum
1012 1559 1123 1592 sanat
1144 1566 1239 1592 con-

195 1615 304 1651 tritos
313 1628 324 1662 3
345 1616 579 1661 secundum,
603 1617 700 1653 dum
720 1617 836 1654 solvit
857 1618 1104 1665 compeditos
1124 1630 1133 1654 2
1156 1618 1236 1655 illic

195 1681 339 1726 purgat
368 1678 553 1725 infectos3
589 1679 652 1715 hic
671 1679 824 1726 perficit
843 1680 1093 1728 imperfectos
1115 1692 1124 1717 z
1146 1691 1236 1718 ecce

197 1741 461 1789 opprobrium
475 1741 749 1779 auferendum.
768 1745 818 1780 De
840 1744 951 1780 tertio
967 1744 1147 1791 psallitur
1165 1755 1237 1792 per

197 1804 434 1851 prophetam
447 1805 460 1826 3
476 1816 484 1840 :
505 1818 523 1839 «
540 1806 699 1852 Propter
717 1808 752 1842 te
767 1806 933 1843 sustinui
950 1807 1213 1854 opprobrium
1222 1820 1233 1854 ,-

197 1866 352 1914 operuit
372 1866 550 1904 contusio
588 1867 728 1904 faciem
748 1879 893 1905 meam.
913 1883 929 1903 η
954 1870 1059 1907 Istud
1086 1881 1235 1918 oppro-

197 1928 330 1965 brium
362 1929 524 1967 infertur
556 1930 866 1978 vituperabiliter
895 1944 905 1978 3
946 1931 1016 1968 sed
1055 1932 1237 1969 suffertur

197 1991 474 2030 venerabiliter
494 2005 501 2029 :
526 2004 616 2030 ecce
638 1994 902 2042 opprobrium
922 1994 1209 2032 sufferendum.

536 2102 728 2137 Articulus
759 2103 900 2137 tercius.

245 2187 358 2221 Actus
405 2183 584 2221 falsitatis
621 2186 846 2229 annotatur,
885 2194 975 2220 cum
1010 2183 1193 2221 subditur
1226 2196 1234 2220 ε

199 2247 300 2290 Quod
315 2249 519 2293 suspicatus
535 2257 626 2283 sum.
639 2249 732 2283 Ecce
749 2246 849 2283 falsa
862 2245 1049 2294 suspicio,
1066 2257 1146 2294 qua
1156 2257 1237 2283 me-

197 2309 386 2346 ticulosus
415 2309 570 2346 animus
590 2308 810 2357 suspicatur
842 2308 889 2345 de
904 2309 1103 2357 proximo,
1125 2309 1236 2357 quod

198 2372 349 2408 malum
369 2372 549 2419 opinetur
567 2371 615 2408 de
629 2371 716 2419 ipso
733 2384 741 2408 :
758 2372 835 2408 hoo
856 2371 913 2408 illi
933 2371 1032 2408 falso
1051 2371 1234 2420 imputat,

199 2433 309 2481 quod
338 2433 404 2470 ille
430 2434 536 2470 hunc
573 2433 723 2470 malum
761 2436 884 2481 putat.
916 2434 1037 2480 Hujus
1065 2433 1235 2480 falsitas,

199 2496 307 2542 cujus
328 2498 384 2532 est
402 2495 546 2532 falsum
565 2495 784 2542 imputare,
829 2495 997 2543 imputat
1029 2495 1088 2532 illi
1121 2495 1235 2535 mali-

199 2558 318 2604 tiam,
345 2557 456 2604 cujus
489 2560 545 2594 est
573 2557 723 2594 malum
750 2560 902 2605 putare.
938 2559 980 2593 Et
1005 2560 1100 2595 nota
1128 2558 1237 2606 quod

200 2620 390 2667 contingit
408 2620 597 2668 suspicari
626 2619 842 2668 tripliciter,
869 2619 1054 2657 videlicet
1084 2620 1237 2658 irratio-

199 2682 399 2728 nabiliter,
419 2682 693 2730 probabiliter,
717 2682 909 2719 violenter
931 2695 939 2719 ε
961 2683 1090 2730 prima
1110 2683 1237 2730 suspi-

200 2744 261 2782 cio
292 2745 519 2796 nullatenus
551 2747 744 2792 excusat3
775 2745 951 2782 secunda
988 2744 1237 2792 aliquatenus

199 2810 376 2854 excusat3
404 2807 516 2844 tertia
547 2817 709 2855 prorsus
744 2810 913 2844 excusat.
946 2809 996 2844 De
1029 2806 1158 2854 primo
1174 2809 1198 2853 ,4
1226 2820 1234 2846 ε

204 2870 462 2918 «Suspicatus
491 2873 548 2907 est
567 2881 636 2907 rex
666 2870 889 2907 societatem
919 2869 1142 2907 deserturos
1173 2871 1238 2907 Ju-

201 2932 307 2969 daeos
329 2945 336 2969 :
360 2946 377 2967 n
400 2933 510 2980 quod
530 2933 602 2970 suit
620 2933 889 2970 irrationabile
904 2960 917 2979 ,
939 2933 1037 2969 sicut
1055 2934 1163 2980 patet
1182 2933 1238 2969 in-

201 2995 369 3042 spectori
386 2995 571 3032 historiae.
595 2996 702 3033 Unde
728 2995 955 3032 nullatenus
984 2999 1190 3033 excusatur
1215 3006 1238 3033 a

202 3059 424 3104 perpetrato
449 3057 608 3095 scelere.
638 3060 688 3094 De
708 3058 883 3095 secundo
901 3060 914 3080 ⁵
944 3071 951 3094 ;
978 3073 995 3091 «
1014 3058 1133 3095 Judas
1152 3069 1237 3095 sus·

202 3119 353 3166 picatus
373 3122 429 3156 est
448 3130 550 3166 eam,
563 3133 580 3153 n
604 3120 926 3157 scilicet'l'hamar
946 3130 1090 3157 nurum
1111 3131 1237 3168 suam,

207 3195 224 3216 α
234 3182 478 3219 meretricem
491 3192 572 3219 esse
586 3195 594 3219 :
606 3186 815 3230 operuerat
828 3183 934 3219 enim
942 3182 1096 3219 vultum
1107 3194 1237 3231 suum,

203 3255 252 3281 ne
278 3247 596 3291 cognosceretur.
626 3259 643 3280 η
675 3247 761 3281 Haec
787 3245 959 3292 suspicio
989 3245 1240 3293 aliquatenus

204 3310 362 3344 excusat
384 3307 496 3344 illam
516 3306 855 3353 commistionem,
877 3306 1023 3344 scilicet
1048 3309 1240 3355 quantum

205 3368 255 3405 ad
275 3368 492 3416 incestum,
515 3379 597 3408 non
618 3372 811 3418 quantum
838 3369 890 3407 ad
922 3369 1238 3408 fornicationem.

253 3452 262 3471 ¹
291 3453 316 3484 ll
347 3453 437 3495 Req„
467 3461 551 3495 1111,
587 3455 636 3486 13.
665 3471 700 3477 —
735 3454 745 3472 ²
774 3454 852 3493 Isa„
878 3461 958 3495 XXV,
987 3455 1018 3485 8.
1047 3470 1086 3477 —
1116 3455 1126 3472 ³
1149 3455 1240 3487 Psal.

208 3506 329 3540 vam,
354 3504 383 3532 8.
407 3518 446 3524 —-
464 3502 474 3520 ⁴
497 3503 521 3533 ll
545 3501 666 3542 Maeli„
691 3509 722 3542 v,
745 3504 794 3534 11.
815 3519 856 3526 —
875 3502 888 3525 ⁵
909 3501 1002 3541 Gen„
1024 3505 1238 3544 xxxviii,15.

2273 222 2344 259 371

1314 305 1364 339 De
1384 303 1498 340 tertio
1518 302 1531 323 ⁶
1554 314 1562 339 :
1589 316 1606 337 «
1629 303 1729 339 Dixit
1748 314 1815 339 rex
1837 304 1952 341 lsrael
1973 305 2025 341 ad
2045 306 2232 354 Josaphat
2255 317 2262 342 :
2284 308 2351 344 Su-

1313 376 1377 402 me
1408 375 1539 412 arma,
1569 367 1606 401 et
1639 364 1847 411 ingredere
1875 366 2081 413 praelium,
2117 371 2152 405 et
2183 368 2349 406 induere

1313 428 1488 464 vestibus
1503 428 1614 464 meis.
1632 429 1752 464 Porro
1768 438 1836 463 rex
1853 428 1969 464 lsrael
1984 430 2148 466 mutavit
2168 431 2348 468 habitum

1314 501 1455 537 suum,
1475 494 1513 528 ct
1532 491 1729 537 ingressus
1750 493 1807 527 est
1826 490 1991 527 bellum.
2020 494 2100 528 Rex
2128 497 2258 530 autem
2281 496 2349 542 Sy-

1313 552 1380 590 riae
1414 556 1653 601 praeceperat
1681 553 1929 601 principibus
1973 564 2162 590 curruum
2193 556 2351 602 triginta

1314 614 1498 658 duobus,
1521 616 1655 652 dicens
1675 629 1682 653 :
1706 618 1791 653 Non
1814 615 2043 663 pugnabitis
2071 620 2206 654 contra
2227 619 2349 666 majo-

1312 688 1397 715 rem
1417 680 1454 714 et
1472 678 1668 715 minorem
1684 679 1913 726 quempiam
1928 707 1941 723 ,
1960 678 2034 715 nisi
2057 682 2193 716 contra
2213 691 2350 727 regem

1313 740 1430 778 lsrael
1448 740 1592 777 solum.
1615 742 1712 778 Cum
1732 752 1826 787 crgo
1841 741 2030 778 vidissent
2044 742 2242 789 principes
2263 753 2349 779 cur-

1312 812 1430 841 ruum
1447 803 1654 851 Josaphat,
1676 804 1859 851 suspicati
1881 808 1992 850 sunt,
2011 804 2124 852 quod
2144 804 2228 852 ipse
2251 808 2352 841 esset

1311 875 1382 903 rex
1400 865 1535 912 lsrael,
1557 880 1574 899 »
1599 868 1669 902 etc.
1694 867 1767 902 lsta
1787 866 1858 903 fuit
1887 866 2058 914 suspicio
2088 866 2286 912 violenta,
2308 867 2349 903 id

1314 930 1388 974 est,
1408 938 1489 975 qua
1507 927 1703 976 principes
1725 928 1896 966 excusati
1913 928 2096 974 fuissent,
2116 929 2146 965 si
2165 929 2351 976 iosaphat

1315 990 1563 1028 occidissent.

1636 1085 1824 1121 Articulus
1850 1088 2014 1131 quartus.

1360 1180 1474 1215 Actus
1488 1178 1674 1216 bonitatis
1692 1179 1915 1224 denotatur,
1935 1190 2025 1216 cum
2048 1179 2348 1227 superadditur:

1314 1241 1409 1285 Quia
1419 1241 1564 1287 judicia
1583 1244 1646 1278 tua
1657 1242 1835 1288 jucunda.
1854 1242 1984 1287 Plane,
2000 1242 2099 1279 sicut
2118 1242 2351 1290 praedictum

1312 1309 1381 1351 est,
1403 1307 1589 1343 bonitatis
1607 1310 1715 1344 actus
1736 1310 1794 1344 est
1814 1308 1969 1345 bonum
1989 1310 2172 1356 reputare
2195 1320 2202 1344 :
2225 1308 2274 1345 de
2290 1309 2350 1346 his

1312 1369 1442 1416 enim,
1465 1380 1554 1417 quae
1582 1369 1690 1407 bona
1711 1373 1964 1418 reputamus,
1995 1370 2172 1417 jucunde
2198 1371 2350 1418 Judica-

1310 1442 1411 1468 muS.
1433 1434 1545 1478 Nota,
1567 1432 1679 1480 quod
1699 1432 1886 1470 bonitatis
1903 1432 2055 1480 judicia
2069 1435 2159 1470 sunt
2172 1433 2351 1480 jucunda

1310 1494 1453 1542 triplici
1475 1494 1523 1531 de
1543 1505 1662 1532 causa
1685 1507 1693 1532 :
1717 1495 1811 1542 quia
1829 1495 2008 1542 judicant
2028 1506 2120 1532 cum
2139 1496 2322 1544 aequitate
2338 1525 2349 1543 ,

1311 1567 1402 1593 cum
1434 1558 1620 1604 veritate,
1652 1569 1743 1594 cum
1772 1558 1970 1595 charitate.
2002 1561 2052 1595 De
2083 1559 2213 1606 primo
2247 1560 2351 1597 Psal-
2376 1583 2380 1587 -

1310 1620 1426 1657 mista
1463 1620 1634 1668 loquens
1672 1620 1721 1657 de
1759 1620 1926 1657 Domino
1954 1649 1965 1666 ,
1999 1621 2067 1668 qui
2102 1624 2159 1658 est
2194 1622 2352 1659 bonitas

1310 1694 1492 1729 summa,
1527 1683 1582 1720 sic
1616 1683 1697 1720 ait⁷
1721 1695 1728 1719 :
1754 1683 1993 1730 «Cognovi,
2027 1684 2216 1729 Domine,
2252 1695 2352 1732 quo-

1310 1748 1421 1786 niam
1444 1749 1607 1796 aequitas
1636 1747 1787 1795 Judicia
1806 1751 1874 1785 tua
1895 1761 1935 1785 ε»
1952 1749 2243 1796 eccejudicium
2262 1762 2352 1788 cum

1310 1812 1506 1860 aequitate.
1543 1814 1591 1849 De
1620 1811 1796 1848 secundo
1832 1811 2043 1859 Apostolus
2067 1812 2081 1834 ⁸
2104 1825 2112 1849 :
2141 1812 2349 1859 «Scimus,

1312 1874 1504 1922 quoniam
1514 1874 1713 1921 judicium
1724 1874 1790 1911 Dei
1803 1877 1859 1911 est
1869 1874 2088 1911 secundum
2099 1875 2319 1912 veritatem:
2331 1890 2347 1911 »

1311 1947 1401 1974 ecce
1431 1937 1628 1984 judicium
1649 1948 1740 1974 cum
1771 1937 1946 1974 veritate.
1978 1939 2029 1974 De
2048 1937 2161 1975 tertio
2181 1937 2195 1958 ⁹
2215 1950 2224 1975 :
2251 1952 2268 1972 a
2288 1939 2352 1975 Vae

1311 1999 1427 2037 vobis
1455 1999 1686 2046 Pharisaeis,
1723 2000 1792 2047 qui
1825 1999 2028 2036 decimatis
2054 2000 2282 2047 mentham,
2315 2004 2352 2037 et

1311 2065 1460 2109 rutam,
1477 2065 1513 2100 et
1529 2073 1647 2100 omne
1669 2062 1781 2109 olus3
1804 2062 2056 2110 etpraeteritis
2071 2062 2291 2109 judicium,
2314 2066 2351 2100 et

1312 2125 1541 2163 charitatem
1558 2126 1623 2163 Dei
1641 2138 1649 2162 :
1670 2139 1688 2161 »
1713 2136 1802 2163 ecce
1820 2125 2017 2172 judicium
2038 2136 2129 2163 cum
2148 2126 2346 2164 charitate.

1744 2233 1915 2275 Epilogus.

1361 2315 1404 2350 Et
1421 2314 1498 2351 hoc
1517 2317 1574 2351 est
1595 2313 1708 2362 quod
1728 2313 1781 2350 ait
1800 2314 1996 2361 Propheta
2014 2315 2055 2350 in
2074 2326 2253 2363 personae
2271 2316 2350 2353 for-

1312 2376 1520 2414 midolosae
1547 2376 1676 2423 figura
1698 2387 1706 2412 :
1728 2378 1887 2423 Amputa
1901 2403 1913 2421 ‚
1935 2379 2127 2423 quantum
2146 2378 2199 2415 ad
2219 2381 2349 2416 actum

1311 2439 1510 2486 veritatis,
1544 2439 1656 2486 cujus
1688 2442 1744 2476 est
1773 2439 1917 2476 falsum
1945 2442 2175 2487 amputare3
2207 2442 2348 2489 Oppro-

1314 2501 1430 2537 brium
1446 2528 1456 2545 ,
1479 2503 1672 2548 quantum
1703 2500 1755 2537 ad
1778 2503 1909 2537 actum
1940 2501 2099 2538 malitiae
2114 2531 2125 2547 ,
2157 2503 2268 2549 cujus
2294 2506 2350 2540 est

1311 2563 1464 2600 malum
1481 2565 1642 2611 putare;
1673 2563 1775 2606 Quod
1800 2565 2004 2610 suspicatus
2023 2574 2127 2609 sum,
2156 2567 2349 2612 quantum

1313 2626 1365 2664 ad
1386 2629 1516 2663 actum
1535 2625 1710 2663 falsitatis
1725 2653 1736 2671 ,
1758 2625 1869 2671 cujus
1889 2627 1944 2662 est
1964 2625 2107 2662 falsum
2127 2626 2345 2674 imputare3

1314 2688 1411 2732 Quia
1432 2689 1579 2735 judicia
1608 2694 1673 2725 tua
1697 2688 1886 2734 jucunda,
1920 2691 2113 2736 quantum
2139 2689 2190 2726 ad
2219 2693 2349 2727 actum

1312 2751 1519 2798 bonitatis,
1539 2751 1649 2798 quus
1669 2753 1726 2788 est
1742 2751 1896 2788 bonum
1911 2754 2111 2799 reputare3
2132 2763 2177 2789 ac
2197 2753 2228 2789 si
2250 2752 2352 2789 dice-

1313 2815 1419 2850 retur
1439 2816 1572 2860 aperte
1595 2825 1603 2849 :
1626 2815 1796 2861 Amputa
1815 2812 1959 2850 falsum
1973 2841 1984 2858 ,
2006 2813 2117 2861 quod
2136 2814 2353 2862 imputave-

1313 2884 1423 2922 ram,
1454 2877 1498 2912 ut
1523 2875 1678 2912 bonum
1697 2878 1897 2923 reputem,
1925 2886 2045 2923 quem
2065 2875 2218 2914 malum
2237 2879 2351 2923 puta-

1313 2948 1462 2975 veram.

1668 3031 1888 3059 VERSICULUS
1915 3033 1993 3060 viu.

1365 3127 1423 3162 40.
1438 3127 1524 3163 Ecce
1538 3128 1739 3173 concupivi,
1756 3129 1828 3164 etc.
1844 3127 1947 3164 Sicut
1959 3126 2140 3163 homines
2161 3126 2351 3163 animales

1315 3190 1500 3224 verentur
1532 3188 1829 3226 observationes
1848 3189 2027 3236 legales,
2058 3199 2107 3225 ne
2136 3188 2353 3225 reddantur

1316 3250 1448 3286 minus
1466 3250 1743 3297 honorabiles,
1763 3251 1964 3297 affabiles,
1984 3250 2199 3296 amabiles,
2220 3253 2262 3286 ut
2279 3260 2351 3297 pa·

1315 3311 1387 3348 tuit
1408 3322 1478 3360 per
1504 3315 1580 3350 tres
1607 3312 1824 3350 versiculos
1850 3313 2136 3361 praecedcntcs3
2158 3313 2212 3349 sic
2240 3316 2276 3349 et
2302 3322 2351 3349 ne

1316 3372 1392 3411 sint
1413 3374 1544 3411 minus
1565 3374 1805 3412 favorabiles
1837 3374 1878 3411 in
1908 3374 2080 3423 propriis
2113 3374 2352 3412 necessitati-

1317 3473 1358 3481 -—
1393 3458 1406 3477 ⁶
1441 3458 1482 3489 lii
1511 3458 1602 3499 neq„
1631 3466 1723 3498 xxn,
1748 3459 1859 3490 30-32.
1891 3475 1929 3482 -
1955 3459 1970 3481 ⁷
1997 3458 2086 3490 Psal.
2116 3459 2200 3500 hoc,
2233 3461 2284 3492 75.
2316 3476 2355 3482 —

1318 3504 1331 3526 ⁸
1353 3505 1457 3546 Rom„
1480 3513 1518 3547 11,
1539 3508 1568 3537 2.
1587 3523 1628 3530 —
1653 3508 1658 3520 ⁸
1681 3507 1771 3546 Luc„
1791 3514 1838 3544 xi,
1865 3508 1964 3538 42.-
1985 3506 2121 3548 ((1)Leq.
2139 3508 2210 3549 qni.
