2633 3878
257 304 334 344 690

299 387 443 430 druplici
467 386 509 419 de
533 392 634 417 causa
662 383 698 415 tit
719 382 803 421 laus,
825 378 896 410 sive
917 375 1025 409 oratio
1044 373 1181 406 vocalis.

297 436 417 470 Deficit
427 434 501 477 quis
516 430 757 472 multipliciter.
775 429 823 460 De
839 424 961 466 triplici
980 423 1179 455 litteratura.

295 486 343 517 De
360 482 483 524 triplici
495 479 644 513 hominis
661 476 782 510 officio.
800 475 907 508 Docet
924 474 1014 505 Deus
1033 469 1181 511 quinque

297 532 424 564 modis.

254 580 302 612 Dc
323 577 497 618 multiplici
513 573 742 607 similitudine.
766 573 814 604 De
835 567 955 610 triplici
970 564 1181 598 reductione.

295 630 342 659 De
361 625 537 666 multiplici
563 621 810 655 consolatione.

253 677 359 713 Deam,
384 673 552 715 judicium
579 674 667 702 tuum
689 669 761 709 reyi
787 667 842 706 da,
863 663 986 696 Psalm.
1009 663 1060 692 71.
1090 661 1181 691 Deus

293 722 415 754 dicitur
428 729 495 761 pax
511 717 635 759 triplici
651 717 690 748 dc
707 723 819 747 causa.
841 710 936 750 Quod
957 708 1136 749 epignoine
1146 706 1182 737 fit

292 772 436 811 quatuor
457 767 498 799 de
519 765 639 798 causis.
661 761 759 800 Quod
791 758 940 793 Ecclesia
959 755 1081 788 dicitur
1102 754 1182 785 luna

291 821 430 858 propter
450 814 523 847 tria.
546 812 715 852 Propheta
735 806 953 841 commendat
974 803 1142 835 Christum
1162 810 1182 831 a

291 867 448 905 quatuor.
472 861 549 894 Tria
578 859 744 892 debemus
765 857 836 888 Deo
863 853 921 896 (a),
951 853 985 883 ct
1005 850 1069 882 tria
1096 857 1181 890 pro-

290 920 394 943 ximo.

250 958 516 992 Commendatur
534 963 679 997 regnum
699 951 821 986 Christi
840 948 982 982 utribus
1001 945 1058 986 (b).
1078 945 1180 976 Beata

291 1009 395 1048 Virgo
415 1004 532 1038 velleri
562 1004 791 1044 comparatur.
821 996 918 1036 Quod
947 992 1180 1032 multipliciter

289 1055 409 1087 cadere
427 1053 568 1095 quisque
578 1051 702 1092 potest.
725 1050 772 1080 De
785 1041 994 1087 quadruplici
1009 1040 1051 1081 (c)
1065 1047 1176 1070 usura.

290 1102 452 1143 Pauperis
471 1103 504 1133 et
522 1098 633 1139 inopis
646 1096 828 1129 discrimen
848 1091 907 1134 (h).
933 1091 980 1122 Dc
1001 1085 1178 1127 multiplici

290 1150 450 1182 candore.

249 1198 350 1237 Quam
362 1195 462 1227 bonus
476 1192 580 1226 Israel
595 1192 693 1229 Deus,
710 1188 833 1221 Psalm.
847 1188 899 1218 72.
915 1186 1050 1217 Novum
1065 1182 1178 1213 Testa-

288 1246 440 1275 mentum
453 1242 487 1272 in
499 1239 604 1272 veteri
621 1236 791 1269 occultum
804 1234 968 1275 quantum
981 1230 1023 1261 ad
1037 1228 1101 1260 tria
1115 1225 1177 1267 (b).

289 1290 415 1331 Aliquis
437 1289 546 1320 cessat
567 1296 585 1317 a
604 1284 705 1317 laude
729 1282 788 1315 Dei
808 1284 953 1323 quatuor
972 1278 1012 1309 de
1033 1274 1153 1307 causis.

247 1339 391 1378 Quidam
410 1337 551 1378 peccant
579 1332 693 1365 multis
722 1331 762 1361 de
792 1328 914 1361 causis.
936 1327 980 1358 Os
1000 1325 1035 1356 in
1055 1322 1181 1354 coelum

287 1385 424 1427 ponitur
443 1382 557 1415 multis
573 1380 695 1413 modis.
718 1377 817 1415 Quod
831 1375 985 1417 quaedam
999 1372 1090 1403 bona
1101 1370 1178 1400 sunt

286 1433 375 1466 mala
393 1431 506 1471 bonis,
526 1429 592 1461 alia
611 1428 711 1459 etiam
726 1425 814 1457 mala
828 1423 937 1462 matis,
956 1424 989 1452 et
1002 1417 1178 1451 suntmala

285 1480 385 1512 bonis
405 1479 508 1510 bona.
532 1475 630 1514 Quod
650 1474 753 1505 homo
775 1471 897 1502 dicitur
910 1469 1023 1508 imago
1045 1464 1103 1496 Dei
1126 1472 1178 1494 se-

287 1528 434 1560 cundum
457 1524 631 1560 animam,
654 1523 687 1552 et
705 1520 817 1559 imago
838 1515 958 1549 mundi
988 1511 1178 1545 secundum

287 1583 423 1615 corpus.
451 1571 549 1610 Quod
568 1570 672 1601 homo
695 1566 816 1598 dicitur
841 1564 1037 1605 jumentum
1065 1557 1178 1590 multis

289 1623 330 1654 de
348 1620 472 1653 causis.
495 1617 582 1659 Quid
594 1615 799 1658 quandoque
816 1613 970 1643 versatur
985 1608 1072 1640 circa
1084 1606 1179 1637 subs-

286 1668 438 1707 tantiam,
461 1665 665 1708 quandoque
688 1663 777 1694 circa
797 1659 969 1692 accidens.
997 1657 1045 1688 Dc
1065 1652 1178 1686 multi-

286 1717 363 1758 plici
381 1714 619 1748 fornicatione.

249 1764 382 1806 thuid,
404 1763 501 1800 Dens,
523 1757 681 1801 repulisti
700 1757 732 1787 in
753 1757 866 1796 finem,
884 1751 1009 1784 Psalm.
1029 1751 1080 1781 73.
1103 1748 1177 1785 Quo

286 1821 387 1844 sensu
423 1809 569 1851 populus
610 1804 744 1848 gentilis
787 1801 853 1834 diet
890 1801 1005 1841 posset
1033 1795 1179 1837 populus

288 1860 348 1891 Dei
370 1857 427 1899 (b).
450 1854 620 1888 Beneficia
639 1854 675 1883 iu
698 1850 837 1883 Judoeos
853 1857 872 1878 a
890 1848 962 1878 Deo
978 1844 1099 1876 collata
1121 1841 1175 1881 (b).

287 1908 344 1938 Est
360 1905 483 1945 triplex
499 1903 644 1943 signum.
662 1901 710 1931 De
727 1895 853 1937 duplici
873 1892 1099 1925 tentationum
1117 1897 1175 1930 gc-

285 1962 366 1985 nere
399 1951 455 1991 (lt).
487 1952 535 1982 De
555 1945 737 1987 multiplici
761 1944 879 1975 salute.
901 1942 1002 1973 Juxta
1032 1941 1177 1979 quatuor

287 2000 367 2032 anni
385 2002 558 2038 tempora,
580 1996 726 2036 quatuor
755 1989 935 2021 hominum
957 1994 1083 2028 genera
1100 1992 1177 2025 pos-

287 2050 365 2080 sunt
376 2045 498 2078 notaii.
514 2043 592 2076 Tria
612 2042 723 2073 solent
741 2037 877 2071 oculum
895 2034 1006 2068 carnis
1025 2032 1174 2065 turbare.

288 2098 420 2136 Pauper
439 2093 563 2124 dicitur
586 2089 701 2122 multis
721 2085 844 2118 modis.

247 2143 485 2184 Confitebimuz·
503 2138 581 2178 tibi,
596 2138 696 2178 Deus,
719 2133 845 2167 Psalm.
869 2132 920 2164 74.
935 2132 984 2163 De
999 2126 1122 2169 triplici
1137 2125 1177 2168 (c)

287 2189 514 2222 confessione.

245 2239 293 2270 De
319 2235 540 2269 indevotione
568 2230 707 2272 duplici.
731 2229 875 2261 Ornatus
895 2224 980 2257 varii
1002 2220 1175 2255 Ecclesiae.

288 2286 423 2317 Cornua
445 2283 604 2314 dicuntur
623 2275 866 2317 multipliciter.
885 2272 984 2311 Quod
998 2270 1084 2303 calix
1098 2268 1178 2300 dici-

287 2335 341 2364 tur
360 2328 603 2370 multipliciter.

247 2380 353 2411 Notus
371 2379 403 2409 in
422 2375 535 2408 Judoea
568 2375 674 2410 Deus,
705 2370 830 2402 Psalm.
858 2370 911 2399 75.
943 2362 1177 2406 Interpretatio

287 2426 437 2458 nominis
457 2422 600 2454 sumitur
621 2418 864 2459 multipliciter.

247 2477 293 2507 De
312 2473 398 2505 scuti
412 2469 587 2509 multiplici
602 2465 861 2507 significatione.
879 2460 978 2500 Quod
997 2459 1092 2499 fides,
1106 2458 1177 2490 sive

289 2530 402 2559 mens,
425 2518 525 2550 debet
548 2525 621 2548 esse
643 2522 806 2546 concava.

251 2569 328 2600 Voce
348 2578 418 2598 mea
447 2565 491 2597 ad
511 2564 686 2596 Dominum
713 2558 877 2597 clamavi,
900 2556 1024 2588 Psalm.
1049 2555 1100 2586 76.
1128 2554 1178 2584 De

289 2615 412 2648 Christi
442 2609 617 2652 multiplici
649 2609 733 2640 saltu
762 2607 822 2647 (b).
856 2603 1027 2644 Propheta
1057 2600 1179 2631 clamat

288 2661 531 2703 multipliciter.
553 2658 716 2698 Despecta
731 2658 781 2686 cst
801 2651 970 2686 confessio
986 2657 1087 2691 quam
1101 2647 1180 2678 facit

288 2709 496 2752 prosperitas
521 2706 582 2747 (b).
606 2703 704 2741 Quod
733 2704 800 2733 tres
821 2697 980 2732 nocturni
1010 2696 1045 2726 in
1065 2693 1177 2726 officio

289 2756 479 2790 matutinali
498 2752 690 2794 significant
710 2752 778 2781 tres
798 2749 904 2778 status
923 2742 1094 2777 Ecclesiae.

248 2807 325 2839 Tria
338 2808 414 2837 sunt
432 2803 522 2836 mala
539 2800 660 2842 quibus
678 2798 784 2829 homo
799 2794 968 2834 affligitur,
987 2793 1020 2823 et
1033 2791 1179 2832 quatuor

289 2855 383 2886 bona
407 2853 443 2883 in
472 2849 594 2891 quibus
618 2845 826 2878 consolatur.
851 2843 900 2874 De
924 2841 1017 2872 bono
1039 2840 1072 2869 et
1089 2836 1178 2868 malo

290 2899 451 2938 hominis⁷
473 2898 544 2929 sive
563 2895 762 2931 intrinseco,
784 2891 855 2923 sive
875 2888 1078 2920 extrinseco.
1094 2885 1182 2922 Quo-

291 2948 395 2980 modo
415 2945 568 2978 Christus
587 2942 718 2974 dicatur
731 2939 799 2979 via,
818 2937 943 2969 veritas
968 2937 1002 2967 et
1024 2933 1106 2965 vita.
1130 2933 1180 2964 De

291 2992 470 3035 multiplici
485 2999 583 3032 aquae
607 2986 867 3029 significatione.

249 3042 432 3082 Attendite,
448 3037 570 3082 popule
586 3045 691 3074 meus,
708 3033 831 3066 Psalm.
846 3033 899 3063 Π.
916 3026 1180 3070 Quodjudaicus

292 3090 438 3132 populus
457 3086 581 3119 dicitur
605 3084 703 3115 vetus
722 3079 837 3112 multis
856 3078 896 3109 de
919 3076 1039 3108 causis.
1061 3076 1105 3107 Os
1129 3074 1180 3105 di-

295 3139 380 3170 citur
407 3133 522 3167 multis
550 3131 673 3164 modis.
692 3126 838 3169 Singulis
869 3123 1026 3165 personis
1056 3120 1180 3153 divinis

294 3183 427 3225 singula
448 3179 710 3223 appropriantur
728 3177 896 3215 tempora.
920 3170 1073 3203 Christus
1093 3177 1178 3200 sem-

292 3241 354 3273 per
373 3229 504 3270 incipit.
531 3226 630 3265 Quod
648 3220 859 3266 quadruplex
881 3219 972 3250 lucta
993 3215 1104 3248 notari
1123 3214 1179 3246 de-

292 3280 363 3310 bet.
383 3279 431 3309 De
451 3274 576 3316 duplici
593 3270 812 3315 generatione
833 3264 1014 3307 corporali,
1036 3265 1069 3295 et
1088 3261 1180 3294 simi-

292 3327 370 3357 liter
408 3321 582 3364 spirituali.
620 3317 799 3358 Quomodo
838 3311 996 3347 conversi
1025 3310 1180 3343 dicantur

292 3373 352 3404 filii
370 3371 519 3412 Ephrem
542 3368 600 3409 (b).

253 3420 340 3459 Quid
358 3419 458 3452 Tanis
485 3415 651 3458 significet
666 3413 726 3455 (b).
749 3411 926 3444 Columnae
948 3404 1178 3447 multipliciter

295 3468 467 3500 dicuntur.
491 3465 617 3497 Cereus
636 3459 806 3504 paschalis
825 3457 978 3491 Christus
1004 3454 1058 3495 (b).
1080 3451 1177 3491 Quod

1242 281 1413 326 INDEX.

1225 514 1284 546 243

1224 892 1282 924 244

1221 1273 1238 1302 Kx>

1245 1273 1259 1303 ,με

1263 1272 1280 1302 Ue

1221 2172 1281 2202 247

1221 2408 1280 2439 248

1222 2977 1282 3008 250

1222 3354 1278 3385 251

290 3585 328 3619 (a)
357 3583 431 3611 Coet.
455 3581 525 3610 edit.
547 3580 710 3608 Christo.—
734 3577 770 3612 (h)
787 3575 929 3603 Hoc-non
951 3571 1055 3600 habent
1073 3573 1136 3598 coet.
1159 3567 1229 3597 edit.
1246 3580 1282 3588 —

254 3625 289 3660 (c)
307 3626 380 3654 c'oet.
395 3625 466 3652 edit.
481 3621 647 3657 multiplici.
660 3633 694 3641 -—
714 3619 754 3654 td)
771 3618 844 3647 Coee.
858 3616 928 3644 edit.
943 3612 1098 3649 corporati.

1401 372 1644 413 praedicatores
1655 370 1765 403 ventis
1776 370 2029 412 comparantur.
2047 371 2161 404 Pulvis
2177 373 2288 406 multi-

1401 419 1533 460 pliciter
1549 419 1684 451 dicitur.
1694 418 1792 457 Quod
1806 418 1944 459 quidam
1957 417 2150 451 veniuntad
2165 420 2285 462 Deum,

1401 467 1539 508 quidam
1564 467 1701 507 abeunt,
1722 465 1861 507 quidam
1879 473 1962 498 vero
1981 465 2138 499 redeunt.
2153 467 2203 499 De
2223 467 2288 500 cle·

1400 516 1529 547 mentia
1549 515 1620 554 Dei,
1643 515 1677 547 et
1690 514 1827 546 miseria
1845 513 1994 545 hominis
2016 513 2073 555 (b).

1358 563 1440 595 Tres
1460 563 1584 594 diversi
1604 567 1729 602 patres.
1757 562 1834 593 Tria
1856 561 1890 592 in
1906 560 2020 601 nobis,
2043 563 2075 592 et
2093 570 2156 593 nos
2177 561 2212 593 in
2227 563 2288 595 tri-

1400 610 1464 641 bus
1493 609 1712 641 considerare
1743 608 1917 639 debemus.
1952 609 2000 638 De
2032 608 2211 649 multiplici
2233 610 2291 642 de-

1401 659 1501 688 serto.
1537 657 1688 694 Quatuor
1719 657 1798 687 sunt
1828 654 2029 695 principalia
2058 655 2140 687 vitia
2169 656 2291 697 quibus

1400 704 1504 735 homo
1522 704 1623 735 cadit.
1644 704 1726 741 Qua}
1743 703 1808 734 sint
1827 702 1986 733 habenda
2005 702 2148 742 homini,
2173 705 2210 734 ut
2227 703 2292 735 eli-

1401 754 1498 792 gatur
1518 760 1537 782 a
1556 752 1628 783 Deo
1650 750 1710 792 (b).
1742 750 1791 781 De
1819 749 1935 791 figuris
1966 748 2073 781 cereis
2100 749 2221 782 oblatis
2248 759 2291 782 ex

1401 801 1497 830 voto.

1358 845 1458 884 Deus,
1479 847 1638 877 venerunt
1651 846 1776 885 qentes,
1798 843 1922 876 Psalm.
1942 843 1994 876 78.
2013 843 2112 881 Quod
2130 844 2292 886 templum

1401 893 1546 933 quatuor
1566 892 1676 924 modis
1697 891 1908 933 intelligitur.

1359 940 1408 971 De
1428 939 1605 979 multiplici
1627 938 1806 971 effusione.
1828 940 1876 970 De
1896 937 1966 969 zelo
1986 937 2158 978 conjugali
2179 937 2241 980 (d),
2260 939 2293 970 et

1401 986 1577 1027 spirituali.
1596 987 1633 1017 In
1651 995 1718 1027 quo
1737 985 1901 1017 consistat
1926 994 2008 1016 vera
2027 987 2210 1025 paupertas
2231 985 2290 1026 (b).

1398 1035 1526 1065 Tumor
1542 1033 1712 1074 superbire
1738 1032 1960 1074 deponendus
1982 1031 2041 1072 (b).

1359 1080 1422 1120 Qui
1438 1082 1529 1121 reglis
1549 1080 1666 1113 Israel,
1684 1080 1827 1120 intende,
1850 1079 1975 1111 Psalm.
1996 1080 2046 1111 79.
2070 1078 2292 1112 Praelatorum

1400 1137 1526 1169 genera
1542 1130 1699 1169 quatuor.
1729 1129 1863 1160 Nomen
1883 1126 2011 1167 Joseph
2031 1125 2154 1168 figurat
2173 1126 2289 1159 Eccle-

1400 1175 1482 1206 siam
1505 1174 1566 1216 (b).
1588 1176 1636 1207 De
1661 1174 1824 1207 charitate
1838 1198 1848 1214 ‚
1868 1173 1956 1206 utin
1980 1174 2065 1205 Deo.

1357 1223 1405 1254 De
1425 1223 1545 1254 eadem
1558 1247 1566 1261 ‚
1586 1224 1624 1254 ut
1644 1222 1677 1253 in
1706 1222 1881 1254 creaturis.
1901 1221 2081 1259 Quomodo
2101 1220 2291 1253 claudicare

1399 1269 1518 1302 deceat
1534 1269 1585 1310 (b).
1607 1271 1655 1301 De
1668 1279 1728 1301 sex
1741 1269 1964 1310 temporibus.
1979 1269 2046 1300 Cur
2058 1268 2126 1301 vita
2139 1277 2291 1309 praesens

1399 1317 1528 1349 dicatur
1556 1317 1653 1358 panis
1674 1317 1732 1360 (b).
1756 1317 1843 1356 Quid
1869 1317 1912 1349 sit
1928 1316 2104 1348 maceries.
2132 1317 2180 1348 De
2203 1315 2292 1348 mul-

1398 1364 1503 1405 tiplici
1523 1374 1634 1397 muro.

1356 1411 1517 1443 Exultate
1548 1413 1612 1443 Deo
1635 1411 1787 1452 adjutori
1803 1412 1927 1452 nostro,
1947 1411 2071 1443 Psalm.
2094 1411 2146 1442 80.
2167 1411 2216 1442 De
2234 1409 2291 1442 trt-

1397 1459 1476 1500 plici
1492 1459 1705 1500 separatione
1727 1469 1802 1501 quae
1820 1459 1857 1491 fit
1874 1458 1909 1489 in
1929 1458 2089 1490 Ecclesia.
2107 1457 2204 1496 Quod
2223 1459 2293 1489 tor·

1399 1507 1492 1539 cular
1507 1507 1622 1539 multis
1641 1507 1752 1539 modis
1775 1507 1909 1538 dicitur.
1931 1506 2031 1544 Quod
2051 1507 2196 1547 quatuor
2215 1506 2293 1536 sunt

1399 1557 1504 1587 status
1520 1555 1681 1587 hominis.
1707 1556 1806 1593 Quod
1823 1555 1937 1586 oleum
1952 1554 2016 1586 tria
2031 1552 2124 1586 facit.
2146 1553 2234 1591 Quid
2249 1552 2292 1584 sit

1401 1602 1492 1655 exire
1514 1602 1554 1633 de
1575 1603 1665 1633 terra
1685 1602 1837 1643 AEgypti.
1854 1601 1954 1640 Quod
1970 1600 2076 1633 homo
2096 1601 2229 1632 constat
2247 1608 2290 1631 ex

1400 1659 1562 1690 quinque.

1357 1696 1574 1728 Dilatandum
1595 1706 1633 1728 os
1655 1695 1781 1735 cordis,
1801 1697 1838 1727 ut
1858 1695 2039 1736 impleatur
2059 1693 2135 1725 cibo
2156 1695 2190 1725 et
2207 1695 2291 1734 potu

1398 1744 1528 1776 coelesti
1553 1743 1613 1784 (b).
1650 1745 1699 1775 De
1730 1742 1836 1774 tribus
1866 1742 2031 1774 fructibus
2063 1739 2289 1781 poenitentiae.

1399 1791 1497 1829 Quod
1517 1791 1591 1822 laus
1610 1791 1728 1822 divina
1752 1790 1786 1821 in
1813 1792 1959 1831 quatuor
1984 1788 2137 1821 consistit
2158 1786 2220 1828 (b).
2243 1788 2290 1819 De

1399 1839 1625 1871 seminatione
1645 1838 1741 1870 verbi
1766 1838 1840 1869 Dei.
1871 1837 1970 1876 Quod
1989 1834 2167 1876 multiplici
2184 1833 2289 1867 modo

1399 1888 1489 1919 Deus
1508 1886 1612 1918 mittit
1629 1894 1769 1917 manum
1790 1893 1889 1916 suum
1910 1884 1969 1925 (b).

1356 1935 1444 1966 Deus
1462 1935 1554 1965 stetit
1570 1935 1604 1965 in
1622 1941 1793 1974 synaqoqa
1809 1932 1957 1971 deorum,
1979 1930 2104 1963 Psalm.
2123 1931 2176 1961 81.
2191 1928 2290 1967 Quod

1373 1981 1464 2012 Deus
1484 1984 1572 2013 stare
1593 1979 1708 2012 multis
1727 1979 1839 2012 modis
1859 1979 1994 2012 dicitur.
2016 1979 2064 2010 De
2085 1978 2216 2018 septem
2236 1976 2289 2008 vi·

1412 2028 1466 2060 tiis
1482 2028 1695 2069 capitalibus.

1357 2076 1537 2114 Quomodo
1558 2075 1716 2116 superbia
1735 2074 1778 2106 sit
1799 2074 1897 2106 radix
1913 2073 2067 2105 omnium
2085 2071 2267 2104 malorum.

1356 2124 1456 2165 Deur,
1478 2124 1552 2164 quis
1571 2122 1700 2154 similis
1719 2123 1786 2153 erit
1806 2121 1880 2162 tibi,
1901 2121 2025 2153 Psalm.
2047 2122 2100 2152 82.
2126 2121 2175 2151 De
2204 2119 2288 2151 taci-

1397 2172 1557 2204 turnitate
1587 2169 1778 2211 multiplici.
1801 2170 1900 2207 Quod
1926 2178 1997 2201 non
2016 2178 2085 2200 uno
2111 2169 2288 2200 momento

1397 2223 1501 2261 petrae
1528 2219 1659 2259 scissae,
1681 2220 1714 2250 et
1737 2219 1962 2249 monumenta
1989 2218 2068 2257 post
2092 2215 2288 2256 passionem

1398 2267 1520 2299 Christi
1530 2269 1646 2308 aperta
1657 2267 1735 2297 sunt
1750 2264 1795 2305 (b)
1803 2288 1811 2296 .
1827 2266 1874 2296 De
1882 2264 2061 2305 multiplici
2072 2264 2287 2295 testamento.

1399 2317 1447 2347 De
1466 2314 1643 2356 multiplici
1661 2313 1760 2344 valle.
1778 2312 1910 2353 Duplex
1938 2311 2205 2351 alienigenarum
2234 2317 2290 2349 ge-

1398 2371 1464 2394 nus
1487 2362 1549 2402 (b).
1585 2363 1633 2393 De
1665 2359 1788 2400 triplici
1821 2358 1999 2400 sapientia.
2032 2359 2082 2390 De
2111 2355 2290 2398 multiplici

1398 2412 1485 2441 rota.
1506 2409 1584 2441 Tria
1601 2408 1636 2440 in
1654 2407 1798 2449 judicio.

1357 2458 1514 2497 Quonam
1544 2465 1644 2489 sensu
1671 2464 1800 2487 nomen
1821 2455 1982 2486 Dominus
2013 2455 2086 2485 Deo
2111 2451 2288 2484 essentiale

1399 2506 1452 2538 sit.
1472 2507 1521 2538 De
1535 2513 1678 2536 numero
1690 2501 1880 2534 undenario
1902 2501 1964 2543 (b).
1979 2501 2027 2533 De
2040 2499 2162 2541 triplici
2176 2499 2288 2540 culpa.

1357 2554 1462 2593 Quam
1480 2551 1603 2583 dilecta
1628 2548 1843 2582 tabernacula
1868 2551 1944 2589 tua,
1971 2547 2094 2579 Psalm.
2117 2548 2168 2578 83.
2190 2545 2290 2584 Quod

1397 2601 1502 2632 homo
1521 2599 1606 2638 tria,
1628 2607 1702 2639 quae
1722 2597 1926 2638 praesentem
1954 2595 2059 2626 vitam
2087 2596 2289 2635 sequentur,

1399 2649 1432 2679 et
1450 2647 1516 2679 tria
1535 2646 1649 2678 adhuc
1666 2645 1702 2676 in
1719 2644 1843 2676 horum
1864 2642 2005 2683 singulis
2032 2641 2153 2673 timere
2175 2640 2287 2672 debet.

1398 2696 1447 2726 De
1464 2694 1596 2726 duabus
1620 2692 1695 2732 alis,
1715 2691 1838 2732 quibus
1855 2690 1962 2722 homo
1981 2688 2118 2720 vehitur
2144 2687 2180 2719 'm
2198 2695 2289 2728 prae·

1399 2741 1498 2774 senti.
1522 2740 1622 2779 Quod
1642 2741 1732 2771 Deus
1750 2739 1793 2770 ad
1806 2747 1871 2770 nos
1895 2735 2082 2776 descendit,
2104 2737 2137 2767 et
2158 2743 2223 2766 nos
2248 2733 2292 2766 ad

1398 2790 1507 2820 Deum
1527 2788 1691 2819 debemus
1715 2784 1911 2817 ascendere.

1357 2836 1493 2876 Qualis,
1522 2837 1555 2867 et
1580 2834 1717 2876 qualem
1734 2831 2012 2864 benedictionem
2040 2830 2132 2861 Deus
2157 2827 2235 2869 det,
2255 2829 2288 2859 et

1399 2881 1586 2924 quotuplici
1600 2880 1733 2913 ratione
1744 2879 1804 2921 (b).
1817 2878 1905 2917 Quid
1920 2878 2039 2909 innuat
2049 2885 2118 2909 vox
2132 2875 2215 2910 Sion
2226 2874 2286 2916 (b).

1399 2931 1498 2969 Quod
1522 2929 1776 2961 firmamentum
1796 2926 1860 2958 erit
1878 2924 2000 2957 stabile
2030 2924 2067 2956 in
2093 2923 2219 2956 futuro.
2239 2922 2288 2955 De

1398 2977 1618 3011 luminarium
1638 2973 1884 3017 significatione
1907 2971 1968 3014 (b).

1356 3025 1576 3066 Benedioez'stz‘,
1598 3023 1762 3064 Domine,
1794 3023 1919 3053 terram
1947 3021 2059 3059 tuam,
2088 3018 2214 3051 Psalm.
2235 3017 2287 3050 84.

1399 3073 1498 3111 Quod
1521 3069 1733 3114 praeteritum
1751 3066 1984 3109 multipliciter
2008 3065 2160 3107 ponitur.
2190 3064 2290 3104 Quod

1399 3122 1490 3153 Deus
1506 3117 1738 3159 multipliciter
1753 3115 1915 3157 loquitur.
1935 3114 1984 3146 De
2003 3122 2102 3155 pace,
2116 3121 2196 3146 cum
2213 3120 2293 3154 qua-

1398 3167 1554 3208 druplici,
1577 3168 1651 3198 tum
1673 3162 1812 3206 duplici.

1357 3217 1406 3248 De
1425 3214 1642 3248 distinctione
1662 3213 1766 3246 trium
1794 3214 2001 3254 temporum.
2032 3209 2082 3245 Dc
2107 3203 2288 3252 multiplici

1398 3264 1494 3296 vocis
1507 3262 1640 3304 Lapidis
1657 3260 1916 3302 significatione.
1933 3260 1983 3292 De
2001 3258 2182 3292 dilectione
2202 3265 2287 3299 pro-

1397 3311 1493 3352 ximi,
1513 3313 1547 3342 et
1559 3308 1822 3351 perseverantia.

1356 3359 1484 3391 Inclz'na
1499 3382 1508 3398 ‚
1539 3357 1704 3391 Domine,
1722 3365 1836 3388 aurem
1858 3356 1950 3387 tuam
1959 3377 1972 3394 ,
1990 3353 2115 3387 Psalm.
2148 3354 2200 3385 85.
2229 3352 2305 3384 Duo

1397 3404 1630 3439 contraximus
1650 3403 1691 3435 de
1722 3403 1842 3435 Adam.
1863 3402 1912 3434 De
1940 3410 2004 3433 usu
2023 3399 2173 3443 quinque
2203 3405 2286 3430 sen-

1398 3463 1495 3486 suum
1513 3453 1550 3484 in
1570 3460 1670 3484 carne
1685 3450 1869 3483 domanda.

1356 3502 1454 3541 Quod
1472 3499 1674 3543 poenitentia
1693 3498 1759 3531 tria
1776 3495 1930 3539 requirit.
1951 3494 2051 3535 Quod
2068 3501 2147 3537 spes
2169 3490 2285 3524 timori

1397 3548 1587 3592 adjicienda
1599 3549 1650 3580 est
1672 3545 1732 3588 (b).

1354 3596 1582 3629 Fundamenta
1601 3594 1674 3634 ejus
1691 3594 1728 3626 in
1748 3591 1932 3629 montibus.
1955 3588 2080 3622 Psalm.
2100 3588 2154 3620 86.
2184 3585 2284 3625 Quod

2331 517 2392 548 252

2333 891 2393 924 253

2335 1173 2394 1205 254

2329 1363 2390 1394 255

2332 1645 2393 1677 256

2334 2023 2394 2055 257

2330 2402 2390 2435 258

2329 2780 2392 2812 259

2331 3157 2390 3192 260

2327 3443 2385 3476 261
