2633 3878
1135 152 1448 196 PROOEMtUM.

221 244 315 285 ideo
340 244 429 296 ipse
454 256 542 297 prae
569 246 731 286 caeteris
757 246 836 286 fuit
863 244 957 285 talis
977 242 1076 283 libri
1096 253 1249 282 conve-

221 314 404 355 nientior
424 317 586 356 auctor.

274 385 393 428 Patet
422 385 579 437 igitur,
598 397 707 439 ,quae
747 385 800 426 sit
831 385 963 438 hujus
990 382 1089 424 libri
1126 394 1254 423 causa

221 456 466 507 materialis,
488 456 692 506 formalis,
714 456 912 506 efficiens,
935 457 975 496 et
992 452 1154 494 finalis:
1180 452 1253 493 sed

214 529 342 580 J‘uxta
370 526 448 566 has
472 530 654 580 quatuor
673 538 840 575 causas,
862 529 1044 579 quatuor
1064 523 1253 577 pericula

218 599 396 650 possunt
415 598 574 650 quaeri:
599 599 738 651 primo
762 598 813 638 de
833 598 939 647 fine,
965 595 1118 637 dicitur
1136 594 1251 635 enim

218 668 333 721 quod
351 669 452 709 finis
471 668 569 710 libri
585 672 647 710 est
666 671 932 721 contemptus
948 666 1116 717 mundi3
1134 665 1248 719 quod

218 741 359 780 autem
396 740 455 780 sic
486 739 541 780 sit
567 739 897 786 determinatus,
939 737 1144 790 probatur
1175 748 1252 790 per

217 808 336 860 illud,
353 811 465 863 quod
478 811 676 852 dicitur1:
694 825 714 849 t(
735 809 932 851 Amicitia
951 809 1026 861 huj
1034 821 1085 849 us
1098 807 1251 849 mundi

216 879 389 921 inimica
409 883 471 921 θεῖ
499 881 604 922 Dei:
627 896 646 919 ›)
671 881 742 922 sed
772 893 897 921 omne
929 879 1041 933 quod
1077 878 1160 919 Deo
1190 881 1253 919 est

216 951 461 1003 inimicum,
493 951 655 992 bonum
678 954 741 993 est
767 953 1051 992 contemnere.
1082 950 1186 991 Item
1209 951 1250 990 ²:

221 1037 241 1060 (ι
257 1021 395 1063 Nolite
414 1022 590 1075 diligere
609 1023 836 1072 mundum,
859 1033 998 1074 neque
1015 1033 1066 1062 ea
1086 1033 1183 1074 quae
1207 1020 1252 1061 in

215 1094 375 1135 mundo
391 1096 505 1134 sunt.
528 1108 547 1131 »

268 1164 349 1206 Sed
368 1166 514 1206 contra
533 1179 541 1206 :
564 1164 675 1206 Laus
696 1164 835 1218 operis
854 1163 1064 1205 redundat
1083 1164 1126 1204 in
1147 1164 1248 1204 arti-

214 1237 366 1278 ficem:
397 1248 498 1288 ergo
518 1239 560 1277 et
583 1239 848 1290 contemptus
874 1236 1013 1289 operis
1040 1235 1250 1276 redundat

213 1309 258 1349 in
279 1309 476 1350 eumdem
500 1323 508 1350 :
539 1320 646 1361 ergo
664 1308 737 1361 qui
756 1308 987 1349 contemnit
1008 1307 1219 1348 mundum
1236 1338 1248 1357 ,

213 1381 443 1422 contemnit
470 1380 637 1422 Deum:
672 1382 746 1420 aut
782 1379 918 1432 igitur
950 1379 1028 1419 iste
1060 1379 1250 1420 mundus

212 1463 299 1492 non
324 1454 388 1492 est
415 1451 549 1492 factus
568 1464 594 1492 a
618 1451 723 1502 Deo,
756 1454 829 1491 aut
854 1462 941 1492 non
968 1453 1030 1491 est
1057 1453 1247 1491 contem-

211 1522 392 1563 nendus.
415 1522 520 1564 Item
542 1526 583 1563 ³:
611 1539 630 1562 (ι
657 1522 864 1564 Universa
890 1524 1063 1575 propter
1093 1524 1250 1562 semet-

211 1594 354 1647 ipsum
373 1597 571 1647 operatus
589 1597 651 1635 est
679 1593 909 1634 Dominus:
927 1607 946 1630 1)
973 1605 1078 1645 ergo
1102 1593 1248 1633 omnia

212 1665 462 1707 ordinantur
480 1666 533 1706 ad
550 1665 707 1706 Deum:
729 1664 803 1705 sed
825 1664 939 1717 quod
961 1664 1185 1704 ordinatur
1203 1664 1248 1704 in

211 1738 360 1788 finem,
375 1749 461 1778 non
481 1739 543 1777 est
559 1736 930 1786 contemnendum,
951 1735 1023 1776 sed
1044 1735 1248 1788 accipien-

213 1810 317 1851 dum
335 1812 377 1850 et
397 1809 627 1850 amandum
644 1823 652 1848 :
677 1820 784 1860 ergo
805 1808 992 1848 mundus
1015 1808 1115 1858 iste,
1137 1810 1179 1848 et
1197 1819 1247 1848 ea

212 1893 311 1935 quae
331 1882 431 1921 sunt
448 1880 493 1920 in
513 1891 582 1930 eo,
606 1882 705 1920 sunt
724 1879 921 1919 amanda.

265 1953 510 2007 Respondeo
530 1953 771 2003 dicendum,
788 1951 902 2005 quod
922 1951 1030 1992 sicut
1050 1951 1144 1992 vult
1166 1952 1250 1992 Au-

213 2026 416 2079 gustinus
436 2025 466 2075 ¹¹,
489 2028 530 2065 et
554 2024 696 2076 Hugo,
719 2023 907 2064 mundus
934 2023 1014 2063 iste
1039 2025 1102 2063 θεῖ
1127 2023 1249 2076 quasi

211 2097 386 2150 quidam
404 2095 588 2136 annulus
607 2095 730 2135 datus
744 2107 769 2134 a
786 2093 949 2147 Sponso
969 2093 1048 2146 ipsi
1066 2093 1244 2145 animae3

211 2180 365 2222 sponsa
385 2169 527 2208 autem
553 2166 778 2219 dupliciter
808 2167 943 2219 potest
969 2165 1150 2218 diligere
1170 2178 1245 2207 an-

211 2240 365 2281 nulum
395 2252 421 2280 a
446 2250 602 2292 sponso
631 2237 712 2278 51111
737 2237 956 2287 collatum,
986 2249 1132 2278 amore
1165 2238 1245 2278 sci-

210 2311 307 2351 licet
332 2312 468 2358 casto,
495 2312 536 2349 et
562 2308 814 2349 adulterino.
843 2310 971 2347 Amor
999 2310 1138 2347 castus
1162 2310 1244 2358 est,

213 2393 298 2434 quo
322 2380 464 2432 diligit
488 2379 700 2420 annulum
730 2379 773 2418 in
801 2378 1051 2418 memoriam
1077 2379 1242 2431 sponsi,

213 2454 255 2492 et
271 2454 443 2504 propter
463 2461 655 2490 amorem
679 2449 843 2502 sponsi;
867 2449 1147 2498 adulterinus,
1161 2462 1246 2502 quo

212 2522 354 2573 diligit
372 2521 582 2561 annulum
602 2520 700 2572 plus
715 2532 844 2573 quam
865 2531 1085 2572 sponsum,
1106 2522 1147 2561 et
1166 2521 1246 2561 hoc

212 2606 391 2648 sponsus
418 2605 505 2634 non
535 2595 672 2645 potest
699 2604 784 2632 non
816 2592 973 2633 habere
1004 2604 1081 2644 pro
1115 2593 1242 2633 malo.

213 2665 330 2707 Sicut
350 2665 464 2706 enim
490 2664 649 2717 duplex
672 2666 734 2704 θεῖ
755 2675 889 2714 amor,
918 2663 975 2703 ita
1002 2663 1160 2716 duplex
1185 2667 1248 2705 est

210 2738 357 2779 odium
378 2737 446 2778 vel
466 2738 754 2787 contemptus,
776 2734 877 2787 quia
903 2734 1070 2787 quoties
1091 2735 1245 2776 dicitur

210 2821 345 2850 unum
369 2807 675 2861 oppositorum,
700 2809 741 2847 et.
758 2805 1000 2858 reliquum:
1024 2809 1242 2859 contemp-

209 2883 280 2922 tus
299 2879 462 2929 annuli,
479 2878 600 2932 quasi
620 2878 673 2919 sit
685 2890 868 2931 parvum
883 2878 952 2918 vel
965 2878 1049 2918 vile
1065 2878 1242 2929 donum,

209 2951 421 2992 redundat
447 2949 492 2989 in
517 2960 748 3002 sponsum;
782 2948 854 2989 sed
881 2951 1149 3000 contemptus
1168 2961 1244 2989 an-

210 3023 322 3072 nuli,
370 3021 490 3074 quasi
525 3020 635 3060 nihil
672 3022 893 3072 reputetur
931 3020 1245 3072 comparatione

211 3093 370 3134 amoris
389 3092 547 3146 sponsi,
569 3091 646 3131 iste
667 3094 731 3131 est
749 3091 801 3131 ad
821 3090 1004 3142 gloriam
1025 3090 1182 3142 sponsi,
1204 3094 1245 3133 et

211 3169 262 3209 de
292 3169 374 3208 hoc
407 3168 653 3218 contemptu
689 3165 841 3205 dicitur
874 3167 916 3204 ⁵:
955 3179 974 3202 <1
1006 3163 1049 3204 Si
1085 3164 1245 3206 dederit

210 3237 339 3279 homo
359 3249 532 3278 omnem
558 3236 837 3277 substantiam
868 3235 1019 3276 domus
1040 3236 1139 3276 'suae
1167 3248 1244 3290 pro

211 3308 450 3359 dilectione,
480 3307 600 3360 quasi
631 3306 740 3347 nihil
765 3306 964 3359 despiciet
988 3318 1098 3347 eam.
1128 3321 1147 3344 n
1186 3307 1243 3349 De

257 3415 264 3432 ¹
283 3414 366 3454 Iac„
392 3421 436 3453 w,
457 3415 487 3445 4.
509 3430 548 3437 —
567 3414 578 3433 ²
601 3414 609 3444 1
633 3415 742 3454 loon„
767 3420 804 3452 ιι,
825 3415 874 3444 15.
897 3430 931 3435 —
956 3411 969 3432 ³
987 3413 1097 3452 Pron„
1120 3421 1190 3455 xvi,
1211 3417 1243 3446 4.

216 3478 252 3484 -
276 3460 289 3482 ⁴
309 3463 410 3502 Aug„
430 3462 548 3494 Enarr.
570 3462 605 3493 in
625 3460 715 3493 Psal.
741 3468 858 3493 xxxvi.
879 3478 920 3485 —
944 3461 954 3480 ⁵
977 3460 1086 3501 Cant„
1116 3469 1190 3501 vm,
1210 3463 1241 3495 7.

2276 162 2353 200 583

1325 244 1406 284 hoc
1426 246 1671 297 contemptu
1693 247 1755 285 est
1776 246 1846 286 hic
1871 257 2032 297 sermo,
2060 250 2101 288 et
2121 247 2181 288 sic
2208 250 2355 301 patent

1324 313 1500 365 objecta.
1530 313 1806 355 Postmodum
1837 316 2043 368 quaeritur
2074 318 2125 358 de
2154 318 2350 370 materia,
2372 323 2512 370 Andevq-

1325 388 1365 424 θῖ
1387 385 1551 436 dicitur,
1576 386 1689 438 quod
1713 385 1782 426 hic
1807 386 1950 437 agitur
1972 387 2023 427 de
2051 389 2250 430 vanitate.
2274 389 2355 431 Sed
2374 367 2517 435 Ποεξξῗῄ

1326 458 1494 496 contra:
1518 455 1663 498 Omnis
1689 456 1862 497 scientia
1881 459 1944 497 est
1961 457 2012 498 de
2030 459 2143 499 bono
2163 462 2204 500 et
2222 473 2325 502 vero
2343 476 2351 502 :
2375 449 2505 476 meum·

1325 526 1397 566 sed
1417 539 1577 568 vanum
1598 528 1736 580 privat
1755 527 1941 568 bonitate
1961 531 2001 568 et
2021 529 2196 570 veritate
2215 544 2223 570 :
2250 543 2356 583 ergo

1325 595 1376 636 de
1405 596 1496 649 ipso
1525 610 1612 638 non
1640 601 1701 638 est
1727 599 1914 639 scientia.
1938 598 2148 640 Praeterea
2172 601 2354 653 videtur,

1325 667 1439 719 quod
1454 667 1499 707 in
1515 669 1644 708 rebus
1658 680 1745 708 non
1759 669 1813 708 sit
1829 669 2009 720 vanitas,
2030 670 2132 722 quia
2151 671 2304 712 dicitur
2318 676 2352 712 ⁶:

1330 752 1350 776 (ι
1367 736 1481 778 Vidit
1510 737 1620 779 Deus
1651 742 1802 779 cuncta
1831 751 1928 792 quae
1955 740 2132 790 fecerat,
2170 744 2211 782 et
2238 745 2359 783 erant

1325 808 1446 850 valde
1460 809 1590 850 bona:
1608 824 1626 847 1)
1646 821 1752 862 ergo
1768 811 1803 850 si
1817 811 1960 851 omnia
1977 815 2075 852 sunt
2092 813 2214 854 valde
2228 813 2355 863 bona,

1325 880 1431 921 nihil
1468 884 1532 922 est
1563 893 1741 923 vanum.
1776 881 1988 923 Praeterea
2021 895 2183 923 vanum
2220 887 2283 924 θεῖ
2318 888 2359 925 et

1323 951 1502 1002 frustra,
1527 953 1641 1006 quod
1667 965 1754 993 non
1779 955 1841 993 est
1871 953 2112 994 ordinatum
2131 954 2176 993 in
2202 955 2356 1005 finem,

1325 1023 1433 1063 sicut
1457 1023 1491 1063 si
1516 1023 1670 1077 aliquis
1690 1036 1734 1065 se
1754 1024 1970 1066 balnearet
1992 1027 2040 1065 ut
2059 1024 2121 1065 sol
2142 1025 2358 1076 deficeret,

1324 1093 1369 1134 in
1388 1106 1552 1135 vanum
1579 1099 1838 1148 operaretur,
1863 1096 1963 1149 quia
1990 1096 2072 1137 hoc
2095 1109 2182 1138 non
2206 1100 2268 1138 est
2287 1109 2356 1138 or-

1324 1165 1507 1206 dinabile
1527 1166 1580 1207 ad
1600 1166 1705 1207 illud
1728 1180 1738 1208 :
1770 1167 1842 1208 sed
1866 1180 2014 1208 omnes
2034 1170 2241 1210 creaturae
2264 1171 2356 1210 ten-

1324 1236 1430 1277 dunt
1448 1237 1500 1277 ad
1515 1249 1736 1278 summum
1755 1239 1917 1278 bonum
1938 1250 2016 1279 suo
2035 1238 2176 1289 modo,
2194 1242 2243 1279 ut
2258 1239 2360 1280 dicit

1323 1307 1547 1362 Dionysius
1561 1310 1592 1359 ⁷,
1610 1312 1650 1349 et
1669 1309 1839 1350 Boetius
1851 1313 1880 1358 8,
1902 1310 2017 1362 quod
2035 1310 2180 1350 omnia
2196 1310 2357 1351 bonum

1324 1383 1539 1433 exoptant,
1557 1385 1599 1422 et
1618 1382 1745 1422 etiam
1768 1381 2052 1433 Philosophus
2065 1381 2103 1421 ⁹:
2126 1392 2230 1432 ergo
2249 1381 2357 1422 nihil

1323 1451 1367 1491 in
1398 1452 1527 1492 rebus
1555 1453 1754 1493 omnibus
1784 1452 1995 1505 reperitur
2023 1464 2201 1492 vanum.
2234 1451 2352 1492 Prae-

1322 1525 1438 1564 terea
1459 1524 1494 1564 si
1514 1524 1739 1576 reperitur,
1761 1526 1802 1563 et
1820 1523 1992 1563 scientia
2009 1523 2088 1563 ista
2102 1526 2163 1563 est
2183 1523 2358 1564 fundata

1323 1606 1451 1647 super
1477 1594 1583 1635 illud
1612 1597 1819 1647 tanquam
1852 1605 1982 1646 super
2021 1594 2285 1645 subjectum,
2319 1596 2361 1634 et

1323 1666 1437 1719 quod
1453 1666 1656 1706 fundatur
1673 1667 1736 1705 est
1749 1676 1911 1705 vanum
1929 1678 1939 1705 :
1960 1676 2065 1714 ergo
2082 1664 2176 1705 haec
2188 1664 2360 1706 scientia

1322 1749 1433 1778 vana
1452 1739 1528 1777 est.

1375 1809 1441 1849 Ad
1454 1807 1784 1860 intelligentiam
1797 1806 2114 1860 praedictorum,
2129 1818 2217 1847 uno
2231 1806 2357 1848 modo
2389 1812 2512 1841 Solutio·

1322 1882 1458 1934 potest
1480 1879 1560 1920 (1101
1590 1879 1674 1929 510,
1708 1878 1823 1931 quod
1851 1889 2012 1919 vanum
2039 1877 2192 1918 dicitur
2217 1877 2356 1931 dupli·
2390 1885 2506 1930 Vanlmff

1323 1952 1450 1992 citer:
1480 1963 1567 1991 uno
1595 1949 1721 1991 modo
1756 1949 2017 2002 simpliciter,
2053 1951 2094 1989 et
2129 1949 2188 1989 sic
2219 1948 2359 2001 privat
2387 1924 2512 1993 1311ῗᾷ

1322 2034 1424 2063 vero
1443 2025 1484 2063 et
1502 2022 1629 2071 bono,
1648 2024 1689 2062 et
1708 2021 1789 2062 tale
1803 2032 1892 2061 non
1908 2023 1970 2061 est
1988 2020 2033 2060 in
2052 2020 2278 2071 universo;
2297 2024 2360 2061 est
2423 2010 2480 2035 ²¹¹³·

1323 2094 1404 2135 alio
1435 2093 1560 2135 modo
1593 2105 1757 2134 vanum
1795 2104 1870 2145 per
1907 2091 2266 2144 comparationem
2304 2092 2359 2133 ad

1321 2166 1555 2206 terminum
1580 2165 1809 2215 initialem,
1831 2163 1934 2217 quia
1962 2164 2014 2204 (10
2039 2163 2198 2214 nihilo,
2230 2166 2271 2204 et
2299 2163 2358 2204 510

1322 2249 1409 2279 11011
1437 2239 1651 2290 repugnat
1686 2237 1820 2286 bono,
1859 2235 1948 2276 imo
1988 2247 2127 2276 unum
2160 2238 2201 2276 et
2244 2235 2357 2277 idem

1322 2309 1436 2361 quod
1468 2311 1532 2349 est
1561 2309 1748 2357 bonum,
1777 2309 1818 2348 et
1850 2318 2041 2347 vanum:
2076 2306 2148 2347 sed
2170 2306 2355 2355 bonum,

1322 2380 1421 2432 quia
1441 2392 1465 2419 a
1483 2379 1615 2429 bono,
1638 2381 1679 2418 et
1697 2378 1749 2419 ad
1768 2378 1952 2426 honum;
1984 2379 2025 2417 et
2045 2389 2230 2427 vanum,
2255 2378 2357 2430 quia

1322 2450 1372 2491 de
1392 2450 1540 2500 nihilo,
1557 2452 1598 2490 et
1618 2449 1698 2489 sibi
1718 2448 1915 2489 relictum
1933 2447 2067 2488 tendit
2085 2447 2137 2488 ad
2156 2448 2262 2488 nihil
2281 2460 2291 2488 :
2315 2452 2357 2489 et

1321 2521 1415 2561 talis
1436 2521 1616 2561 varietas
1634 2519 1762 2560 habet
1795 2518 2026 2559 bonitatem
2047 2518 2126 2559 sub
2154 2518 2351 2560 scientia:

1321 2595 1363 2633 et
1382 2592 1475 2633 ideo
1495 2591 1545 2632 de
1574 2591 1645 2631 tali
1668 2593 1803 2643 potest
1824 2601 1916 2631 esse
1945 2589 2140 2640 scientia,
2167 2589 2236 2630 vel
2255 2590 2353 2631 doc-

1321 2664 1446 2705 trina.
1466 2663 1516 2704 Et
1536 2675 1610 2716 per
1628 2663 1710 2703 1100
1726 2661 1973 2714 responderi
1991 2663 2127 2714 potest
2144 2660 2197 2701 ad
2211 2661 2354 2702 omnia

1320 2737 1387 2789 obj
1394 2739 1503 2785 ecta3
1528 2735 1629 2788 quia
1648 2734 1894 2787 procedunt,
1911 2746 1959 2774 ac
1975 2732 2010 2773 si
2023 2734 2162 2773 essent
2174 2732 2225 2773 de
2241 2744 2353 2773 vano

1321 2807 1581 2861 simpliciter.
1605 2806 1686 2847 Sed
1700 2806 1792 2846 haec
1812 2804 1966 2846 solutio
1980 2816 2068 2845 non
2081 2803 2227 2853 solvit3
2251 2804 2352 2857 quia

1320 2891 1408 2920 non
1446 2878 1537 2930 agit
1574 2876 1840 2919 Ecclesiastes
1875 2876 1925 2917 de
1953 2875 2082 2916 rebus
2113 2875 2350 2916 secundum

1320 2949 1433 3003 quod
1464 2952 1565 2989 sunt
1593 2961 1646 2989 ex
1675 2947 1831 2998 nihilo,
1866 2947 1953 2988 imo
1979 2945 2212 2987 secundum
2235 2945 2350 2998 quod

1320 3021 1373 3060 ab
1392 3019 1592 3061 omnibus
1608 3021 1881 3072 appetuntur.
1902 3017 1953 3058 Et
1970 3019 2175 3070 praeterea
2192 3016 2282 3068 agit
2298 3015 2350 3056 de

1319 3091 1507 3133 vanitate
1528 3090 1678 3144 culpae,
1700 3101 1797 3143 quae
1816 3088 1997 3142 privatio
2012 3091 2097 3129 est:
2118 3087 2213 3129 ideo
2234 3099 2351 3140 opor-

1318 3166 1377 3204 tet
1406 3163 1526 3204 aliter
1564 3163 1724 3212 dicere,
1763 3163 1804 3201 et
1833 3159 2067 3213 respondeo
2099 3158 2347 3209 dicendum,
2390 3166 2500 3192 Verum

2385 3206 2502 3241 triplici-

1319 3234 1433 3287 quod
1458 3234 1567 3274 sicut
1584 3244 1736 3274 verum
1761 3231 1917 3272 dicitur
1942 3230 2079 3271 tribus
2101 3229 2262 3280 modis,
2291 3229 2351 3270 ita
2372 3247 2496 3275 terdici-

1318 3384 1359 3390 -
1379 3367 1391 3385 ⁶
1419 3366 1513 3404 Gen„
1537 3372 1567 3402 1,
1597 3366 1647 3395 31.
1670 3381 1709 3386 —
1737 3364 1745 3382 ⁷
1768 3362 1880 3402 Dion„
1907 3361 1947 3393 de
1970 3361 2036 3393 div.
2061 3361 2173 3402 Nom.,
2194 3370 2225 3393 0.
2246 3368 2292 3393 xv,
2313 3377 2350 3384 -

1320 3414 1331 3432 ⁸
1359 3415 1468 3450 Boet.‚
1502 3412 1541 3442 tle
1574 3410 1720 3450 Consol„
1751 3410 1807 3442 lib.
1843 3410 1904 3450 111,
1934 3418 2026 3451 pros.
2061 3411 2094 3443 2.
2123 3427 2159 3433 —
2192 3409 2206 3431 ⁹
2235 3407 2349 3448 Arist„

1318 3462 1446 3502 Etlu'c„
1471 3459 1527 3493 lib.
1555 3460 1581 3500 l,
1605 3468 1635 3491 0.
1656 3467 1678 3491 1.
