2633 3878
1058 248 1299 290 PSALMUS
1330 248 1449 290 LXVI
1458 249 1466 289 1
1475 249 1487 289 l
1496 280 1505 290 .

266 348 334 387 ⁶20.
370 344 431 387 Tu
459 346 544 388 scis
572 342 880 398 improperium
904 350 1062 391 meum,
1086 343 1126 383 et
1146 349 1244 382 con-

53 427 192 455 conrusio
211 417 427 469 fusionem
442 427 590 460 meam.
606 415 680 456 Est
693 412 884 455 confusio
898 411 1095 461 tristitiae,
1115 423 1245 464 quam

68 469 172 546 ΙἯἻΠ
212 487 362 529 habuit
389 487 598 537 Christus,
629 485 742 526 unde
767 484 850 524 hoc
871 486 883 508 ²
915 497 924 524 :
963 498 982 521 α
1009 481 1156 523 Tristis
1186 484 1247 522 est

213 559 357 600 anima
383 571 478 600 mea
507 569 644 610 usque
671 556 725 597 ad
752 557 949 596 mortem.
983 568 1002 591 ›)
1041 552 1114 594 Est
1145 564 1247 593 con-

213 630 322 671 fusio
344 630 670 678 erubescentiae,
693 626 864 680 quando
883 625 1012 666 homo
1038 622 1249 665 erubescit

213 701 264 742 de
294 701 381 749 his,
413 711 510 754 quae
550 699 654 740 falso
693 698 775 739 sibi
813 697 1114 750 imponuntur,
1148 694 1249 748 quia

213 771 336 812 facies
386 772 579 823 ingenua
627 769 761 811 nescit
808 769 860 822 (a)
901 767 1149 809 erubescere
1197 766 1248 807 de

212 841 300 891 his,
333 853 430 895 quae
463 841 592 883 etiam
624 841 661 882 ei
699 840 803 881 falso
840 840 1138 893 imponuntur.
1178 837 1251 878 Est

213 915 343 955 etiam
380 914 572 955 confusio
610 912 908 963 conscientiae,
949 924 1079 965 quam
1121 910 1250 951 habet

215 988 380 1026 tantum
398 985 555 1034 malus,
577 985 689 1026 unde
706 984 787 1025 hoc
800 983 814 1004 ²
835 996 844 1024 :
873 972 1246 1033 «Confundantur,

212 1058 286 1111 qui
323 1070 392 1099 me
428 1059 769 1111 persequuntur⁷
811 1058 852 1097 et
890 1067 976 1096 non
1013 1054 1250 1096 confundar

212 1141 308 1182 ego.
331 1144 351 1167 »
366 1129 558 1170 Christus
568 1127 825 1170 desideravit
844 1126 1066 1168 comedere
1081 1137 1249 1178 agnum

212 1200 453 1254 paschalem
486 1199 716 1249 desiderio,
750 1198 894 1240 dicens
914 1201 927 1223 ³
952 1212 960 1238 :
992 1212 1010 1236 «
1038 1197 1250 1238 Desiderio

213 1271 449 1314 desideravi
465 1271 545 1312 hoc
559 1270 732 1324 pascha,
751 1284 770 1308 »
791 1272 867 1310 etc.
884 1268 973 1310 Hoc
992 1268 1250 1310 desiderium

214 1345 384 1395 propter
405 1342 486 1383 tria
508 1357 517 1382 :
542 1344 716 1395 propter
741 1340 947 1392 legalium
977 1351 1249 1381 consumma-

215 1415 389 1464 tionem,
411 1414 526 1455 unde
543 1413 703 1455 dictum
723 1416 787 1454 est
802 1412 838 1453 ι;
863 1427 881 1450 «
897 1411 1250 1453 Consummatum

215 1486 294 1534 est3
318 1498 338 1522 n
375 1487 415 1526 et
439 1487 612 1538 propter
636 1495 762 1525 novae
786 1483 896 1535 legis
927 1483 1247 1535 incoeptionem,

216 1555 328 1596 unde
352 1555 434 1597 hoc
452 1556 466 1578 ⁵
494 1568 504 1596 :
539 1571 559 1595 α
583 1554 677 1596 Non
696 1555 839 1595 biham
864 1555 915 1595 de
945 1554 1166 1606 genimine
1185 1554 1252 1595 vi-

215 1626 282 1677 tis,
296 1629 422 1678 etc.;1›
439 1629 481 1668 et
493 1629 667 1680 propter
680 1626 874 1667 Ecclesiae
881 1625 1108 1674 unitatem,
1120 1637 1251 1678 quam

213 1697 257 1737 in
293 1698 352 1738 eis
387 1697 524 1739 voluit
559 1697 739 1748 efficere,
778 1697 893 1738 unde
930 1696 1158 1749 Apostolus
1192 1698 1205 1718 ⁶
1238 1712 1246 1738 ε

221 1768 378 1811 «Unus
411 1770 533 1823 panis
560 1770 606 1810 in
627 1769 807 1821 Christo,
830 1781 968 1811 unum
989 1781 1144 1822 corpus
1177 1781 1251 1810 su-

214 1854 326 1884 mus.
346 1856 366 1880 »

267 1916 334 1955 23.
370 1915 474 1957 Fiat
509 1925 654 1958 mensa
693 1925 836 1958 eorum
874 1924 1016 1957 coram
1055 1914 1166 1966 ipsis
1203 1914 1252 1956 in

89 2014 192 2041 Mem
213 1986 426 2039 laqueum.
443 1986 515 2028 Est
531 1998 680 2028 mensa
693 1985 1008 2039 propositionis,
1028 1996 1126 2038 quae
1143 1985 1251 2025 scili-

77 2055 175 2110 ’ἵζω-ὓ·
213 2060 277 2099 cet
303 2060 392 2099 erat
415 2058 460 2098 in
486 2057 783 2106 tabernacu103
817 2058 879 2097 est
907 2068 1056 2097 mensa
1075 2055 1249 2096 aeterni-

78 2104 153 2130 pm*
211 2129 321 2180 tatis,
342 2128 456 2170 unde
470 2129 551 2170 hoc
564 2133 577 2155 ⁷
597 2143 606 2169 ι
633 2144 652 2168 «
671 2128 724 2170 Ut
743 2127 875 2169 edatis
893 2130 935 2168 et
952 2127 1106 2168 bibatis
1123 2139 1251 2180 super

209 2211 403 2241 mensam
422 2212 579 2251 meam,
598 2215 616 2238 n
645 2202 724 2240 etc.
748 2198 818 2239 Est
848 2211 997 2240 mensa
1021 2199 1251 2240 thesaurus

210 2270 517 2323 desiderabilis,
540 2271 700 2312 scilieet
728 2282 849 2311 sacra
871 2269 1113 2323 Scriptura,
1134 2269 1249 2311 unde

210 2342 290 2384 hoc
305 2346 319 2368 ⁸
338 2357 347 2384 ε
377 2359 396 2382 «
411 2343 572 2385 Parasti
586 2343 631 2383 in
648 2344 876 2396 conspeetu
889 2353 986 2383 meo
1005 2353 1242 2382 mensam.»

153 2432 159 2436 ·
211 2413 283 2455 Est
299 2426 450 2456 mensa
469 2414 719 2467 Iniquitatis.
742 2413 815 2454 Est
835 2425 985 2454 mensa
1004 2424 1246 2454 sacramen-

211 2485 322 2537 talis,
362 2488 411 2526 ut
429 2485 510 2526 hoc
531 2485 544 2506 ⁸
569 2499 578 2525 ε
608 2500 627 2524 ι(
642 2484 803 2526 Parasti
833 2484 878 2524 in
906 2486 1133 2537 conspectu
1152 2495 1248 2525 meo

211 2568 415 2598 mensam.
436 2571 455 2594 »
492 2555 599 2597 Nota
639 2570 648 2596 :
689 2556 735 2596 in
777 2567 923 2596 mensa
948 2555 1248 2609 propositionis

207 2630 328 2668 erant
351 2627 577 2669 duodecim
609 2638 761 2680 paneS,
791 2629 832 2666 et
861 2626 906 2666 in
938 2626 1119 2679 singulis
1150 2627 1244 2667 sah-

208 2698 315 2740 batis
336 2698 439 2741 novi
459 2699 745 2752 ponebantur,
762 2700 803 2738 et
822 2709 950 2751 super
962 2709 1246 2752 unumquem-

205 2782 289 2824 que
315 2775 406 2812 erat
436 2772 583 2823 patera
613 2781 744 2811 aurea
773 2780 871 2810 cum
896 2769 1060 2823 pugillo
1087 2769 1242 2811 thuris.

46 2862 182 2900 Episcopi
204 2842 430 2885 Duodecim
452 2854 585 2896 panes
603 2842 696 2884 loco
721 2841 906 2883 aliorum
925 2841 1145 2882 substituti
1170 2841 1242 2895 (b),

59 2905 171 2981 ζὲζζζῇξ
203 2913 428 2956 duodecim
458 2916 562 2955 sunt
590 2913 794 2967 apostoli,
829 2912 985 2967 quibus
1015 2913 1247 2954 succedunt

41 2986 151 3016 ¹⁰rum·
203 2985 389 3039 episcopi
408 2997 560 3027 eorum
579 2985 750 3037 vicarii,
774 2985 874 3039 quia
893 2984 908 3007 ⁹
928 2996 939 3026 ε
969 3000 987 3023 «
1009 2984 1091 3026 Pro
1111 2985 1242 3038 patri-

204 3058 284 3100 bus
302 3058 389 3099 tuis
407 3057 496 3099 nati
513 3060 613 3099 sunt
628 3058 704 3099 tihi
720 3057 835 3099 filii.»
856 3057 1006 3098 Patera
1022 3057 1067 3110 (c)
1085 3057 1245 3110 signifi-

202 3132 268 3170 cat
298 3128 568 3181 charitatem,
604 3129 706 3183 quia
741 3128 960 3170 christiani
994 3127 1244 3170 charitatem

71 3220 154 3247 Thus
201 3201 356 3243 debent
379 3201 551 3242 habere.
584 3200 702 3242 Thus
731 3200 947 3254 significat
973 3200 1243 3243 devotionem

69 3261 150 3294 ‘¹⁰³⁶'
202 3273 428 3325 orationis,
478 3284 609 3326 quam
654 3272 810 3314 debent
857 3271 1019 3326 praelati
1066 3272 1240 3315 hahere.

203 3343 346 3386 Mensa
371 3346 433 3386 est
469 3355 590 3385 sacra
620 3342 860 3397 Scriptura,
896 3344 1020 3396 eujus
1057 3346 1243 3397 quatuor

245 3429 256 3449 ¹
276 3427 412 3469 Manli„
431 3436 528 3468 xxvi,
549 3428 602 3460 38.
623 3445 659 3452 -
685 3427 698 3448 ²
720 3428 857 3467 Jcrem.‚
877 3435 962 3466 xvii,
987 3428 1035 3459 18.
1054 3443 1096 3450 -—
1118 3426 1131 3448 ³
1150 3427 1241 3467 Luc„

202 3482 292 3515 xxu,
311 3478 362 3509 ¹5.
383 3492 424 3499 —
441 3476 452 3495 ⁴
473 3476 582 3516 loun„
602 3484 674 3517 xlx,
695 3477 748 3508 30.
768 3493 810 3499 --
830 3477 841 3495 ⁵
861 3474 998 3513 Mami„
1018 3482 1114 3516 xxvi,
1135 3476 1186 3507 29.
1202 3492 1241 3499 —

204 3521 244 3552 *Ι
267 3521 358 3564 Cor„
375 3532 410 3564 x,
435 3525 487 3557 Π.
510 3541 551 3548 -
571 3523 584 3546 '¹
605 3523 696 3561 Luc„
712 3531 802 3564 xxm,
818 3524 869 3555 30.
887 3540 929 3546 ’-
949 3523 960 3541 ⁸
984 3521 1080 3554 Psal.
1100 3530 1186 3562 xxm,
1209 3524 1240 3554 5.

203 3585 244 3591 —
264 3569 278 3593 ⁹
298 3570 386 3603 Psal.
406 3579 497 3612 xuv,
522 3573 575 3604 Π.
596 3588 633 3596 -
664 3572 691 3593 ¹⁰
718 3571 772 3610 Cf.
796 3572 831 3604 S.
862 3570 1001 3611 Thom.,
1028 3578 1062 3609 1,
1087 3579 1120 3610 q.
1146 3577 1242 3609 xxiv,

414 3641 515 3672 ΤΟΠ.
547 3641 608 3672 IX.

2272 258 2346 296 241

1319 340 1419 378 sunt
1438 338 1588 391 pedeS,
1612 338 1766 379 scilicet
1781 372 1792 391 ,
1814 341 1857 380 in
1877 344 2062 394 quatuor
2083 343 2233 385 mundi
2253 355 2349 398 par-

1319 409 1433 449 tibus
1469 410 1723 462 exponendi.
1758 410 1865 452 Nam
1902 413 2120 466 historice,
2151 415 2350 468 mystice,

1319 481 1563 532 moraliter,
1604 482 1842 535 anagogice
1891 489 2178 536 exponuntur.
2222 486 2354 529 Pedes

1320 553 1467 591 autem
1497 563 1664 605 semper
1697 555 1796 593 sunt
1831 565 1960 606 supra
1991 566 2180 597 mensam
2199 589 2211 608 ,
2253 557 2355 611 quia

1322 622 1485 674 praelati
1504 635 1671 677 semper
1689 624 1842 665 debent
1861 625 2018 666 habere
2041 626 2259 668 scientiam
2287 640 2355 668 sa-

1320 705 1403 734 orae
1429 692 1689 748 Scripturae,
1712 698 1753 737 et
1781 695 1825 736 in
1857 708 1908 737 ea
1935 697 2131 738 residere.
2163 698 2227 739 Ad
2245 698 2356 741 hanc

1322 777 1513 806 mensam
1540 766 1686 808 sedent
1723 767 1887 818 Judaei,
1916 770 1956 808 et
1990 768 2230 822 effugiunt,
2271 782 2356 811 non

1323 847 1415 877 nos.

1376 910 1441 949 24.
1469 907 1751 952 obscurentur
1771 910 1885 952 oculi
1904 920 2066 960 eorum,
2090 921 2141 952 ne
2160 909 2355 954 videant.

1323 979 1534 1021 Exercitia
1549 981 1645 1021 data
1665 983 1764 1022 sunt
1782 981 1948 1022 homini
1967 984 2139 1034 propter
2155 983 2237 1023 tria
2254 985 2358 1024 tem-

1323 1051 1509 1104 poralia,
1534 1051 1574 1092 id
1596 1055 1658 1093 est
1672 1085 1681 1102 ,
1704 1052 1930 1104 ingenium
1945 1085 1954 1103 ,
1979 1054 2185 1094 memoria
2200 1086 2211 1104 ,
2233 1054 2354 1094 ratio.

1325 1123 1554 1175 Ingenium
1586 1124 1764 1177 requirit
1790 1124 2030 1177 incognita;
2055 1126 2262 1168 memoria
2290 1139 2357 1168 re·
2410 1150 2493 1183 ηερ.

1324 1195 1465 1236 condit
1510 1195 1766 1248 dijUdicata;
1812 1197 1921 1238 ratio
1959 1198 2122 1250 ²judicat
2170 1199 2357 1240 inventa.
2394 1198 2501 1257 ,¹¹²¹22'J

1325 1266 1578 1318 Ingenium,
1613 1268 1726 1321 quod
1759 1269 1946 1318 invenit,
1979 1269 2136 1310 rationi
2169 1269 2356 1320 adducit,
2381 1272 2433 1318 {1³-
2461 1274 2518 1299 ¹³¹³·

1324 1339 1431 1379 ratio
1450 1339 1692 1389 memoriae;
1717 1341 1926 1381 memoria
1945 1341 2149 1382 recondit.
2177 1341 2298 1383 Ratio
2316 1342 2360 1383 in

1325 1421 1396 1450 ore
1417 1410 1554 1452 cordis
1581 1411 1799 1461 masticat,
1821 1412 1935 1464 quod
1955 1412 2100 1453 dentes
2122 1412 2357 1464 ruminant,

1325 1482 1437 1534 quod
1463 1485 1612 1523 venter
1637 1482 1857 1523 memoriae
1878 1484 2206 1526 recommendat.
2237 1484 2360 1537 Inge-

1325 1552 1447 1594 nium
1468 1554 1601 1606 igitur
1622 1554 1674 1594 ad
1707 1555 1851 1595 futura
1866 1586 1879 1605 ,
1906 1554 2014 1596 ratio
2044 1555 2097 1596 ad
2117 1555 2358 1608 praesentia,

1324 1624 1533 1664 memoria
1548 1625 1600 1665 ad
1615 1625 1829 1678 praeterita
1842 1625 2039 1678 pertinet.
2061 1625 2082 1666 J
2085 1626 2198 1666 udaei
2218 1629 2362 1668 autem

1324 1697 1404 1736 hoc
1423 1696 1559 1737 facere
1580 1697 1816 1739 amiserunt
1836 1697 1909 1750 (d),
1927 1709 2026 1738 cum
2040 1696 2255 1740 Christum
2275 1711 2362 1740 non

1325 1771 1638 1820 cognoverunt.

1377 1839 1444 1880 29.
1478 1839 1708 1882 Deleantur
1729 1840 1779 1882 de
1804 1840 1912 1884 libro
1934 1841 2189 1885 viventium.
2211 1840 2364 1884 Tribus

1322 1910 1458 1951 modis
1479 1910 1634 1964 aliquis
1660 1911 1858 1953 scribitur
1883 1912 1928 1953 in
1949 1912 2057 1954 libro
2085 1913 2187 1955 vitae
2211 1913 2238 1935 ¹⁰
2261 1929 2269 1954 z
2295 1926 2363 1956 se·
2416 1943 2499 1971 Liber

1325 1981 1514 2023 cundum
1551 1983 1848 2035 praesentiam;
1889 1985 2125 2026 secundum
2163 1997 2358 2036 causam;
2413 1986 2488 2012 *¹¹³²-

1324 2052 1560 2093 secundum
1593 2053 1837 2106 opinionem
1862 2069 1870 2094 :
1915 2055 2148 2097 secundum
2177 2068 2362 2109 praeseu-

1323 2125 1442 2175 tiam,
1467 2124 1804 2177 praedestinatus,
1828 2126 1901 2179 qui
1922 2127 2060 2179 perire
2079 2139 2166 2168 non
2189 2128 2358 2180 sinitur,

1323 2195 1417 2237 licet
1443 2196 1496 2237 ad
1528 2199 1698 2250 tempus
1725 2210 1749 2237 a
1783 2197 1854 2238 via
1883 2197 2072 2239 veritatis
2100 2210 2242 2241 errare
2262 2212 2358 2253 per-

1323 2267 1516 2308 mittatur
1539 2282 1548 2318 ;
1598 2269 1834 2310 secundum
1877 2269 2004 2310 etiam
2043 2282 2215 2312 causam
2252 2283 2361 2325 prae-

1323 2339 1533 2390 scientiae,
1562 2340 1638 2393 qui
1660 2340 1891 2394 aliquando
1917 2341 2138 2384 ambulant
2165 2342 2211 2383 in
2234 2343 2360 2396 J'usti-

1322 2411 1380 2452 tia
1393 2426 1403 2462 ;
1435 2412 1671 2454 secundum
1697 2412 1966 2466 opinionem,
1989 2415 2038 2454 ut
2056 2414 2262 2467 praesciti,
2285 2416 2360 2468 qui

1321 2481 1485 2524 faciunt
1521 2495 1650 2536 opera
1684 2496 1782 2537 quae
1811 2487 2011 2537 reputant
2041 2485 2237 2527 homines
2269 2498 2360 2528 esse

1321 2554 1446 2595 bona.
1470 2554 1543 2596 His
1564 2555 1692 2596 etiam
1705 2556 1844 2597 modis
1861 2556 2016 2609 aliquis
2039 2557 2194 2598 dicitur
2212 2557 2355 2599 deleri.

1320 2624 1377 2666 De
1396 2626 1534 2678 primo
1550 2625 1717 2679 Moyses
1734 2627 1793 2667 ait
1810 2630 1837 2651 ¹²
1857 2641 1866 2668 z
1895 2642 1915 2666 r<
1933 2627 2104 2668 Dimitte
2122 2627 2198 2679 eis,
2220 2627 2359 2669 Domi-

1320 2710 1388 2748 ne,
1407 2711 1582 2751 noxam,
1602 2701 1676 2740 aut
1692 2698 1784 2741 dele
1798 2711 1867 2740 me
1879 2700 1930 2741 de
1946 2700 2054 2741 libro
2067 2700 2352 2742 viventium.»

1319 2768 1377 2809 De
1411 2769 1596 2810 secundo
1616 2768 1676 2810 ¹²:
1710 2767 1956 2820 «Gaudete,
1990 2770 2118 2823 justi,
2155 2771 2358 2824 quoniam

1319 2840 1494 2881 nomina
1518 2844 1662 2883 vestra
1692 2841 1848 2894 scripta
1873 2844 2038 2884 suntin
2067 2842 2176 2884 libro
2197 2842 2312 2885 vitae.
2334 2858 2352 2882 υ

1319 2910 1377 2952 De
1402 2912 1550 2963 tertio,
1578 2912 1658 2954 hoc
1684 2913 1922 2955 secundum
1952 2914 2213 2968 opinionem.
2244 2915 2358 2965 Qua-
2409 2943 2487 2971 Libri

1318 2986 1418 3025 tuor
1437 2987 1537 3026 sunt
1555 2984 1653 3026 libri
1676 3000 1685 3027 :
1709 2985 1880 3027 Primus
1900 2987 2083 3040 scriptus
2104 2987 2158 3028 ab
2177 2990 2354 3036 aeterno,
2377 2986 2512 3020 q¹¹³¹¹¹⁰¹²

1319 3055 1476 3098 scilicet
1521 3057 1755 3108 Divinitas3
1799 3058 2010 3100 secundus
2049 3059 2095 3100 in
2132 3059 2353 3113 paradiso,

1319 3127 1476 3169 scilicet
1512 3128 1620 3170 ratio
1654 3129 1867 3182 hominis,
1906 3129 2057 3171 tertius
2092 3130 2138 3171 in
2165 3131 2353 3183 deserto,

1318 3199 1476 3241 scilicet
1492 3199 1587 3252 lex3
1609 3203 1787 3254 quartus
1811 3201 1856 3242 in
1878 3201 2050 3243 homine
2072 3201 2250 3254 Christo,
2272 3201 2353 3243 sci-

1317 3271 1413 3313 licet
1449 3273 1546 3325 eJus
1581 3273 1704 3323 actio,
1745 3273 1789 3313 in
1827 3285 1912 3326 qua
1951 3273 2155 3314 dehemus
2191 3272 2352 3326 legere;

1317 3343 1419 3396 quia
1435 3345 1471 3396 ej
1479 3356 1529 3384 us
1546 3344 1670 3395 aetio,
1685 3347 1830 3386 nostra
1842 3343 2067 3385 instructio
2085 3346 2162 3384 est.
2186 3342 2357 3386 Primus

1316 3476 1379 3506 art.
1405 3475 1438 3514 3,
1460 3482 1521 3514 per
1543 3475 1663 3505 totum.
1687 3490 1728 3497 —
1753 3475 1770 3490 '¹
1800 3472 1923 3514 Esocl„
1949 3481 2059 3513 xxxu,
2083 3475 2136 3506 32.
2157 3491 2194 3498 -
2221 3474 2244 3496 ¹²
2263 3475 2353 3515 Luc„

1315 3531 1348 3559 x.
1369 3523 1424 3552 20.
1444 3538 1483 3544 —
1503 3522 1549 3561 (a)
1565 3521 1679 3551 Potius
1699 3520 1770 3561 leqe
1790 3521 1863 3552 scit.
1885 3538 1924 3543 —
1944 3521 1988 3562 (b)
2009 3522 2105 3554 Edit.
2132 3523 2206 3554 Ven.
2230 3523 2352 3555 substi-

1316 3569 1476 3608 tui.—-(c)
1495 3569 1649 3599 Fortasse
1661 3567 1788 3608 leyeml.
1807 3569 2137 3610 1’atena.—(‹1)Ley.
2155 3571 2352 3603 omiserunt.

2090 3631 2140 3669 16
