2633 3878
105 763 201 791 Curiae

61 804 161 839 plures
171 805 201 832 in

85 853 176 880 reguo

61 886 175 914 animae.

95 2980 199 3009 Petito-

94 3029 170 3048 rium

63 3068 168 3089 ammae
173 3080 180 3089 .

1066 165 1305 208 PSALMUS
1336 168 1507 209 CXVIlI.

596 337 816 365 VERSICULUS
841 336 878 362 Χ.

272 442 352 476 154.
368 440 498 476 Judz'ca
511 439 694 485 ,iudicium
712 448 839 480 meum,
859 439 930 473 ete.
949 436 1054 472 Sicut
1073 436 1252 483 superius

223 502 350 538 oravit
385 501 584 538 Psalmista
623 499 828 537 occasione
869 497 1057 535 naturalis
1096 497 1252 544 justitiae

221 563 422 609 relegatae3
445 563 498 599 sie
518 565 603 599 orat
620 562 660 598 in
683 564 792 609 parte
816 561 889 597 ista
909 560 1114 597 occasione
1134 559 1251 606 origi-

221 624 320 660 nalis
356 625 553 671 injustitiae
591 624 797 670 colligatae.
837 623 995 660 Videtur
1029 622 1133 659 enirn
1170 622 1252 658 haec

221 686 347 723 oratio
370 696 451 722 esse
482 686 616 733 petitio
641 685 852 722 voluntatis
872 685 922 721 ab
942 684 1125 721 inferiore
1145 683 1252 720 curia

221 747 272 783 ad
305 747 550 795 superiorem
577 747 726 783 curiam
760 746 1006 793 appellantis.
1040 745 1252 782 Adverten-

221 808 318 845 dum
337 809 467 856 itaque
483 836 494 854 ,
525 808 634 856 quod
659 808 700 844 in
718 818 840 854 regno
871 807 1012 843 animae
1042 818 1252 854 possumus

218 869 351 917 plures
367 870 507 916 curias,
529 871 663 917 plures
680 869 848 916 J'udices,
868 868 947 905 sive
967 868 1074 914 leges
1087 868 1253 914 judicia-

218 931 314 977 rias,
347 931 479 979 plures
506 942 666 978 quoque
693 930 900 967 sententias
926 930 1122 974 invenire3
1155 930 1253 966 sieut

219 992 369 1029 curiam
409 991 756 1039 concupiscentiae,
798 991 948 1028 curiam
980 991 1250 1037 conscientiae,

220 1054 369 1090 curiam
389 1054 533 1100 gratiae.
562 1053 687 1090 Judex
712 1054 753 1089 in
785 1053 893 1089 curia
913 1052 1251 1099 concupiscentiae,

220 1118 276 1152 est
299 1116 363 1152 lex
396 1115 612 1162 injustitiae3
631 1115 756 1161 judex
786 1115 826 1150 in
858 1115 966 1151 curia
992 1114 1251 1159 conscientias,

220 1179 276 1213 est
300 1178 362 1213 lex
384 1176 559 1223 justitiae;
579 1177 702 1223 judex
727 1176 767 1212 in
795 1177 903 1213 curia
923 1177 1075 1223 gratiae,
1105 1179 1161 1212 est
1188 1177 1251 1212 lex

220 1238 446 1275 clementiae.
480 1239 674 1275 Sententia
710 1239 789 1275 lata
821 1238 862 1274 in
901 1238 1009 1274 curia
1041 1238 1249 1285 eoncupis-

220 1300 354 1337 centiae
372 1311 443 1348 per
463 1301 591 1346 legem
610 1301 819 1346 injustitiae,
843 1302 897 1336 est
917 1300 1081 1336 reddere
1101 1300 1251 1336 malum

219 1371 292 1408 pro
311 1362 420 1398 bono
445 1374 454 1398 :
478 1362 588 1409 quod
607 1361 748 1399 accidit
768 1362 808 1398 in
827 1362 935 1398 omni
953 1363 1137 1409 peccato,
1158 1361 1252 1408 quia

218 1423 397 1459 redditur
414 1425 493 1460 Deo
513 1424 736 1460 indebitum
764 1435 863 1470 opus
891 1434 964 1470 pro
987 1423 1134 1459 debito.
1157 1424 1250 1460 Sen-

219 1484 338 1520 tentia
355 1484 433 1521 lata
452 1484 493 1520 in
513 1485 621 1521 curia
640 1485 884 1521 conscientiae
903 1495 974 1531 per
994 1485 1124 1530 legem
1140 1485 1251 1531 justi-

219 1545 300 1590 tiae,
321 1549 377 1582 est
394 1546 561 1582 reddere
580 1546 733 1582 bonum
760 1557 832 1593 pro
859 1546 968 1582 bono
990 1558 1000 1580 z
1023 1546 1140 1593 vquod
1161 1557 1251 1582 con-

218 1606 330 1653 tingit
349 1607 390 1643 in
419 1608 528 1644 omni
554 1608 716 1653 merito,
739 1608 780 1643 in
801 1619 880 1655 quo
901 1607 1079 1643 redditur
1099 1607 1252 1643 bonum

219 1671 426 1716 operatum
446 1680 520 1716 pro
545 1669 653 1706 bono
674 1669 877 1717 inspirato.
900 1669 1095 1705 Sententia
1114 1669 1192 1705 lata
1211 1668 1252 1705 in

220 1731 328 1767 curia
347 1731 479 1777 gratiae
496 1742 567 1779 per
591 1731 720 1778 legem
748 1731 982 1778 clementiae,
1011 1733 1067 1767 est
1085 1731 1252 1767 reddere

219 1792 372 1829 bonum
390 1804 463 1840 pro
482 1794 589 1830 malo
612 1805 620 1830 :
643 1793 755 1841 quod
774 1793 903 1829 evenit
925 1792 966 1828 in
986 1793 1095 1830 omni
1113 1792 1253 1839 justifi-

220 1854 382 1891 cationis
400 1855 595 1891 beneficio
607 1868 618 1902 ;
639 1855 817 1892 redditur
844 1866 1018 1902 namque
1040 1866 1063 1891 a
1087 1855 1155 1902 pio
1184 1855 1251 1901 ju-

220 1916 305 1953 dice
325 1917 479 1953 bonum
495 1917 618 1954 veniae
637 1928 710 1965 pro
731 1917 837 1953 malo
859 1917 998 1963 culpae.
1020 1918 1117 1952 Cum
1135 1916 1252 1962 igitur

218 1977 400 2014 voluntas
419 1979 594 2015 humana
622 1980 789 2015 tentatur
810 1979 860 2014 ab
880 1978 1012 2023 hoste,
1043 1978 1181 2014 citatur
1201 1977 1253 2013 ad

220 2039 369 2076 curiam
389 2040 729 2087 concupiscentiae.
752 2042 849 2076 eum
868 2040 1052 2076 voluntas
1070 2039 1112 2075 in
1132 2041 1254 2075 tenta-

219 2100 324 2137 tione
343 2101 466 2137 modo
487 2101 724 2147 delectatur,
746 2101 868 2137 modo
890 2101 1114 2146 detestatur,
1135 2111 1254 2137 causa

219 2163 301 2210 ejus
318 2173 453 2200 coram
470 2163 603 2210 judice
624 2163 843 2210 insipiente,
864 2174 933 2199 seu
951 2163 1038 2209 lege
1057 2162 1253 2209 injustitiae

218 2225 438 2262 ventilatur.
461 2227 556 2262 Cum
578 2236 602 2261 a
631 2225 890 2261 delectatione
916 2224 1118 2261 detestatio
1139 2233 1254 2271 supe-

218 2289 326 2323 ratur
343 2315 354 2332 ,
396 2286 534 2334 iniqua
569 2286 758 2323 sententia
790 2297 860 2333 per
896 2286 1024 2331 legem
1060 2285 1255 2331 injustitiae

218 2348 508 2395 promulgatur,
541 2350 584 2384 et
609 2348 785 2384 humana
810 2347 992 2384 voluntas
1021 2347 1074 2383 ad
1103 2347 1254 2384 satisfa-

221 2409 406 2445 ciendum
453 2409 646 2445 voluntati
704 2408 911 2444 diabolicae
954 2408 1252 2459 condemnatur.

220 2471 305 2514 Quo
326 2469 505 2517 cognito,
527 2469 791 2507 condemnata
809 2469 992 2505 voluntas
1012 2468 1184 2516 appellat
1203 2468 1255 2505 ad

222 2533 372 2569 curiam
398 2531 552 2578 gratiae,
578 2531 756 2568 revocari
777 2531 1005 2578 supplicans
1024 2531 1256 2568 sententiam

221 2594 320 2642 legis
339 2593 534 2641 iniustitiae
559 2604 629 2640 per
655 2592 887 2630 sententiam
906 2592 1002 2639 legis
1025 2592 1252 2629 clementiae.

221 2659 305 2702 Quo
338 2667 548 2702 concesso,
584 2655 775 2703 postulat,
802 2654 913 2702 quod
945 2654 1128 2701 deinceps
1156 2654 1256 2690 trahi

221 2729 304 2756 non
328 2719 457 2756 valeat
477 2718 530 2755 ad
553 2717 702 2753 curiam
721 2716 1045 2763 concupiscentiae
1057 2728 1068 2761 3
1090 2715 1160 2752 sed
1179 2715 1256 2752 cui-

221 2782 317 2819 libet
355 2780 610 2828 conquerenti
655 2779 892 2827 respondeat
929 2779 970 2815 in
1009 2779 1118 2815 curia
1158 2789 1255 2815 con-

222 2844 405 2881 scientiae.
436 2842 574 2880 Omnia
603 2841 764 2889 quidem
791 2841 864 2878 ista
893 2840 1122 2878 brevissime
1150 2851 1257 2877 com-

222 2904 431 2954 prehendit
452 2903 655 2941 psalmista
676 2903 810 2940 dicens
832 2916 839 2937 :
862 2903 1019 2947 Jadz'ca,
1041 2905 1112 2939 etc.
1124 2915 1135 2948 ;
1158 2912 1203 2938 ae
1224 2902 1257 2938 si

224 2978 341 3004 suum
356 2966 543 3003 formaret
554 2965 780 3013 petitorIum
794 2964 868 3001 sub
885 2964 959 3001 hac
972 2963 1101 3000 forma
1117 2975 1125 3000 :
1149 2965 1255 3010 Peto,

224 3028 406 3074 Domine,
438 3038 582 3065 revoca
613 3027 654 3063 in
686 3026 793 3063 curia
826 3025 980 3072 gratiae,
1019 3036 1090 3073 per
1128 3025 1258 3072 legem

225 3089 459 3136 clementiae,
496 3088 690 3136 judicium
726 3099 861 3125 meum
897 3087 1034 3124 datum
1071 3088 1112 3123 in
1149 3087 1258 3125 curia

226 3151 549 3200 concupiscentiae
573 3161 644 3198 per
669 3150 797 3197 legem
824 3148 1020 3196 injustitiae
1029 3161 1040 3194 3
1064 3151 1101 3185 et
1120 3159 1259 3196 separa

225 3226 288 3252 me
322 3226 346 3252 a
375 3215 464 3261 lege
492 3212 687 3259 injustitiae
714 3211 915 3259 J'udicante
949 3211 990 3247 in
1022 3210 1128 3248 curia
1165 3221 1259 3248 con-

227 3276 472 3325 cupiscentiae
487 3304 498 3323 ,
520 3286 564 3311 ac
594 3285 736 3322 repara
761 3285 824 3311 me
848 3284 920 3321 per
945 3273 1077 3320 legem
1103 3272 1259 3320 ,iustitiae

270 3361 277 3378 ¹
301 3348 373 3400 Ιοό,
404 3366 500 3400 xxiv,
527 3361 559 3390 5.
586 3375 620 3380 -
651 3359 665 3379 2
695 3357 808 3397 Dent„
836 3363 949 3396 xxvii,
979 3358 1028 3387 10.
1051 3373 1085 3378 —
1112 3356 1126 3378 ³
1147 3356 1258 3398 Amos,

229 3413 260 3446 v,
284 3406 315 3437 Ἰ.

2276 186 2352 224 515

1326 256 1567 301 iudicantem
1587 259 1627 294 in
1655 262 1763 298 curia
1787 264 2039 302 conscientiae.
2065 270 2160 305 Ecce
2185 272 2354 317 quatuor

1328 319 1434 353 aetus
1466 320 1634 357 contenti
1660 321 1700 357 in
1730 323 1913 369 petitione
1943 330 2121 373 praesenti
2144 342 2152 366 :
2174 331 2356 369 videlicet

1329 381 1436 414 actus
1464 380 1692 428 judicandi,
1720 387 1826 421 actus
1846 389 2085 435 revocandi,
2107 394 2214 428 actus
2242 404 2354 441 sepa-

1327 440 1456 486 randi,
1484 445 1591 479 actus
1609 446 1832 491 reparandi.
1856 448 2005 485 Primus
2027 455 2173 498 spectat
2191 454 2242 490 ad
2260 455 2356 492 mali

1329 503 1644 552 consensionem3
1684 508 1907 555 secundus,
1949 510 2000 546 ad
2029 512 2124 549 mali
2158 516 2355 554 contritio-

1328 571 1440 608 nem3
1462 565 1617 612 tertius,
1640 567 1691 603 ad
1718 568 1812 606 mali
1843 571 2129 610 consessionem
2143 587 2153 620 ;
2174 579 2356 624 quartus,

1328 622 1380 659 ad
1399 625 1489 661 mali
1512 626 1824 668 satisfactionem.

1659 732 1848 770 Artz’culus
1872 739 2024 782 prt‘muS.

1377 810 1572 853 Quantum
1601 813 1653 849 ad
1687 817 1816 851 actum
1855 817 2080 865 judicandi,
2114 822 2358 871 psalmogra-

1327 870 1428 916 phus
1455 871 1547 909 dicit
1577 885 1586 909 ε
1617 875 1800 912 Ιαάίείαῃι
1827 888 1940 914 meum
1969 881 2074 917 :hoe
2095 885 2151 919 est
2165 884 2358 929 ,iudicium

1327 934 1624 976 pronuntiatum
1650 936 1690 972 in
1718 938 1826 975 curia
1852 941 2176 989 concupiscentiae
2201 956 2271 993 per
2304 947 2358 984 le—

1328 1002 1418 1038 gem
1433 994 1600 1039 justitiae.
1630 998 1737 1035 Unde
1757 1000 1946 1038 nimirum
1965 1006 2068 1040 recte
2090 1005 2202 1052 dicit,
2229 1019 2357 1054 meum,

1326 1065 1408 1091 non
1427 1058 1538 1093 tuum
1553 1070 1564 1103 3
1587 1059 1681 1106 quia
1697 1060 1761 1097 lex
1784 1061 1995 1109 injustitiae,
2015 1068 2052 1101 et
2070 1066 2133 1103 lex
2154 1070 2360 1117 concupis-

1328 1117 1460 1153 centiae
1488 1128 1568 1155 non
1596 1123 1653 1156 est
1679 1132 1702 1158 a
1731 1124 1832 1169 Deo,
1854 1125 1924 1161 scd
1950 1126 2000 1163 ab
2025 1127 2199 1166 homine.
2221 1131 2361 1168 Notan-

1328 1177 1425 1214 dum
1453 1179 1570 1225 igitur
1602 1183 1738 1229 quod,
1774 1185 1872 1222 sicut
1899 1186 1939 1223 in
1969 1189 2164 1237 Scriptura
2195 1191 2358 1239 legitur,

1323 1238 1519 1284 judicium
1542 1243 1779 1282 subvertitur
1793 1274 1806 1292 ,
1826 1249 2072 1297 pervertitur,
2095 1254 2132 1288 et
2149 1252 2190 1288 in
2210 1254 2360 1290 malum

1328 1303 1587 1349 convertitur,
1617 1306 1715 1342 sicut
1742 1307 1783 1342 in
1813 1309 1886 1345 isto
1916 1310 2067 1356 judicio
2098 1312 2185 1350 luce
2217 1314 2360 1352 clarius

1327 1360 1534 1401 invenitur.
1557 1367 1802 1406 Subvertitur
1835 1371 1940 1408 enim
1970 1383 2041 1418 per
2060 1374 2360 1414 delectationem

1327 1430 1600 1474 superantem3
1627 1431 1861 1476 pervertitur
1892 1443 1962 1480 per
1999 1434 2128 1481 legem
2166 1436 2359 1483 injustitiae

1326 1485 1586 1533 imperantem
1600 1502 1611 1536 ;
1632 1491 1673 1527 in
1702 1492 1850 1529 malum
1874 1496 2111 1533 convertitur
2129 1509 2199 1544 per
2217 1499 2360 1536 volun-

1327 1550 1446 1585 tatem
1467 1550 1819 1599 obtemperantem.
1843 1557 1894 1592 De
1913 1557 2043 1603 primo
2066 1560 2077 1580 ¹
2099 1570 2108 1594 z
2136 1574 2154 1594 «
2173 1562 2247 1597 Nec
2266 1562 2358 1598 Om-

1326 1610 1507 1657 nipotens
1527 1613 1726 1651 subvertet
1751 1616 1978 1662 judicium:
2012 1632 2030 1654 »
2066 1622 2257 1668 quoniam
2286 1622 2359 1659 im-

1326 1672 1460 1709 missio
1480 1675 1690 1722 passionis,
1711 1688 1799 1724 quae
1818 1679 2010 1717 subvertit
2024 1682 2221 1728 ¹iudicium
2240 1685 2361 1722 ratio-

1326 1734 1386 1770 nis
1399 1763 1411 1781 ,
1432 1735 1504 1772 fuit
1524 1737 1574 1774 ab
1601 1738 1851 1786 adversario,
1871 1752 1954 1779 non
1975 1753 1996 1780 a
2017 1745 2094 1781 Deo
2115 1757 2123 1782 :
2153 1756 2239 1783 6666
2255 1748 2361 1794 311(ἰί-

1327 1795 1431 1832 cium
1451 1798 1700 1837 subversum.
1729 1804 1780 1838 De
1813 1805 1987 1842 secundo
2009 1807 2022 1828 ²
2045 1819 2054 1842 ε
2081 1819 2099 1841 (1
2120 1808 2359 1857 Maledictus,

1327 1858 1395 1905 qui
1414 1860 1598 1906 pervertit
1626 1861 1822 1907 J‘udicium
1851 1865 2026 1904 advenae.
2049 1880 2067 1902 »
2099 1869 2215 1907 Plane
2235 1871 2358 1908 male-

1327 1919 1453 1956 dictus
1467 1924 1524 1958 est
1544 1923 1704 1960 affectus
1724 1924 1803 1971 ille,
1821 1937 1901 1973 quo
1918 1930 2151 1975 pervertitur
2166 1932 2360 1978 J'udicium

1327 1982 1504 2030 advenae,
1534 1984 1575 2020 id
1596 1988 1664 2031 est,
1692 1987 1905 2025 voluntatis
1933 1990 2080 2028 bonae:
2111 2003 2198 2040 quae
2219 1994 2361 2031 dicitur

1327 2043 1494 2089 advena,
1516 2056 1597 2082 non
1625 2046 1832 2095 indigena,
1865 2051 2056 2097 quoniam
2080 2053 2269 2101 inspirata
2289 2059 2359 2103 est,

1327 2115 1409 2141 non
1447 2105 1581 2144 innata
1622 2120 1630 2144 :
1671 2120 1760 2146 6666
1793 2111 1989 2157 ,iudicium
2026 2125 2269 2161 perversum.
2309 2120 2360 2155 De

1326 2166 1439 2203 tertio
1461 2169 1474 2190 ³
1496 2180 1504 2204 ε
1534 2181 1551 2201 (1
1571 2170 1800 2208 Convertitis
1819 2172 1858 2209 in
1885 2174 2124 2213 absinthium
2149 2178 2359 2224 judicium,

1329 2229 1367 2262 et
1378 2227 1567 2273 justitiam
1587 2231 1629 2267 in
1648 2233 1751 2269 terra
1769 2234 2003 2283 relinquitis.
2031 2250 2048 2272 »
2072 2239 2172 2275 Nulli
2194 2240 2362 2278 dubium

1328 2289 1425 2335 quin
1453 2291 1650 2336 judicium
1688 2298 1888 2333 convertat
1925 2297 1966 2334 in
2002 2299 2264 2348 absinthium,
2295 2305 2363 2350 qui

1329 2352 1518 2388 convertit
1558 2352 1809 2392 dulcedinem
1853 2358 1938 2394 vitii
1975 2359 2018 2396 in
2059 2363 2363 2401 amaritudinem

1328 2412 1510 2460 supplicii
1530 2427 1538 2450 ε
1566 2425 1656 2453 6666
1674 2417 1871 2463 judicium
1891 2431 2139 2461 conversum.

1639 2520 1831 2559 Arta-ulus
1857 2526 2043 2563 secundus.

1377 2599 1574 2643 Quantum
1606 2602 1659 2638 ad
1693 2607 1823 2641 actum
1860 2609 2104 2656 revocandi,
2141 2611 2321 2659 adjunxit
2351 2625 2360 2652 ε

1329 2661 1474 2706 Judz‘ca,
1496 2662 1538 2698 id
1560 2666 1629 2709 est,
1646 2665 1865 2711 judicando
1885 2679 2029 2707 revoca
2048 2671 2089 2707 in
2104 2673 2212 2710 curia
2230 2677 2363 2723 gratiae

1330 2732 1400 2768 pcr
1419 2722 1549 2769 legem
1571 2725 1804 2764 clementiae.
1827 2730 1988 2777 Quaeris,
2010 2743 2131 2780 quare
2151 2736 2366 2783 appellavit

1327 2783 1522 2829 judicium
1539 2787 1753 2826 clementiae
1768 2791 1915 2838 potius,
1932 2803 2052 2840 quam
2065 2795 2221 2841 justitiae
2232 2798 2250 2833 ‘l
2268 2799 2366 2843 Quia

1327 2845 1425 2892 311115
1455 2848 1635 2886 ordinem
1663 2861 1744 2888 non
1771 2854 1960 2902 servavit,
1991 2856 2088 2893 dum
2119 2858 2210 2895 data
2230 2861 2268 2896 et
2298 2872 2363 2898 ac-

1332 2911 1443 2955 cepta
1476 2911 1667 2949 sententia
1699 2914 1927 2962 appellavit.
1965 2920 2060 2954 Ante
2093 2921 2243 2966 peccati
2276 2933 2366 2959 con-

1331 2981 1490 3008 sensum
1508 2974 1698 3020 potuisset
1722 2977 1940 3024 appellasse
1954 2980 2129 3026 Judicem
2144 2983 2307 3030 Justum,
2324 2987 2366 3020 ut

1330 3030 1474 3069 faceret
1511 3045 1604 3071 cum
1640 3037 1855 3076 tentatione
1888 3045 2148 3090 proventum,
2180 3044 2250 3080 sed
2278 3049 2367 3092 post

1332 3103 1545 3132 consensus
1581 3097 1822 3136 dementiam
1860 3112 1943 3139 non
1977 3104 2104 3150 potuit
2140 3105 2338 3153 appellare
2352 3136 2364 3154 ,

1331 3155 1407 3192 nisi
1429 3156 1690 3197 clementiam.
1719 3163 1762 3198 Et
1783 3165 1902 3210 nota,
1924 3165 2035 3212 quod
2054 3166 2152 3203 sicut
2170 3168 2223 3205 ait
2243 3169 2365 3217 Scrip-

1334 3220 1444 3265 tura,
1473 3220 1649 3266 J'udicare
1679 3223 1868 3271 contingit
1887 3225 2009 3272 inter,
2038 3238 2132 3275 pro,
2153 3232 2190 3266 et
2208 3233 2363 3279 contra,

1333 3282 1370 3316 et
1393 3282 1607 3328 praesertim
1626 3283 1666 3319 in
1682 3294 1801 3322 causa
1815 3288 2059 3326 revocatoria
2076 3301 2086 3326 :
2105 3291 2249 3330 scilicet
2267 3293 2368 3331 inter

1333 3341 1523 3388 justitiam
1539 3346 1577 3380 et
1595 3344 1821 3391 injustitiam
1842 3348 2121 3398 discernend03
2138 3352 2368 3401 injustitiam

1341 3405 1605 3451 secernend03
1633 3406 1821 3461 justitiam
1851 3409 2114 3450 decernendo.
2145 3416 2195 3452 De
2223 3417 2366 3463 primo,
