2633 3878
286 252 362 291 368

286 338 372 373 tur¹
419 348 426 371 z
466 348 483 367 «
512 331 755 370 pulchriores
784 331 873 365 sunt
901 327 1003 364 oculi
1033 328 1116 372 ejus
1147 326 1253 361 vino.
1289 338 1306 357 »

276 397 429 435 'Tertius
450 398 506 432 est
523 394 661 432 oculus
681 392 906 436 Salvatoris,
928 390 978 426 de
1000 400 1080 437 quo
1099 389 1112 409 ²
1136 399 1143 423 :
1163 401 1180 421 «
1201 386 1309 424 Oculi

285 460 437 497 Domini
464 458 589 494 multo
617 457 707 504 plus
726 454 939 492 lucidiores
963 451 1167 488 5111115010.
1189 464 1206 483 »
1232 449 1312 486 Pri-

284 533 371 558 mus
405 520 590 558 avertitur
621 530 644 555 a
675 518 783 556 bono
813 517 865 554 ad
896 515 1046 552 malum
1077 524 1146 560 per
1177 512 1311 549 inobe-

285 583 490 628 dientiam3
513 580 732 625 secundus,
753 591 776 616 a
797 577 937 625 maj0ri
964 577 1071 613 bono
1102 574 1154 611 ad
1182 574 1312 611 minus

284 646 456 690 bonum,
477 655 547 691 per
566 641 896 686 inobedientium
919 638 1066 682 tertius,
1088 637 1139 674 ab
1161 637 1312 684 optimo

284 706 336 743 ad
359 706 592 753 pessimum,
614 715 683 752 per
708 702 934 738 vindictam.
966 700 1137 736 Primum
1166 699 1313 745 vitupe-

284 767 428 814 rabile:
449 767 665 804 secundum
686 763 889 801 tolerabile
911 775 919 799 ε
950 762 1101 799 tertium
1121 760 1312 798 formida-

284 829 374 865 bile.
400 831 448 865 De
474 829 603 876 primo
661 839 668 862 :
695 842 710 859 «
732 827 892 873 Propter
918 824 1093 871 inopiam
1114 822 1224 859 multi
1249 821 1313 858 dc-

284 890 483 937 liquerunt
496 903 507 936 3
538 892 575 926 ct
614 890 681 936 qui
721 886 857 935 quaerit
892 885 1142 932 locupletari,
1178 883 1315 920 avertit

285 952 466 996 oculum,
492 965 510 987 >³
535 951 680 988 scilicet
715 961 737 987 a
768 949 873 987 licito
903 948 955 985 ad
984 947 1175 984 illicitum.
1206 944 1312 981 Unde

285 1014 377 1050 dicit
397 1014 558 1061 Sapiens
579 1015 591 1036 ³
621 1025 628 1049 :
657 1026 673 1046 «
699 1011 770 1056 Qui
796 1011 949 1048 festinat
971 1009 1105 1054 ditari,
1135 1018 1216 1044 non
1244 1006 1315 1043 erit

284 1076 486 1112 innocens.
518 1090 534 1109 n
565 1076 615 1111 De
648 1073 821 1110 secundo
854 1072 907 1107 sic
941 1070 1115 1117 loquitur
1146 1078 1314 1116 sponsus

285 1148 437 1185 sponsae
454 1138 466 1159 ⁵
489 1150 497 1174 :
524 1153 542 1171 u
561 1140 697 1173 Averte
720 1134 854 1171 oculos
874 1136 962 1170 tuos
983 1143 1005 1168 a
1020 1142 1104 1178 me,
1129 1130 1222 1178 quia
1241 1129 1315 1177 ipsi

285 1211 347 1236 me
369 1199 527 1236 avolare
548 1198 742 1243 fecerunt;
766 1210 783 1231 »
807 1195 920 1243 quasi
942 1194 1045 1230 dicat
1067 1205 1075 1229 :
1097 1195 1232 1230 Averte
1254 1201 1314 1227 as-

285 1265 419 1309 pectus
441 1259 702 1308 speculativos
729 1269 751 1294 a
780 1256 1044 1305 speculatione
1068 1254 1240 1291 veritatis
1264 1253 1316 1290 ad

286 1322 579 1360 aemulationem
593 1320 758 1366 virtutis,
773 1319 867 1367 quia
880 1318 953 1366 ipsi
967 1319 1127 1365 propter
1141 1327 1253 1354 suam
1267 1315 1314 1363 (a)

285 1384 577 1431 improbitatem
605 1393 668 1419 me
697 1381 857 1419 avolare
885 1381 1061 1416 fecerunt
1089 1389 1112 1415 a
1140 1378 1314 1415 claritate

286 1446 323 1482 in
345 1446 574 1490 claritatem,
596 1445 671 1481 1100
692 1447 747 1480 051
768 1454 790 1479 3
811 1442 983 1478 claritate
1000 1441 1156 1488 justitia>
1177 1441 1217 1476 iu
1238 1440 1315 1476 ela-

284 1508 437 1544 ritatem
456 1507 669 1554 sapicntite.
691 1505 749 1542 Sic
770 1506 924 1553 oportet
939 1503 1182 1551 quandoque
1198 1513 1315 1549 prop-

287 1573 342 1606 ter
373 1569 527 1606 bonum
561 1567 795 1605 obedientiae
828 1566 988 1604 oculum
1017 1564 1317 1612 contemplantis

286 1632 407 1668 averti
431 1642 454 1668 a
481 1631 632 1668 visione
661 1630 726 1666 Dei
755 1629 807 1666 ad
833 1628 1102 1676 provisionem
1131 1627 1314 1674 proximi.

286 1695 336 1730 De
358 1694 466 1730 tertio
484 1694 497 1715 ⁶
519 1705 527 1729 :
554 1706 571 1726 «
592 1695 689 1729 Cum
712 1681 961 1728 extenderitis
980 1701 1121 1726 manus
1148 1692 1314 1735 vestras,

286 1759 461 1793 avertam
483 1755 618 1792 0011105
638 1765 748 1791 111005
775 1765 798 1790 a
824 1753 948 1790 vobis.
974 1767 992 1788 »
1019 1755 1047 1790 O
1070 1763 1191 1800 quam
1210 1752 1318 1788 terri-

286 1817 375 1854 bilis
396 1817 548 1854 aversio
569 1816 776 1854 Salvatoris
797 1827 821 1852 a
840 1815 1001 1852 dextera
1021 1814 1073 1850 ad
1099 1814 1314 1860 sinistram,

287 1891 310 1916 a
329 1890 476 1917 corona
496 1879 547 1917 ad
566 1890 745 1927 peenam,
768 1889 791 1914 a
811 1877 937 1924 gloria
956 1877 1007 1914 ad
1028 1877 1265 1923 gehennam!

605 1985 790 2020 Articulus
816 1984 999 2020 secundus.

334 2068 549 2116 Appetendi
567 2067 732 2104 facilitas
751 2069 998 2109 connotatur,
1019 2077 1110 2103 cum
1130 2066 1289 2104 additur
1307 2078 1314 2101 ε

289 2132 341 2166 Xe
359 2131 519 2176 videant,
541 2130 582 2166 id
598 2133 667 2174 est,
689 2131 883 2177 appetant.
905 2131 990 2165 Non
1010 2128 1167 2165 indocte
1186 2128 1319 2176 posuit

288 2195 408 2229 videre
426 2204 498 2241 pro
520 2197 707 2240 appetere,
728 2192 821 2240 quia
839 2202 920 2228 non
941 2194 997 2228 cst
1019 2191 1213 2239 appetitus
1234 2190 1316 2226 sine

288 2255 441 2292 intuitu.
462 2258 572 2301 Nam,
594 2253 812 2291 secundum
832 2253 1117 2299 Philosophum
1131 2254 1159 2298 ⁷,
1181 2263 1320 2300 apprc—

289 2317 426 2353 hensio
446 2316 631 2364 praecedit
657 2315 883 2363 appetitum.
914 2317 988 2351 Nec
1015 2315 1054 2350 in
1080 2314 1167 2350 visu
1188 2317 1245 2350 est
1263 2313 1317 2349 vi-

290 2379 386 2415 tium
405 2382 564 2426 propter
589 2378 790 2424 intuitum,
814 2377 883 2414 sed
908 2380 1067 2424 propter
1089 2376 1314 2424 appetitum.

289 2444 332 2478 Et
351 2444 457 2487 nota,
475 2440 584 2489 quod
603 2451 749 2486 magna
769 2442 824 2476 est
840 2439 1001 2476 videndi
1022 2450 1090 2475 seu
1107 2438 1319 2486 appetendi

289 2503 452 2540 facilitas
490 2503 592 2540 circa
627 2505 702 2539 tres
741 2501 1015 2549 appetibilium
1053 2500 1317 2545 differentias,

289 2568 387 2613 puta
414 2566 517 2602 circa
544 2565 718 2610 divitias,
751 2564 932 2610 delicias,
965 2563 1228 2600 excellentias
1261 2563 1319 2600 Ad

290 2627 371 2664 haec
393 2627 466 2664 tria
485 2626 715 2674 appetibilia
734 2626 866 2671 dirigit
892 2625 1107 2673 appetitum
1129 2624 1320 2672 sapientia

292 2690 495 2737 tripartita,
518 2692 654 2736 utputa
676 2692 846 2733 terrena,
868 2687 1072 2732 animalis,
1091 2686 1288 2724 diabolica
1310 2699 1318 2722 ;

293 2761 465 2798 quorum
490 2750 662 2798 primum
692 2749 968 2786 convenienter
997 2748 1226 2795 intelligitur
1251 2759 1322 2796 per

293 2812 357 2858 id,
378 2812 489 2859 quod
507 2811 649 2858 legitur
669 2813 681 2833 Β
704 2824 712 2847 :
739 2825 757 2845 «
778 2811 814 2848 Si
834 2810 917 2847 vidi
937 2810 1061 2847 solem
1084 2821 1174 2847 cum
1199 2809 1322 2856 fulge-

294 2876 365 2919 ret,
386 2877 422 2909 et
441 2873 579 2909 lunam
598 2872 846 2909 incedentem
866 2871 982 2908 clare.
1001 2885 1019 2907 »
1041 2871 1154 2915 Quod
1175 2871 1323 2908 dictum

296 2937 351 2971 est
374 2934 590 2970 secundum
613 2944 766 2970 morem
792 2933 1121 2978 alchimistarum,
1141 2944 1221 2980 quo
1241 2943 1323 2968 me-

297 2996 388 3033 talla
397 2995 651 3032 nominantur
663 2995 893 3031 nominibus
904 2994 1164 3041 planetarum.
1185 2996 1323 3031 Secun-

298 3058 394 3094 dum
414 3057 519 3094 enim
532 3068 684 3094 morem
704 3056 821 3092 istum
839 3056 901 3102 (b),
923 3066 992 3103 per
1003 3056 1128 3093 solem
1141 3056 1322 3093 etlunam

297 3130 439 3156 aurum
467 3118 682 3166 accipimus
711 3120 748 3153 et
774 3119 998 3163 argentum,
1026 3129 1113 3164 quae
1142 3118 1324 3154 dicuntur

298 3181 404 3218 clara
423 3184 460 3217 et
479 3191 587 3226 cara3
605 3183 641 3216 ct
660 3182 765 3215 tanto
786 3178 966 3223 clariora,
988 3181 1135 3226 quanto
1157 3179 1322 3215 cariora.

299 3245 383 3279 Haec
404 3245 555 3288 autem,
576 3241 664 3278 licet
690 3240 905 3277 clarissima
928 3243 965 3276 et
992 3240 1209 3286 carissima,
1231 3240 1327 3278 bea-

298 3307 359 3340 tus
380 3303 452 3340 Job
473 3313 554 3340 non
573 3302 691 3349 vidit,
714 3302 808 3349 quia
826 3312 908 3339 non
927 3301 1138 3349 appetivit:
1161 3313 1248 3339 ecce
1270 3303 1324 3339 di-

345 3406 350 3421 ¹
371 3404 465 3442 Gen„
485 3410 584 3443 xle,
606 3404 658 3433 12.
676 3419 715 3425 —
740 3402 751 3420 ²
771 3401 892 3442 Ecclzz,
910 3408 1016 3442 xxm,
1035 3402 1088 3433 28.
1111 3418 1152 3425 —
1170 3400 1184 3422 ³
1203 3401 1324 3443 Eccli.,

302 3458 410 3490 xxvii,
437 3453 466 3482 1.
482 3467 522 3475 -
541 3451 552 3468 ⁴
573 3449 682 3488 Pron„
704 3457 834 3489 xxviii,
854 3450 908 3480 20.
929 3467 965 3472 -
995 3449 1005 3467 ⁵
1030 3448 1142 3490 Cant„
1161 3456 1208 3490 Vl,
1232 3451 1263 3481 4.
1282 3468 1323 3474 —

303 3501 315 3517 ⁶
330 3499 410 3537 lsa.,
427 3506 450 3538 1,
473 3500 575 3529 15.-
593 3499 601 3512 '¹
623 3497 736 3537 Arist„
757 3496 918 3538 Metaplc„
930 3497 987 3528 lib.
1006 3497 1078 3538 xil,
1097 3498 1179 3529 text.
1197 3498 1250 3538 36,
1271 3499 1321 3530 37.

981 235 1252 279 EXPOSl'l'lO
1284 234 1335 276 lN
1366 234 1715 279 PSALTERIUM.

1383 325 1566 362 vittarum
1586 327 1800 374 appetitus,
1825 330 1975 364 terrena
2000 328 2189 375 sapientia
2208 331 2405 368 excitatus.

1383 387 1606 424 Secundum
1626 389 1870 436 exprimitur,
1897 389 1966 425 ubi
1992 389 2173 426 scribitur
2190 392 2204 413 ⁹
2225 403 2235 426 :
2260 405 2278 426 (ι
2297 392 2406 429 Oculi

1384 449 1437 484 tui
1468 449 1658 487 videbunt
1691 453 1893 496 extranea,
1924 453 1961 487 et
1991 461 2058 487 cor
2090 453 2201 487 tuum
2229 452 2411 500 loquetur

1383 521 1586 558 perversa3
1609 525 1626 545 »
1651 513 1763 560 quasi
1784 513 1888 550 dicat
1910 525 1918 549 :
1947 513 2206 560 Concupisces
2226 514 2411 551 mulieres

1385 575 1608 619 extraneas,
1630 577 1667 610 ct
1685 575 1878 621 perversis
1903 575 2032 612 verbis
2057 585 2261 622 perversas
2287 575 2413 612 mani-

1384 634 1543 671 festabis
1570 636 1906 683 concupiscentias
1934 650 1942 674 :
1975 648 2063 674 ecce
2093 636 2324 674 deliciarum
2346 647 2414 685 ap-

1386 697 1545 743 petitus,
1567 697 1728 733 animali
1749 697 1938 745 sapientia
1958 698 2139 735 irretitus.
2159 699 2327 735 Tertium
2348 709 2414 736 ex-

1385 758 1523 806 plicari
1551 759 1814 805 dignoscitur,
1842 759 1913 796 ubi
1945 759 1994 796 de
2024 771 2116 807 rege
2149 760 2321 797 filiorum
2352 771 2415 797 su-

1385 820 1531 867 perbiae
1562 821 1702 858 dicitur
1733 822 1760 844 ¹0
1789 834 1797 858 ε
1832 823 1993 858 «Omne
2024 822 2193 858 sublime
2229 822 2333 859 videt
2363 835 2412 860 :n

1387 882 1533 929 quippe
1558 893 1627 919 rex
1655 883 1720 920 ille
1747 883 1932 920 sublimia
1962 884 2172 931 appetivit,
2208 887 2244 921 et
2273 884 2416 922 similia

1387 946 1568 991 appetere
1594 944 1697 981 filios
1726 945 1893 982 erudivit
1918 957 1925 980 :
1956 955 2044 982 ecce
2078 945 2318 983 excellentiae
2348 956 2416 994 ap-

1386 1007 1543 1052 petitus,
1562 1007 1752 1054 sapientia
1772 1007 1971 1044 diabolica
1991 1007 2177 1045 eruditus

1725 1113 1913 1149 Artz'culus
1942 1115 2081 1149 tertius.

1435 1193 1665 1242 Appetibilis
1691 1195 1856 1231 carnalis
1879 1195 2064 1232 inutilitas
2085 1195 2304 1242 denotatur,
2327 1207 2417 1233 cum

1388 1257 1568 1294 subditur
1589 1268 1597 1292 ε
1623 1252 1838 1293 Vam'tatem.
1868 1257 2132 1294 proculdubio
2158 1257 2311 1294 vanitas
2334 1269 2416 1295 non

1389 1322 1445 1355 est
1483 1318 1731 1366 appetibilis‚·
1764 1319 1844 1354 imo
1877 1319 2197 1366 contemptibilis,
2216 1319 2416 1368 praeeipue

1388 1381 1511 1417 tribus
1550 1380 1598 1416 de
1638 1380 1763 1417 causis
1796 1392 1804 1416 :
1845 1380 1938 1428 quia
1972 1391 2159 1416 sensuum
2195 1381 2391 1419 detentiva
2403 1395 2414 1429 3

1389 1442 1580 1479 mentium
1618 1442 1819 1478 seductiva
1835 1454 1846 1488 3
1886 1443 1951 1478 Dei
1987 1442 2258 1489 provocativa.
2300 1443 2417 1480 Plane

1389 1515 1547 1540 sensum
1568 1504 1714 1540 detinet
1733 1503 1773 1539 in
1796 1504 2073 1550 delectatione,
2104 1506 2277 1541 mentem
2302 1504 2418 1541 sedu-

1391 1566 1440 1602 cit
1458 1565 1499 1602 in
1519 1565 1821 1610 deliberatione‚·
1844 1568 1965 1602 Deum
1993 1569 2184 1612 provocat
2208 1566 2250 1603 in
2275 1577 2416 1614 opera-

1390 1628 1507 1664 tione.
1528 1630 1578 1664 De
1599 1627 1727 1675 primo
1749 1627 1796 1663 ¹¹:
1824 1627 1992 1665 «Multos
2012 1627 2277 1674 supplantavit
2295 1628 2419 1676 suspi-

1390 1689 1451 1727 cio
1472 1700 1632 1734 eorum,
1660 1692 1696 1725 et
1722 1690 1763 1726 in
1793 1689 1961 1726 vanitate
1990 1689 2155 1726 detinuit
2175 1700 2310 1726 sensus
2329 1689 2419 1726 illo-

1390 1762 1491 1787 rum.
1515 1765 1532 1786 »
1556 1751 1647 1788 11105
1671 1751 1847 1799 profecto
1877 1751 2100 1799 supplantat
2126 1751 2317 1799 suspicio,
2351 1752 2419 1800 qui

1389 1813 1601 1850 vanitatem
1616 1815 1659 1849 ut
1673 1813 1875 1851 veritatem
1891 1813 2052 1850 existere
2067 1813 2313 1861 suspicantur
2319 1825 2332 1861 3
2349 1814 2420 1851 sed

1390 1875 1551 1912 illorum
1568 1886 1703 1912 sensus
1721 1875 1874 1912 vanitas
1901 1875 2068 1921 detinet,
2090 1875 2158 1923 qui
2183 1875 2224 1911 in
2249 1875 2419 1912 vanitate

1391 1940 1581 1985 tanquam
1606 1937 1646 1973 in
1669 1937 1828 1974 veritate
1857 1937 2098 1973 delectantur
2119 1948 2128 1973 :
2157 1947 2246 1974 ecce
2268 1937 2420 1974 vanitas

1392 2010 1578 2036 sensuum
1595 2000 1806 2037 detentiva.
1827 2002 1877 2036 De
1895 2000 2069 2037 secundo
2087 2001 2114 2023 ²²
2131 2013 2140 2037 ;
2165 2003 2274 2048 «Ego
2295 2003 2332 2039 et
2350 2002 2421 2039 do-

1392 2074 1479 2099 mus
1509 2062 1628 2109 patris
1651 2059 1734 2098 'mei
1765 2062 2036 2109 peccavimus,
2065 2062 2234 2100 vanitate
2270 2063 2420 2101 seducti

1393 2135 1551 2169 sumus,·
1573 2138 1592 2160 »
1615 2125 1707 2172 quia
1721 2124 1970 2172 peccavimus
1990 2125 2030 2161 in
2051 2124 2293 2172 operatione,
2313 2125 2421 2162 vani-

1392 2190 1468 2224 tate
1484 2187 1632 2224 seducti
1653 2197 1788 2223 sumus
1807 2186 1849 2222 in
1869 2185 2150 2224 deliberatione
2174 2199 2182 2223 :
2203 2197 2291 2223 ecce
2310 2187 2421 2224 vani-

1393 2252 1449 2285 tas
1481 2249 1672 2285 mentium
1705 2248 1920 2285 seductiva.
1959 2251 2010 2285 De
2043 2248 2153 2285 tertio
2189 2249 2340 2286 canitur
2356 2250 2385 2272 ¹³
2407 2263 2418 2285 .-

1400 2310 1554 2349 «Odisti
1586 2311 1838 2348 observantes
1866 2310 2057 2347 vanitates
2085 2321 2328 2358 supervacue
2360 2323 2368 2347 ε
2397 2324 2415 2345 ³>

1394 2386 1486 2412 sane
1508 2374 1647 2411 odiosa
1667 2376 1722 2410 est
1742 2376 1817 2410 Deo
1838 2373 2008 2418 vanitas,
2031 2373 2123 2420 quia
2150 2375 2249 2410 Deus
2277 2376 2333 2409 est
2354 2384 2420 2409 ve·

1393 2437 1486 2474 ritas
1505 2448 1514 2473 :
1536 2446 1625 2472 0000
1646 2435 1809 2481 vanitas,
1832 2434 1894 2471 Dei
1915 2434 2182 2481 provocativa.

1722 2541 1904 2576 Articulus
1931 2543 2096 2586 quartus.

1443 2624 1672 2673 Appetibilis
1697 2623 1906 2672 spiritualis
1926 2622 2070 2659 utilitas
2090 2623 2314 2668 annotatur,
2335 2632 2425 2659 cum

1397 2687 1614 2724 annectitur
1630 2698 1638 2723 ε
1659 2687 1703 2722 In
1721 2688 1783 2722 via
1803 2689 1863 2721 tua
1877 2687 2024 2730 vivifica
2043 2696 2107 2721 me.
2125 2687 2218 2721 Ecce
2241 2684 2306 2721 via
2318 2683 2427 2731 spiri-

1398 2749 1534 2793 tualis,
1565 2748 1629 2785 via
1648 2747 1883 2795 appetibilis.
1905 2746 1980 2783 Sed
2002 2757 2088 2793 quae
2102 2748 2158 2782 est
2176 2746 2257 2782 haec
2276 2746 2355 2791 via,
2385 2747 2428 2782 ut

1398 2810 1646 2847 ambulemus
1665 2809 1705 2845 in
1726 2810 1799 2845 ea‘?
1819 2811 1930 2855 Nota,
1950 2808 2059 2856 quod
2078 2808 2159 2845 haec
2178 2807 2241 2844 via
2260 2810 2315 2844 est
2330 2817 2426 2851 una,

1397 2872 1464 2908 via
1491 2882 1609 2917 vera,
1641 2871 1707 2907 via
1739 2871 1858 2907 bona.
1893 2872 1996 2907 Hanc
2027 2870 2134 2906 viam
2167 2869 2256 2905 dico
2282 2879 2425 2914 unam,

1398 2935 1558 2982 propter
1578 2932 1865 2978 obedientiam,
1898 2942 1987 2979 quie
2013 2930 2276 2979 pluralitatem
2301 2929 2428 2966 vivifi-

1399 2998 1480 3041 cat3
1504 3005 1661 3040 veram,
1688 2996 1847 3042 propter
1873 2993 2173 3038 continentiam,
2203 3003 2290 3040 quae
2316 2991 2427 3039 spiri-

1399 3057 1613 3094 tualitatem
1635 3056 1828 3101 verificat3
1852 3056 2020 3099 bonam,
2048 3057 2205 3103 propter
2228 3053 2426 3091 renuntia-

1401 3122 1547 3157 tionem
1596 3117 1896 3166 proprietariam
1912 3144 1922 3162 ,
1967 3128 2056 3163 quae
2098 3115 2424 3164 temporalitatem

1401 3182 1677 3219 ccmmunicat.
1695 3183 1744 3216 Dc
1762 3179 1890 3227 primo
1907 3180 1953 3215 ¹³⁶:
1969 3178 2102 3215 «Dabo
2123 3177 2178 3214 eis
2199 3188 2266 3214 cor
2285 3187 2422 3222 unum,

1401 3248 1436 3282 et
1450 3245 1552 3281 viam
1566 3253 1700 3288 unam,
1713 3244 1756 3278 ut
1774 3240 1933 3277 timeant
1945 3250 2008 3276 me
2024 3239 2214 3276 universis
2233 3238 2384 3275 diebus.
2402 3252 2419 3273 »

1402 3362 1438 3368 -—
1453 3345 1464 3363 ⁸
1477 3343 1551 3381 Job,
1564 3351 1660 3383 xxxi,
1680 3344 1731 3374 26.
1750 3357 1790 3364 —-
1810 3344 1821 3359 ‘³
1839 3344 1946 3381 Pron,
1964 3347 2067 3378 xxm,
2087 3323 2143 3371 33.
2158 3356 2199 3363 —
2221 3339 2245 3360 ¹⁰
2258 3337 2330 3378 Job,
2349 3346 2423 3378 xm,

1401 3395 1451 3425 25.
1468 3409 1509 3416 --
1531 3391 1554 3410 ¹¹
1574 3389 1693 3431 Eccli.,
1714 3396 1766 3429 111,
1786 3390 1838 3420 26.
1857 3406 1896 3411 —
1916 3389 1938 3409 ¹²
1952 3388 1979 3419 11
2001 3386 2114 3426 Esdaen,
2136 3394 2160 3426 1,
2180 3386 2210 3417 7.
2226 3402 2264 3409 -
2289 3385 2310 3404 ¹³
2328 3385 2421 3418 Psal.

1399 3449 1480 3480 xxx,
1498 3440 1530 3470 7.
1550 3456 1591 3462 -
1613 3438 1638 3460 ¹⁴
1657 3437 1789 3477 Jerem.,
1808 3444 1919 3477 xxxn,
1938 3437 1989 3468 39.

1443 3500 1484 3539 (α)
1511 3498 1592 3530 Caec.
1612 3497 1691 3530 edit.
1713 3499 1816 3528 tuam.
1830 3512 1870 3519 —
1885 3494 1927 3536 (b)
1943 3496 2022 3526 Item
2033 3493 2173 3534 justum.

2455 1276 2576 1305 Vanitas

2437 1326 2496 1346 non
2533 1320 2577 1346 est

2437 1359 2576 1395 appetibi-

2437 1401 2473 1428 lis
2483 1420 2491 1434 ,
2527 1399 2577 1427 sed

2443 1443 2570 1481 contem-

2436 1481 2557 1518 ptibilis.

2531 3403 2543 3422 ὸ
