2633 3878
828 561 970 618 INDEX
1001 561 1316 618 MATERIARUM
1350 562 1455 627 QUAE
1486 562 1534 618 ΙΝ
1565 563 1695 618 rollo
1733 564 1860 619 ΝΟΝΟ

350 864 712 938 SANCTI
779 864 1557 939 BONAVENTURAE
1628 864 2357 944 CONTINENTUR

279 1203 529 1236 PRAErArioms
549 1210 653 1236 Loco.
671 1203 720 1249 Ex
737 1202 927 1236 prodromo
945 1204 1106 1244 excerpta
1120 1212 1210 1245 quae·

321 1250 412 1282 dam.

278 1298 524 1330 Testimonium
545 1297 631 1331 Sixti
651 1299 825 1332 Senensis.

280 1345 493 1378 PulNcwlUM
518 1354 637 1378 SAcnAE
661 1354 873 1380 scmprunAE.
903 1348 950 1378 De
970 1356 1076 1379 sacrae
1101 1346 1212 1387 Serip-

321 1395 406 1425 turae
425 1394 632 1434 praestantia.

281 1440 455 1482 Scriptura
474 1441 510 1472 in
529 1443 674 1482 quatuor
693 1441 786 1474 rivos
805 1441 928 1474 divisa.

281 1487 433 1520 Christus
453 1488 605 1520 medium
625 1489 835 1530 septiforme.

281 1536 414 1568 Veteris
431 1536 639 1569 Testamenti
658 1536 791 1569 divisio.

280 1584 368 1615 Novi
387 1584 594 1616 Testamenti
615 1584 752 1616 divisio.

282 1631 584 1664 ILLUMINATIONES
610 1640 784 1664 ECCLESIAE
813 1639 849 1664 IN
874 1639 1128 1664 HEXAEMERON.
1150 1632 1212 1663 Ar-

322 1680 524 1719 gumentum
543 1687 586 1710 ex
605 1679 687 1711 edit.
709 1679 817 1711 Vatic.

280 1725 402 1757 Sermo
425 1728 455 1766 1,
475 1734 543 1767 quo
565 1725 768 1764 ostenditur,
795 1729 828 1758 et
854 1726 908 1758 eui
926 1727 1136 1768 loquendum
1156 1727 1212 1766 sit,

321 1775 354 1805 et
373 1782 392 1804 a
412 1782 479 1814 quo
498 1772 632 1805 initium
656 1773 791 1804 dicendi
810 1774 1027 1814 sumendum,
1049 1783 1174 1815 nempe
1194 1783 1214 1805 a

320 1820 455 1853 Christo
474 1820 635 1861 Domino,
651 1820 743 1862 quod
758 1820 913 1852 medium
927 1821 1124 1862 septiforme
1139 1831 1212 1854 esse

321 1867 524 1899 declaratur.

280 1916 401 1948 Sermo
424 1917 456 1946 2.
477 1915 576 1953 Quod
595 1914 631 1946 in
655 1915 866 1956 plenitudine
892 1915 1068 1957 sapientia}
1087 1924 1213 1948 sermo

320 1962 556 1995 terminandus
575 1964 637 1995 est.

280 2011 400 2043 Sermo
420 2012 452 2042 3.
467 2011 522 2041 ‘De
544 2010 635 2042 dono
655 2009 861 2042 intellectus.

280 2059 401 2090 Sermo
422 2059 453 2089 4.
475 2058 524 2089 De
553 2057 629 2089 luce
648 2056 839 2089 intellectus
855 2082 863 2096 ,
890 2067 967 2099 quae
998 2060 1049 2090 est
1070 2057 1214 2097 veritas,

321 2107 362 2138 de
384 2105 456 2148 ejus
476 2105 669 2147 speciebus,
686 2108 719 2137 et
743 2105 876 2139 visione
897 2106 1129 2148 intelligentiae
1155 2115 1216 2147 per

320 2155 478 2185 naturam
501 2153 629 2185 inditae.

280 2202 401 2234 Sermo
429 2203 460 2232 5.
482 2202 530 2232 De
556 2200 671 2232 medio
700 2203 734 2232 et
757 2200 940 2232 virtutibus
952 2219 971 2240 ‚<
985 2203 1018 2233 et
1043 2201 1084 2233 de
1112 2200 1215 2232 radiis

321 2248 406 2281 lucis
431 2248 602 2289 veritatis,
627 2257 668 2280 ac
695 2248 736 2280 de
761 2248 885 2289 triplici
911 2248 1056 2289 virtute,
1086 2248 1215 2280 scilicet

321 2305 450 2337 rerum,
469 2305 606 2328 morum
627 2297 660 2327 et
679 2304 892 2327 sermonum.

281 2345 402 2377 Sermo
423 2345 452 2376 6.
475 2345 524 2375 De
543 2342 725 2375 virtutibus
752 2342 994 2384 cardinalibus,
1020 2345 1054 2375 et
1079 2343 1120 2375 de
1145 2342 1215 2374 vir-

324 2392 451 2423 tutibus
472 2390 577 2422 animi
593 2390 665 2432 33111
684 2390 830 2431 purgati.

284 2439 404 2471 Sermo
418 2440 450 2470 7.
466 2439 513 2469 De
528 2437 709 2469 virtutibus
723 2437 914 2469 informatis
926 2446 988 2478 per
1001 2437 1214 2469 charitatem.

285 2488 406 2520 Sermo
427 2488 464 2528 8,
485 2495 552 2527 quo
573 2485 761 2526 explicatur
776 2485 928 2517 secunda
946 2485 1033 2517 visio
1053 2485 1094 2517 de
1115 2484 1215 2516 subli-

323 2534 441 2566 mitate
464 2533 564 2574 fidei,
598 2535 632 2565 ct
663 2533 836 2573 quomodo
861 2534 1078 2573 comparatur
1105 2532 1216 2564 firma-

324 2584 455 2617 mento,
477 2590 516 2613 ac
541 2581 584 2613 de
607 2580 741 2613 visione
768 2580 1000 2622 intelligentiae
1029 2589 1091 2622 per
1114 2580 1218 2613 fidem

325 2628 523 2661 sublevatae.

283 2677 404 2709 Sermo
424 2678 455 2709 9.
477 2677 526 2708 De
545 2675 624 2708 fidei
646 2675 819 2707 altitudine
841 2677 874 2707 et
894 2676 1066 2708 firmitate.

284 2724 405 2756 Sermo
427 2726 476 2756 10.
499 2725 548 2756 De
567 2723 647 2756 fidei
666 2723 894 2764 speciositate,
915 2732 991 2764 quae
1008 2722 1095 2756 coelo
1121 2731 1216 2754 com-

325 2773 477 2811 paratur.

285 2819 406 2852 Sermo
424 2820 477 2851 11.
498 2817 679 2857 Quomodo
699 2817 844 2850 Trinitas
864 2820 916 2851 est
941 2817 1120 2859 speculum
1145 2818 1218 2860 pul-

326 2865 549 2897 cherrimum.

286 2913 405 2945 Sermo
427 2915 476 2945 12.
499 2913 680 2951 Quomodo
699 2914 790 2945 Deus
807 2912 982 2954 exemplar
995 2915 1047 2945 est
1058 2912 1213 2945 omnium

326 2969 455 3002 rerum,
477 2963 511 2993 et
530 2960 705 3001 Scriptura
726 2960 848 2992 dicitur
864 2970 903 2992 os
922 2960 996 2992 Dei.

287 3009 407 3040 Sermo
429 3009 486 3047 13,
506 3017 574 3048 quo
594 3007 780 3048 exponitur
801 3007 901 3039 tertia
926 3006 1154 3039 consideratio
1177 3007 1218 3040 de

327 3054 506 3096 multiplici
524 3054 746 3097 intelligentia
765 3064 871 3087 sacrae
892 3054 1077 3095 Scripturae
1092 3078 1100 3094 ‚
1123 3057 1156 3086 et
1178 3055 1219 3086 de

328 3102 400 3143 eJus
419 3102 559 3134 theoriis
579 3105 613 3134 et
632 3102 767 3144 figuris,
788 3111 825 3134 ac
849 3103 890 3134 de
912 3101 1079 3134 divisione
1101 3101 1221 3134 intelli-

328 3149 452 3190 gentiae
470 3158 533 3190 per
553 3149 764 3190 Scripturam
785 3150 940 3182 eruditae.

287 3198 408 3230 Sermo
429 3199 479 3230 14.
497 3198 546 3229 De
566 3197 728 3239 mysterio
749 3207 855 3229 sacrae
878 3196 1062 3238 Scripturoe
1077 3198 1155 3229 ante
1174 3196 1220 3228 le-

329 3254 421 3286 gem,
437 3245 498 3277 sub
517 3245 607 3287 lege,
628 3247 662 3277 et
680 3246 758 3286 post
773 3245 897 3286 legem,
919 3246 953 3276 et
970 3245 1012 3276 de
1031 3244 1148 3286 figuris
1170 3253 1222 3276 sa-

329 3302 396 3325 crae
417 3292 612 3334 Scripturae.

288 3341 409 3373 Sermo
429 3343 481 3372 15.
506 3342 554 3372 De
581 3339 746 3381 mysterio
776 3340 961 3382 Scripturae
975 3364 987 3382 ‚
1013 3342 1047 3372 et.
1077 3348 1220 3382 corpore

330 3388 465 3428 Christi,
486 3389 520 3420 et
539 3387 580 3419 de
600 3386 820 3419 Antichristo.

289 3436 409 3469 Sermo
437 3437 488 3468 16.
510 3436 559 3467 De
579 3436 666 3467 statu
699 3434 877 3475 Ecclesiae,
900 3438 933 3466 et
960 3434 1117 3467 aetatibus
1140 3443 1220 3476 sex,

330 3493 408 3516 cum
426 3483 549 3525 quibus
569 3483 673 3515 currit
689 3483 834 3525 septima
851 3486 946 3526 aetas,
966 3486 1000 3516 et
1019 3483 1060 3516 de
1079 3482 1220 3516 theoriis

329 3540 434 3563 sacrae
455 3531 655 3573 Scripturce.

286 3579 409 3611 Sermo
434 3581 482 3612 17.
514 3577 695 3617 Quomodo
720 3578 895 3620 Scriptura
926 3579 1032 3611 reficit
1062 3578 1217 3611 intellec-

1249 719 1450 762 OPERUM

1302 1258 1314 1283 1

1299 1396 1313 1425 1

1299 1443 1315 1472 8

1279 1489 1316 1520 14

1278 1538 1316 1568 14

1279 1585 1315 1615 15

1280 1681 1316 1712 17

1280 1869 1317 1900 17

1277 1962 1317 1994 26

1278 2010 1317 2041 40

1279 2153 1318 2184 49

1280 2295 1317 2326 54

1280 2391 1317 2421 61

1280 2438 1318 2467 66

1281 2627 1321 2658 69

1282 2675 1320 2706 73

1283 2772 1321 2803 78

1282 2865 1321 2897 80

1284 2960 1323 2992 86

1285 3149 1324 3181 88

1285 3293 1324 3325 94

1286 3388 1325 3419 99

1266 3529 1323 3563 104

1431 1204 1502 1234 111111
1524 1204 1557 1235 et
1582 1201 1760 1244 affectum,
1785 1204 1819 1235 et
1845 1203 1958 1236 anima
1980 1204 2077 1246 quasi
2100 1205 2132 1237 in
2162 1206 2319 1247 paradiso

1432 1250 1629 1290 delectatur,
1651 1253 1684 1282 et
1703 1251 1745 1283 de
1767 1251 1909 1283 theoriis
1925 1261 2030 1284 sacrae
2051 1253 2247 1295 Scripturae.

1391 1298 1511 1331 Sermo
1533 1300 1583 1331 18.
1605 1299 1784 1337 Quomodo
1802 1299 1991 1332 intellectus
2011 1301 2187 1334 ordinatur
2205 1303 2247 1334 ad
2271 1302 2321 1334 af-

1431 1345 1570 1386 fectum,
1593 1348 1626 1378 et
1645 1347 1686 1378 de
1706 1346 1872 1378 fructibus
1892 1356 2023 1380 eorum.

1391 1394 1510 1426 Sermo
1533 1396 1582 1426 19.
1603 1395 1651 1426 De
1672 1394 1775 1426 modo
1796 1395 1975 1435 studendi,
2004 1398 2037 1428 et
2063 1396 2264 1438 proficiendi
2288 1397 2323 1429 in

1433 1450 1529 1473 sacra
1551 1442 1738 1483 Scriptura,
1759 1445 1792 1474 et
1811 1443 1853 1475 de
1869 1443 2011 1476 theoriis
2031 1444 2195 1486 ejusdem.

1392 1490 1512 1522 Sermo
1534 1491 1592 1528 20,
1616 1499 1684 1531 quo
1699 1490 1881 1531 exponitur
1897 1493 2017 1532 quarta
2037 1492 2264 1524 consideratio
2281 1492 2323 1525 de

1434 1537 1736 1578 contemplatione,
1754 1546 1830 1579 quae
1844 1538 1880 1569 fit
1898 1548 1960 1579 per
1977 1540 2120 1572 modum
2137 1540 2322 1581 diversum,

1433 1593 1501 1625 quo
1520 1584 1596 1623 soli,
1617 1587 1650 1616 et
1666 1585 1770 1624 lunae,
1789 1587 1822 1617 et
1842 1585 1946 1617 stellis
1962 1589 2199 1628 comparatum
2221 1597 2260 1619 ac
2282 1588 2323 1618 de

1431 1631 1563 1664 visione
1577 1631 1809 1674 intelligentiae
1822 1642 1884 1673 per
1904 1634 2230 1675 contemplationem
2250 1644 2322 1666 sus-

1433 1688 1560 1719 pensae.

1393 1727 1512 1758 Sermo
1533 1729 1584 1758 21.
1606 1728 1654 1758 De
1674 1736 1899 1768 personarum
1918 1728 2081 1770 trinitate,
2099 1731 2131 1761 et
2147 1729 2189 1761 de
2209 1738 2324 1761 essen-

1434 1774 1487 1805 tiae
1506 1773 1646 1812 unitate,
1667 1777 1699 1805 et
1720 1775 1958 1814 appropriatis,
1979 1779 2012 1808 et
2030 1776 2104 1818 lege
2128 1776 2264 1818 tripHci,
2291 1779 2325 1809 et

1435 1820 1475 1852 de
1495 1820 1763 1852 hierarchiarum
1782 1822 2011 1854 ordinatione.

1393 1868 1513 1900 Sermo
1533 1870 1584 1899 22.
1605 1869 1654 1899 De
1675 1871 1763 1900 statu
1789 1869 1949 1901 Ecclesiae
1972 1870 2160 1911 militantis,
2184 1870 2326 1912 qualiter

1434 1915 1469 1946 in
1494 1914 1564 1946 suis
1592 1915 1769 1946 ordinibus
1795 1919 1846 1947 est
1876 1917 2042 1958 disposita
2068 1927 2076 1949 ε
2110 1920 2144 1950 et
2169 1927 2325 1960 supernae

1435 1961 1646 1994 Hierusalem
1668 1965 1899 2002 comparatur.

1393 2010 1514 2042 Sermo
1533 2011 1584 2041 23.
1608 2009 1707 2047 Quod
1725 2009 1839 2041 anima
1852 2011 2117 2052 contemplativa
2129 2012 2230 2044 debet
2243 2022 2325 2045 con-

1433 2056 1582 2088 siderare
1603 2056 1789 2089 Ecclesiam
1804 2057 2023 2099 militantem,
2041 2060 2320 2102 descendentem,

1434 2106 1468 2136 et
1487 2104 1744 2136 ascendentem.

1392 2151 1591 2183 Additiones
1616 2152 1659 2184 ad
1680 2152 1888 2184 Luminaria.

1392 2199 1582 2231 Exposmo
1603 2208 1642 2232 m
1664 2208 1899 2233 PSALTEmUM.
1918 2202 2178 2244 Argumentum,
2195 2212 2236 2235 ex
2258 2202 2326 2235 edi-

1434 2246 1526 2278 tione
1545 2247 1722 2279 Vaticana.

1394 2294 1625 2334 Expositionis
1642 2295 1677 2326 in
1693 2295 1895 2328 psalterium
1915 2296 2021 2328 Index
2035 2297 2265 2338 alphabeticus
2284 2307 2325 2330 ex

1434 2344 1569 2374 vetusto
1589 2343 1776 2384 exemplari
1797 2345 1861 2376 Ms.

1396 2389 1432 2420 ln
1453 2389 1668 2422 Praefatioue.
1691 2391 1783 2431 Opus
1799 2391 2019 2433 conditionis,
2040 2395 2073 2424 et
2091 2402 2178 2433 opus
2192 2396 2326 2425 restau-

1434 2437 1590 2469 rationis.
1615 2438 1801 2479 Theologia
1829 2439 1903 2470 aliis
1926 2439 2111 2480 disciplinis
2132 2440 2326 2472 liberalibus

1436 2487 1586 2525 praestat.
1606 2486 1852 2526 Argumentum
1866 2487 2039 2527 quomodo
2052 2488 2236 2527 praecellat.
2252 2488 2328 2529 Epi-

1435 2532 1532 2573 logus
1549 2533 1702 2564 omnium
1720 2533 1886 2564 librorum
1902 2533 2034 2566 Veteris
2051 2535 2272 2574 Testamenti,
2293 2538 2326 2567 et

1436 2579 1478 2611 de
1500 2580 1697 2612 nominibus
1715 2589 1848 2613 eorum.

1396 2627 1478 2665 Quas
1499 2630 1578 2659 sunt
1598 2627 1804 2659 attendenda
1823 2628 1913 2659 circa
1931 2631 2106 2660 auctorem
2124 2631 2157 2660 et
2176 2638 2325 2670 causam,

1437 2678 1470 2707 et
1488 2684 1616 2707 nomen
1635 2675 1735 2714 libri,
1757 2678 1790 2707 et
1816 2676 2079 2708 instrumentum
2099 2685 2119 2707 a
2137 2686 2205 2717 quo
2225 2677 2327 2709 trahit

1437 2723 1522 2754 liber
1540 2723 1794 2755 similitudinem
1816 2723 1851 2755 in
1870 2723 1983 2755 multis
2005 2733 2012 2755 :
2038 2726 2071 2755 et
2095 2733 2198 2765 quare
2217 2725 2325 2757 David

1438 2770 1568 2802 dicatur
1587 2769 1730 2802 eximius
1750 2771 2006 2811 prophetarum.

1397 2818 1437 2849 Et
1454 2826 1558 2858 quare
1580 2817 1711 2849 dicatur
1729 2818 1824 2849 tuba.
1845 2817 1926 2855 Quis
1947 2818 1990 2849 sit
2013 2817 2166 2859 septimae
2190 2819 2326 2851 decadis

1438 2865 1602 2906 septimus
1629 2865 1675 2906 (a)
1698 2874 1817 2897 annus.
1840 2865 1980 2906 Triplex
2007 2874 2108 2897 causa
2135 2866 2327 2908 frequenta-

1438 2911 1540 2944 tionis
1566 2911 1667 2953 hujus
1694 2912 1782 2944 libri.
1805 2914 1854 2944 De
1882 2913 2030 2954 quinque
2055 2913 2328 2947 distinctionibus

1437 2968 1499 3000 per
1517 2960 1607 3000 Fiat,
1627 2960 1701 3001 fiat.
1724 2960 1901 2992 Distinctio
1930 2960 2019 2992 iuter
2045 2961 2273 3002 soliloquium,
2295 2965 2328 2994 et

1439 3006 1695 3048 signiloquium.
1716 3008 1765 3039 De
1793 3007 1996 3040 necessitate
2016 3009 2273 3050 consequentis,
2295 3012 2328 3041 et

1440 3054 1685 3095 consequendi.

1396 3102 1520 3133 Beatus·
1536 3102 1601 3142 vir,
1628 3102 1686 3143 qui
1714 3111 1778 3133 non
1798 3101 1896 3143 abiit,
1919 3101 2042 3134 Psalm.
2065 3104 2095 3134 1.
2116 3103 2165 3134 De
2188 3112 2327 3136 accessu

1439 3148 1482 3181 ad
1510 3150 1637 3190 Deum,
1667 3152 1700 3181 et
1724 3150 1765 3181 de
1796 3158 1934 3180 recessu
1960 3158 1979 3180 a
2011 3150 2082 3180 Deo
2106 3158 2114 3180 :
2142 3149 2176 3181 in
2205 3150 2327 3191 quibus

1439 3199 1600 3237 tanquam
1631 3195 1880 3228 contrariorum
1911 3195 2030 3227 eadem
2058 3196 2247 3235 disciplina.
2278 3198 2326 3229 De

1439 3243 1548 3275 tribus
1566 3243 1796 3284 positionibus
1817 3243 1863 3284 (b)
1883 3243 1956 3275 Dei.
1987 3244 2035 3275 De
2062 3243 2208 3276 lectione
2222 3269 2230 3285 ,
2251 3253 2328 3276 me-

1439 3291 1614 3328 ditatione,
1639 3293 1672 3322 et
1691 3291 1859 3323 oratione.
1878 3291 1926 3322 De
1944 3291 2053 3322 tribus
2076 3291 2251 3332 paradisis,
2270 3291 2327 3323 tri-

1439 3339 1504 3370 bus
1524 3337 1636 3379 lignis,
1657 3340 1691 3369 et
1718 3337 1827 3369 tribus
1855 3337 1988 3370 incolis.
2015 3338 2194 3376 Quomodo
2219 3339 2327 3370 Adam

1438 3385 1503 3417 fuit
1523 3384 1638 3426 arbor,
1657 3384 1788 3426 folium,
1809 3384 1942 3426 stipula.
1974 3386 2115 3426 Propter
2134 3386 2198 3418 tria
2217 3386 2327 3428 Spiri-

1439 3434 1493 3464 tus
1512 3435 1647 3465 sanctus
1670 3433 1708 3473 (c)
1731 3441 1827 3474 aquae
1850 3435 2078 3474 comparatur.

2366 1257 2424 1287 110

2366 1352 2423 1382 115

2365 1447 2421 1477 121

2370 1967 2428 1999 139

2370 2108 2428 2140 147

2369 2156 2428 2187 152

2371 2250 2427 2282 154

2368 2584 2428 2614 155

2371 2773 2429 2804 156

2372 3057 2429 3088 157

2371 3434 2428 3466 158

1434 3538 1474 3574 (α)
1504 3538 1588 3567 Edit.
1624 3537 1692 3567 Ven.
1717 3548 1806 3567 unus.
1828 3553 1860 3559 —
1887 3537 1920 3575 (b)
1948 3537 2020 3568 Item
2046 3539 2153 3576 quibus
2174 3541 2374 3578 petitionibus.
2396 3556 2429 3563 -

1398 3580 1430 3616 (c)
1450 3580 1523 3609 Item
1537 3581 1618 3609 deest
1632 3581 1757 3617 Spiritus
1771 3583 1901 3611 sanctus.
