2633 3878
107 819 247 845 Miz-acula

108 868 228 895 magna.

263 217 314 255 76

265 302 451 344 claritate
471 301 741 351 meritorum,
763 299 1092 349 miraculorum,
1116 300 1157 339 et
1175 309 1289 339 mar-

263 374 490 427 tyriorum.
515 371 773 413 Praeclaritas
793 371 1045 412 meritorum
1061 370 1140 410 fuit
1159 371 1202 410 in
1224 382 1292 422 pa-

263 444 478 494 triarchis;
501 443 613 484 unde
633 444 644 466 ¹
663 456 673 483 :
696 458 714 481 «
737 442 976 483 Laudemus
996 441 1110 481 viros
1130 440 1289 492 glorio-

264 527 346 556 sos.
379 529 398 552 »
437 513 690 555 patriarchae
719 512 924 553 miracula
956 524 1041 552 11011
1077 512 1288 561 feceruut,

264 586 335 626 sed
361 585 510 626 famosi
535 585 706 625 fuerunt
734 583 910 623 meritis.
934 582 985 622 lli
1015 582 1188 622 suerunt
1208 582 1289 622 ini-

266 658 371 697 tium
398 657 639 709 Scripturae,
662 655 761 708 quia
781 654 872 705 agit
892 653 940 693 de
960 652 1292 705 apparitionibus

267 728 346 768 illis
373 729 502 768 factis.
529 726 788 768 Praeclaritas
814 725 1064 765 meritorum
1093 726 1134 764 et
1160 724 1288 764 mira-

266 800 459 841 culorum
479 799 559 839 suit
579 799 625 838 111
643 797 900 850 legislatore.
915 795 1017 838 Vide
1039 808 1197 848 magna
1217 796 1292 836 mi-

265 871 409 912 racula
437 871 479 911 in
505 870 790 923 flagellatione
816 868 1010 922 AEgypti,
1040 868 1085 907 in
1114 868 1293 908 transitu

266 943 411 993 maris,
429 942 472 982 in
488 942 666 990 deserto,
682 943 730 982 ut
747 940 902 993 quibus
918 951 992 992 per
1009 938 1294 992 quadraginta

264 1026 396 1055 annos
412 1025 499 1054 non
518 1016 618 1054 sunt
633 1012 774 1053 attrita
793 1011 1088 1061 calceamenta,
1107 1023 1184 1051 nec
1203 1022 1292 1051 ves-

265 1085 454 1136 timenta,
468 1096 625 1125 manna
635 1084 685 1125 de
697 1084 799 1124 coelo
811 1083 918 1136 pluit
928 1083 1024 1123 illis.
1036 1082 1138 1123 Vide
1151 1082 1169 1123 J
1174 1094 1290 1131 osue,

264 1158 337 1210 qui
357 1157 488 1198 5016111
506 1156 601 1196 fecit
620 1158 746 1206 stare,
769 1154 843 1208 qui
863 1167 994 1207 aquas
1007 1154 1150 1195 divisit
1170 1154 1215 1194 in
1232 1153 1293 1193 in-

264 1243 413 1284 gressu
436 1233 560 1270 terrae
580 1227 889 1282 promissionis,
907 1230 946 1267 et
965 1238 1089 1279 aquae
1109 1238 1293 1266 reversae

264 1305 364 1343 sunt
383 1302 426 1341 in
447 1313 568 1341 suam
588 1300 814 1351 originem.
836 1298 1036 1351 Adenge
1054 1298 1122 1337 his
1140 1297 1290 1348 Eliam,

264 1376 305 1414 et
323 1373 529 1413 Eliseum:
553 1371 626 1425 qui
646 1371 756 1411 Elias
773 1370 928 1410 coelum
948 1368 1181 1419 claudebat,
1203 1368 1293 1421 plu-

263 1444 378 1485 viam
412 1444 558 1494 dabat,
599 1442 743 1483 cibum
775 1441 1102 1494 augmentabat3
1139 1441 1211 1494 qui
1247 1441 1294 1481 in

264 1528 393 1556 curru
423 1515 551 1567 igneo
579 1514 765 1555 ascendit
796 1514 966 1555 coelum.
996 1513 1185 1563 Elisaeus,
1221 1512 1293 1565 qui

264 1587 412 1626 vivens
450 1589 668 1626 mortuum
706 1585 922 1625 suscitavit
936 1599 946 1634 ;
987 1584 1060 1636 qui
1099 1586 1293 1623 mortuus

264 1658 389 1698 etiam
422 1660 641 1698 mortuum
674 1656 889 1697 suscitavit
901 1671 910 1706 ;
946 1656 1019 1709 qui
1052 1656 1179 1696 etiam
1215 1654 1291 1694 ho-

264 1729 399 1770 mines
431 1728 633 1782 capiebat.
664 1728 772 1769 Ante
802 1728 944 1780 legem
976 1739 1100 1779 ergo,
1134 1730 1174 1767 et
1201 1729 1294 1779 post

264 1802 422 1854 legem,
445 1804 486 1841 et
513 1801 557 1841 in
581 1801 748 1841 datione
768 1800 894 1852 legis,
918 1800 1024 1840 facta
1047 1801 1145 1838 sunt
1164 1798 1290 1838 mira-

263 1873 376 1923 cula,
406 1880 445 1913 et
472 1872 641 1913 nonnisi
662 1872 706 1912 in
735 1872 815 1912 hoc
837 1871 1007 1924 populo.
1031 1870 1094 1911 Ex
1120 1883 1205 1924 quo
1228 1883 1293 1910 se-

264 1944 422 1997 quitur,
455 1944 566 1996 quod
597 1944 664 1984 isti
696 1944 778 1984 viri
803 1943 1105 1994 amantissimi,
1139 1945 1178 1983 et
1207 1942 1293 1982 cari

264 2015 370 2066 Deo,
399 2016 572 2056 fuerunt
603 2016 646 2056 in
680 2016 858 2056 veritate
895 2015 1072 2056 fundati.
1103 2014 1202 2055 Haec
1233 2017 1295 2055 est

264 2100 370 2139 ergo
399 2087 603 2128 certitudo
633 2087 745 2128 fidei.
776 2086 915 2128 Tertia
944 2086 1204 2140 praeclaritas
1233 2088 1294 2126 est

264 2158 565 2199 miraculorum
586 2160 627 2198 et
646 2157 968 2210 martyriorum.
992 2157 1043 2198 Et
1062 2158 1156 2198 haec
1176 2157 1294 2197 certi-

264 2231 365 2271 tudo
395 2230 584 2271 veritatis
616 2232 816 2282 apparet,
846 2229 1013 2282 quando
1040 2228 1169 2269 homo
1201 2229 1294 2270 vult

265 2302 373 2342 mori
392 2313 468 2354 pro
487 2301 663 2341 veritate
683 2312 812 2353 quam
832 2300 1050 2353 praedicat,
1080 2303 1128 2340 ut
1149 2299 1292 2348 lsaiaS,

265 2376 304 2414 et
325 2373 394 2412 alii
414 2373 644 2425 prophetae.
657 2371 671 2392 ²
687 2387 706 2410 ((
726 2370 859 2421 Quem
880 2372 1186 2424 prophetarum
1209 2384 1294 2412 non

264 2443 473 2497 persecuti
493 2446 593 2484 sunt
611 2446 750 2496 patres
773 2443 928 2484 vestri?
949 2457 968 2481 >³
989 2443 1031 2484 Si
1050 2444 1189 2483 dicant
1208 2444 1296 2484 hae-

265 2515 406 2566 retici,
434 2516 547 2568 quod
566 2516 644 2569 ipsi
670 2527 746 2569 pro
769 2515 946 2556 veritate
975 2516 1233 2566 moriuntur,
1256 2518 1296 2556 ct

265 2586 422 2627 habent
452 2587 625 2637 merita3
654 2587 828 2628 tertium
857 2589 1001 2627 tamen
1029 2599 1115 2627 non
1142 2587 1292 2638 habet,

266 2657 470 2698 miracula
507 2657 691 2698 scillcet:
734 2670 954 2710 nunquam
984 2658 1178 2698 auditum
1211 2661 1290 2708 est,

267 2729 379 2781 quod
398 2728 644 2776 haereticus,
669 2728 735 2768 vel
755 2731 875 2777 ante,
898 2729 964 2768 vel
994 2731 1087 2780 post
1115 2733 1295 2769 mortem

268 2799 410 2840 fecerit
442 2798 660 2838 miracula.
695 2799 752 2839 De
793 2799 884 2838 istis
923 2799 1037 2839 coelis
1071 2798 1292 2850 legitm·³:

275 2886 293 2909 «
313 2869 520 2920 Quoniam
541 2869 690 2909 videbo
711 2868 836 2909 coelos
857 2871 971 2920 tuos,
993 2881 1120 2922 opera
1145 2870 1297 2921 digito-

268 2953 365 2982 rum
400 2943 589 2990 tuorum,
623 2954 641 2977 1)
677 2940 832 2980 50111061
864 2940 978 2980 viros
1010 2941 1218 2990 coelestes,
1252 2942 1296 2981 in

269 3012 424 3066 quibus
450 3010 645 3051 videmus
673 3011 783 3050 hanc
809 3010 1013 3063 triplicem
1042 3011 1292 3064 claritatem,

270 3095 366 3136 quae
384 3085 483 3123 sunt
501 3093 628 3134 opera
642 3081 875 3133 digitorum
896 3082 984 3122 Dei.
1001 3082 1047 3122 In
1068 3083 1146 3124 isto
1164 3084 1296 3135 digito

269 3155 405 3204 tertio,
429 3153 585 3194 scilicet
604 3152 812 3203 miraculi,
836 3153 1035 3194 deficiunt
1054 3155 1169 3207 magi
1189 3155 1298 3196 Pha-

270 3226 433 3275 raonis,
460 3224 503 3265 id
523 3226 605 3274 est,
634 3223 845 3273 haeretici,
871 3227 912 3264 et
937 3226 1198 3279 quicumque
1227 3227 1296 3267 alii

270 3288 470 3337 infideles.

324 3365 463 3406 Tertia
482 3366 670 3412 ‚firmitas
696 3365 795 3407 fidei
816 3368 879 3407 est
908 3378 961 3407 ex
983 3366 1295 3409 testificantium

313 3473 324 3495 ¹
346 3471 466 3507 Eccli..
488 3479 581 3511 κων,
604 3475 631 3503 1.
652 3489 692 3496 -
713 3473 723 3491 ²
742 3473 828 3513 Act„
851 3481 919 3513 vu,
939 3476 990 3506 52.
1011 3491 1051 3498 —-
1077 3475 1088 3494 ³
1107 3475 1196 3506 Psal.
1223 3483 1297 3516 vni,

274 3521 306 3551 2.
325 3536 365 3544 -
380 3518 394 3541 δ
408 3517 496 3551 Psal.
517 3520 717 3559 6111,12.-
732 3519 744 3542 ⁵
758 3521 838 3561 lsa„
856 3527 917 3562 vu,
939 3522 990 3554 14.
1005 3539 1046 3547 —
1062 3523 1074 3541 ⁶
1092 3523 1184 3556 Luc..
1203 3529 1227 3563 1,
1245 3523 1297 3555 31.

953 206 1399 250 ILLUMINATIONES
1430 205 1693 255 ECCLESIAE

1364 300 1586 342 concordia
1605 301 1729 354 plena
1742 335 1754 356 ‚
1785 316 1883 357 quae
1904 307 1967 345 est
1994 305 2039 345 in
2066 305 2221 357 tribus,
2242 307 2287 347 in
2306 306 2394 347 clo-

1363 371 1475 423 quiis
1495 373 1818 427 scripturarum,
1838 376 1883 417 in
1902 376 2077 417 decretis
2096 378 2390 429 conciliorum,

1363 441 1408 482 in
1439 443 1701 485 documentis
1737 451 1993 489 sanctorum.
2030 447 2085 488 De
2120 449 2258 501 primo
2282 449 2391 501 legi-

1363 516 1433 554 tur
1452 514 1466 537 ¹*
1483 529 1491 553 :
1513 530 1531 552 «
1550 515 1605 555 De
1626 517 1763 557 medio
1783 521 2002 570 petrarum
2023 519 2184 559 dabunt
2203 531 2346 568 voces,
2366 535 2385 558 »

1363 585 1443 625 1100
1464 588 1526 625 651
1545 586 1594 626 (16
1616 588 1752 628 medio
1772 589 1956 630 duorum
1975 590 2203 640 cherubin,
2225 590 2275 631 de
2297 590 2392 643 qui·

1363 657 1443 697 bus
1470 657 1721 710 loquebatur
1749 660 1971 712 Dominus,
2006 661 2095 702 sive
2125 661 2176 702 de
2208 673 2394 714 quorum

1364 728 1521 779 medio,
1544 729 1700 770 scilicet
1719 731 1769 771 de
1798 731 1936 772 medio
1957 732 2140 772 duorum
2164 734 2395 773 testamen-

1364 801 1519 840 torum.
1553 800 1681 841 Isaias
1711 801 1809 843 dicit
1834 802 1873 843 5z
1901 817 1920 841 «
1951 803 2055 843 Ecce
2085 802 2219 856 Virgo
2250 803 2394 844 conci-

1364 870 1461 923 piet.
1483 871 1650 912 »Lucas
1668 873 1767 914 dicit
1784 874 1797 896 ⁶
1816 887 1825 914 ε
1844 890 1863 913 ((
1883 874 1986 915 Ε606
2001 875 2223 928 concipies.
2241 889 2260 912 n
2276 874 2396 915 Alius

1365 943 1495 983 (11Χ117
1514 956 1523 984 z
1541 944 1776 986 «Morietur
1800 946 1851 999 (a)
1874 946 2114 988 Christus.»
2136 947 2186 988 Et
2206 947 2398 999 Evange-

1364 1013 1460 1055 lista
1475 1018 1489 1039 s
1511 1029 1520 1055 :
1545 1030 1564 1054 <‹
1585 1015 1821 1057 Occidetur.
1842 1030 1861 1054 »
1882 1016 2093 1070 Quidquid
2113 1030 2217 1070 ergo
2236 1018 2397 1059 dictum

1365 1088 1427 1126 est
1451 1099 1526 1140 per
1552 1088 1798 1140 proplietaS‚
1821 1088 2044 1141 impletum
2071 1091 2134 1130 est
2154 1102 2229 1143 per
2256 1089 2395 1130 Chris-

1365 1159 1473 1198 tum.
1502 1157 1552 1198 Et
1579 1157 1703 1198 Isaias
1729 1158 1827 1199 dicit
1846 1159 1886 1199 ⁹:
1915 1174 1934 1197 «
1960 1159 2170 1200 Ascendet
2195 1159 2399 1201 Dominus

1366 1241 1493 1282 super
1510 1229 1672 1270 nubem
1690 1229 1852 1280 levem,
1874 1232 1914 1270 et
1938 1230 2207 1282 ingredietur
2227 1231 2397 1285 AEgyp-

1366 1301 1480 1351 tum,
1503 1302 1544 1340 et
1570 1300 1862 1340 movebuntur
1893 1301 2145 1342 simulacra:
2166 1316 2185 1339 »
2212 1302 2292 1343 1106
2309 1303 2396 1343 fac-

1365 1371 1459 1409 tum
1488 1372 1550 1411 est
1576 1383 1651 1423 per
1682 1371 1911 1413 Christum.
1942 1371 2171 1424 Nunquam
2198 1372 2397 1414 iuventus

1366 1444 1428 1482 est
1459 1442 1612 1495 aliquis·
1639 1444 1866 1496 propheta,
1902 1443 1970 1485 vel
2003 1444 2303 1498 philosophus,
2325 1446 2399 1499 qui

1366 1512 1646 1554 idololatriam
1661 1515 1845 1567 potuerit
1861 1527 2105 1556 removere:
2126 1516 2239 1568 quod
2255 1517 2398 1558 tamen

1367 1584 1554 1626 Christus
1588 1585 1683 1626 fecit
1713 1598 1789 1639 per
1824 1586 2036 1639 apostolos
2071 1587 2232 1640 ubique
2260 1590 2397 1629 terra-

1366 1668 1489 1697 rum:
1521 1656 1691 1698 bivero
1721 1658 1847 1698 testes
1881 1660 1979 1697 sunt
2017 1657 2265 1710 Scripturae,
2300 1671 2398 1711 pro-

1367 1727 1526 1779 phetae,
1558 1730 1598 1768 et
1634 1727 1826 1781 apostoli.
1864 1727 1947 1769 Nec
1978 1730 2113 1781 potest
2148 1728 2250 1778 dici,
2286 1729 2400 1782 quod

1367 1798 1544 1851 apostoli
1565 1799 1906 1839 subornaverunt
1929 1799 1974 1852 (b)
2008 1799 2247 1852 prophetas,
2275 1801 2322 1840 ut
2343 1799 2402 1841 sic

1367 1870 1573 1921 dicerent,
1611 1870 1719 1911 sicut
1751 1871 1890 1911 evenit
1924 1870 1968 1910 in
2001 1869 2178 1911 Christo.
2212 1869 2257 1911 Si
2285 1871 2400 1912 enim

1368 1944 1515 1984 eodem
1533 1946 1723 1995 tempore
1741 1942 1935 1992 fuissent,
1969 1944 2108 1994 posset
2127 1941 2275 1982 haberi
2309 1954 2400 1983 sus-

1367 2014 1498 2067 picio:
1539 2014 1607 2054 sed
1649 2013 1708 2053 illi
1742 2015 2075 2065 praecesserunt:
2108 2012 2265 2054 veritas
2295 2025 2399 2066 ergo

1367 2086 1447 2126 ista
1477 2088 1539 2125 est
1572 2085 1817 2125 infallibilis.
1847 2083 1888 2124 Si
1920 2084 2035 2124 enim
2057 2084 2310 2136 contingens
2336 2085 2400 2126 di-

1368 2160 1489 2198 catur
1511 2156 1689 2196 firmiter
1710 2168 1800 2196 esse
1818 2156 2009 2196 futurum
2025 2187 2034 2204 ,
2057 2158 2098 2196 et
2115 2158 2401 2207 cognoscatur

1369 2227 1732 2278 certitudinaliter,
1755 2226 2015 2279 impossihile
2040 2229 2101 2267 est
2121 2227 2234 2280 quod
2255 2226 2398 2268 videa-

1368 2302 1438 2340 tur
1457 2300 1590 2349 aliter,
1612 2298 1693 2338 nisi
1721 2299 1765 2338 111
1785 2298 1964 2338 veritate
1986 2301 2113 2339 certa.
2138 2298 2267 2339 Vetus
2295 2311 2399 2351 ergo

1370 2371 1704 2419 Testamentum,
1731 2372 1770 2410 et
1789 2369 1957 2410 Novum
1985 2370 2030 2409 in
2058 2382 2219 2422 magna
2244 2381 2399 2411 eonso-

1367 2444 1514 2484 nantia
1545 2445 1586 2483 et
1609 2442 1836 2482 harmonia
1858 2441 2137 2492 conveniunt,
2162 2445 2202 2482 et
2225 2445 2321 2483 sunt
2341 2443 2399 2482 si-

1370 2518 1440 2555 cut
1461 2514 1619 2566 viginti
1646 2516 1830 2566 quatuor
1855 2512 2040 2553 seniores
2069 2513 2179 2553 circa
2197 2513 2399 2554 thronum

1370 2585 1543 2634 Christi,
1566 2588 1614 2625 ut
1639 2585 1755 2625 nulla
1781 2584 1833 2624 sit
1862 2583 2081 2624 dubitatio.
2109 2582 2300 2624 Secunda
2325 2584 2400 2625 fir-

1370 2658 1495 2697 mitas
1515 2657 1636 2697 estin
1656 2656 1831 2696 decretis
1854 2655 2156 2704 conciliorum,
2184 2655 2284 2707 quia
2310 2654 2400 2704 illa,

1371 2740 1468 2781 quac
1497 2728 1540 2767 111
1569 2728 1750 2767 dubium
1777 2725 2029 2775 veniebant,
2064 2724 2122 2764 ibi
2155 2726 2403 2766 confirmata

1371 2801 1484 2839 sunt.
1513 2799 1642 2839 Arius
1665 2798 1846 2848 dicebat,
1871 2796 1985 2850 quod
2005 2796 2128 2837 Pater
2158 2798 2294 2850 major
2313 2799 2403 2838 erat

1369 2870 1472 2911 Filio
1492 2870 1727 2910 secandum
1757 2868 2004 2918 essentiam,
2027 2870 2068 2907 et
2096 2879 2170 2920 per
2194 2867 2273 2908 hoc
2293 2868 2398 2908 nite-

1371 2941 1496 2981 batur
1524 2941 1742 2981 ostendere
1770 2952 1856 2980 11011
1887 2950 1978 2979 6556
2011 2937 2167 2978 Filium
2192 2937 2401 2991 aequalem

1372 3011 1499 3053 Patri.
1522 3012 1572 3053 Et
1592 3012 1636 3052 in
1656 3012 1793 3065 primo
1816 3009 2011 3059 conciliO,
2034 3009 2109 3049 ubi
2129 3009 2299 3050 fuerunt
2317 3008 2400 3051 viri

1371 3083 1622 3123 sanctissimi
1647 3084 1819 3136 (beatus
1846 3080 2042 3122 Nicolaus
2062 3080 2140 3121 fuit
2159 3080 2268 3133 ihi),
2300 3080 2395 3132 ubi,

1372 3153 1477 3204 dico,
1496 3154 1667 3194 fuerunt
1682 3151 1857 3194 trecenti
1871 3151 2015 3191 decem
2034 3153 2074 3191 et
2090 3155 2181 3191 octo
2197 3150 2396 3204 episcopi,

1372 3225 1446 3265 ubi
1478 3225 1580 3265 fides
1613 3224 1860 3265 confirmata
1892 3223 1956 3262 est
1986 3221 2213 3271 catholica,
2246 3222 2401 3263 scillcet

1372 3295 1647 3347 universalis,
1676 3298 1717 3336 et
1744 3295 1902 3335 factum
1923 3295 1986 3333 est
2011 3292 2258 3333 auctoritate
2288 3292 2399 3334 Petri

1375 3426 1410 3433 -
1433 3408 1445 3429 7
1467 3409 1564 3447 Dan„
1586 3417 1632 3450 ix,
1652 3411 1705 3449 26,
1725 3407 1838 3450 quoad
1858 3415 2006 3438 sensum.
2028 3422 2068 3429 —-
2088 3406 2099 3424 ⁵³
2115 3405 2204 3445 Luc„
2224 3412 2323 3446 xviii,
2346 3406 2397 3447 30,

1374 3455 1465 3497 quod
1487 3465 1637 3488 sensum.
1655 3473 1693 3480 -
1713 3458 1725 3475 ⁹
1742 3457 1821 3496 ssa,
1842 3461 1915 3492 ΧΙΧ,
1938 3456 1966 3484 1.

1418 3521 1462 3562 (α)
1480 3521 1721 3556 Occidetur.-
1735 3521 1782 3563 (b)
1803 3520 1883 3553 Caet.
1903 3517 1983 3550 edit.
2001 3516 2322 3551 subordinaverunt.

2448 2316 2562 2344 Veteris
2620 2327 2621 2330 ¹

2436 2360 2535 2384 Testa-

2419 2399 2511 2426 menti
2532 2401 2561 2426 et.

2419 2440 2488 2467 novi
2494 2449 2561 2467 6011-

2420 2483 2554 2509 sonantia

2466 3026 2560 3053 Nicre-

2437 3075 2508 3094 num
2528 3069 2538 3093 1

2421 3109 2560 3143 generale

2420 3152 2448 3178 3¹
2456 3152 2469 3177 8
2488 3150 2561 3185 epis-

2420 3201 2560 3229 coporum
