2633 3878
2306 208 2368 237 vn

232 279 562 330 Sententiarum,
585 280 627 319 et
645 276 770 328 alibi3
791 287 890 316 cum
906 275 958 316 de
977 285 1156 316 ascensu
1175 275 1328 316 mentis
1349 275 1394 316 in
1416 275 1565 328 Deum,
1587 277 1638 318 de
1661 280 1841 332 vestigio
1860 283 1901 323 et
1921 281 2112 335 imagine
2133 282 2366 335 Trinitatis,

233 358 285 400 de
313 359 509 399 creatura
532 356 740 397 clamante
768 353 901 395 Deum
920 364 1032 403 esse,
1057 355 1159 406 agat
1182 352 1358 406 permde
1386 366 1434 395 ac
1451 354 1704 408 Seraphicus
1724 355 1873 399 Doctor
1895 359 1938 399 in
1960 359 2190 401 Itinerario
2217 362 2370 403 mentis

233 434 278 475 in
298 435 433 478 Deum
445 450 463 482 ;
482 445 580 475 cum
597 432 648 473 de
680 430 806 472 modo
830 429 1114 482 cognoscendi
1134 429 1267 470 Deum
1284 441 1364 483 per
1384 429 1685 472 destructivam
1716 433 1974 476 ablationem
1994 436 2047 477 ab
2067 437 2215 489 infimo
2236 450 2370 492 usque

235 512 296 553 ad
307 524 527 554 summum
546 511 763 564 loquatur,
785 509 893 550 sicut
911 508 1212 550 Bonaventura
1232 507 1275 547 in
1301 507 1504 549 Incendio
1527 510 1687 550 amoris
1707 510 1758 551 de
1777 512 1924 553 eodem
1945 514 2069 554 modo
2089 516 2370 566 cognoscendi

228 590 363 632 Deum
376 601 458 644 per
473 589 589 630 viam
602 587 839 641 neqationis
857 586 911 627 ab
934 583 1210 637 inferioribus
1229 596 1363 637 usque
1383 584 1445 624 ad
1458 586 1696 638 superiora,
1721 587 1845 640 idque
1869 589 2104 630 secundum
2120 590 2369 644 Dionysium

230 667 456 720 utrobique
484 660 739 717 allegatum;
760 675 858 704 cum
878 661 929 702 de
950 661 1233 713 intelligentia
1256 661 1415 702 divinae
1433 661 1665 714 Scripturae
1686 663 1880 716 litterali,
1903 668 1944 706 et
1969 666 2194 718 spirituali,
2215 667 2370 708 scilicet

229 743 472 796 allegorica,
493 741 731 794 anagogica
750 742 792 781 et
804 737 1084 792 tropologica,
1101 737 1335 779 secundum
1356 737 1600 791 nugonem,
1623 743 1774 782 tractet
1801 743 1973 796 perinde
1994 755 2042 784 ac
2070 743 2371 786 Bonaventura

229 820 273 861 in
292 820 495 873 opusculo
512 820 575 861 De
595 817 852 861 Reductione
876 815 1047 857 Artium
1070 814 1131 855 ad
1151 815 1186 857 T
1183 814 1436 867 heoloqiam,
1464 815 1638 868 perinde
1659 829 1831 871 quoque
1860 831 1908 860 ac
1937 820 1981 860 in
2003 819 2096 860 aliis
2125 820 2369 861 certissimis

228 897 539 938 Bonaventurae
558 895 722 948 scriptis
735 893 914 935 disserat
929 892 980 933 de
1011 891 1141 934 Verbo
1157 892 1360 942 increato,
1377 892 1616 943 incarnato,
1639 894 1863 947 inspirato,
1881 895 2016 948 deque
2036 909 2183 937 amore
2198 909 2370 938 sursum

227 975 387 1027 activo,
414 985 514 1015 cum
540 973 606 1023 id,
636 971 750 1025 quod
774 982 902 1012 serm.
931 981 1070 1011 xxvm
1094 968 1247 1017 habet,
1279 968 1330 1010 de
1361 969 1514 1010 vetuloe
1532 971 1732 1022 caritate,
1767 983 1852 1024 qua
1879 974 1993 1013 caret
2027 984 2142 1013 unus
2180 985 2370 1025 magnus

227 1052 452 1104 magister,
480 1050 585 1091 illud
608 1049 748 1103 ipsum
776 1048 830 1089 sit
859 1047 972 1100 quod
1002 1061 1028 1089 a
1053 1051 1196 1089 sancto
1230 1046 1530 1089 Bonaventura
1558 1049 1676 1089 fratri
1705 1049 1872 1102 AEgidio
1901 1051 2087 1104 quadam
2116 1051 2183 1092 die
2210 1052 2370 1093 dictum

225 1129 407 1171 refertur
431 1127 470 1179 ¹3
508 1140 609 1169 cum
641 1127 824 1180 denique
855 1126 896 1167 id
929 1125 1043 1179 quod
1083 1126 1133 1166 de
1168 1126 1348 1167 Oratore
1386 1124 1574 1166 insinuat
1605 1127 1657 1167 ad
1690 1127 1771 1168 hoc
1801 1130 1847 1168 ut
1883 1128 1938 1168 sit
1967 1134 2116 1182 potens
2142 1133 2180 1180 ²,
2214 1129 2370 1182 optime

224 1205 448 1246 conveniat
480 1204 650 1246 ineditae
678 1204 776 1246 Arti
799 1202 1079 1257 proedicandi,
1114 1216 1244 1257 quam
1270 1206 1414 1244 noster
1436 1202 1690 1257 Seraphicus
1722 1204 1924 1258 Magister
1943 1206 2115 1259 reliquit
2140 1220 2149 1248 :
2185 1209 2226 1248 et
2256 1207 2371 1260 quod

224 1283 366 1336 majus
391 1285 475 1334 est,
497 1282 695 1335 allegatio
727 1281 1005 1323 collationum
1025 1281 1238 1322 donorum
1260 1282 1365 1322 facta
1396 1293 1523 1322 serm.
1547 1294 1576 1321 11
1595 1284 1635 1322 et
1661 1293 1734 1333 111,
1757 1283 2009 1335 respondeat
2028 1282 2185 1323 inedito
2213 1283 2370 1336 pariter

225 1363 422 1414 certoque
459 1360 769 1403 Bonaventurae
810 1358 1017 1413 opusculo
1050 1359 1113 1400 Dc
1151 1363 1310 1411 septem
1348 1358 1469 1398 donis
1508 1359 1693 1412 Spiritus
1727 1360 1890 1410 sancti,
1927 1359 1996 1400 cui
2030 1359 2189 1400 nedum
2227 1361 2369 1413 quoad

224 1437 478 1487 doctrinam,
512 1438 584 1479 sed
613 1440 654 1478 et
683 1437 823 1490 quoad
853 1437 946 1489 ipsa
974 1435 1106 1476 verba
1131 1435 1176 1475 in
1205 1434 1417 1488 plerisque
1446 1436 1715 1476 simillimum
1743 1438 1805 1477 est
1830 1436 1945 1477 istud
1972 1436 2365 1489 Illuminationum,

222 1516 370 1567 prout,
405 1514 531 1555 modo
563 1514 756 1555 conferre
782 1513 903 1554 liceat
931 1524 1071 1553 unum
1105 1523 1204 1553 cum
1241 1511 1397 1561 altero,
1427 1512 1527 1552 satis
1559 1513 1780 1554 manifeste
1812 1512 1994 1566 quisque
2026 1513 2311 1566 deprehendet
2337 1515 2365 1555 ³.

222 1589 388 1632 Etenim
408 1602 520 1632 serm
541 1603 586 1631 11.
609 1591 838 1632 Luminar.
858 1589 1029 1643 partitio
1049 1590 1097 1630 fit
1115 1589 1165 1630 de
1183 1589 1403 1642 sapientiae
1428 1589 1519 1630 sive
1546 1591 1696 1642 gratiae
1716 1595 1835 1642 ortu,
1861 1595 1901 1631 et
1909 1596 2062 1644 porta,
2085 1603 2162 1632 seu
2180 1590 2272 1643 via,
2293 1603 2368 1644 per

221 1680 353 1722 quam
378 1668 636 1721 ingreditur,
658 1668 936 1722 ejusdemque
963 1668 1054 1709 luce
1079 1667 1278 1709 radiante
1299 1668 1343 1708 in
1363 1668 1558 1709 animam
1582 1683 1590 1709 :
1623 1680 1671 1709 ac
1690 1668 1748 1709 ita
1766 1669 1890 1721 plane
1908 1669 1952 1709 in
1970 1669 2037 1709 his
2060 1668 2368 1712 Collationibus

219 1747 444 1788 Bonorum
462 1747 531 1788 vel
552 1747 606 1787 ab
625 1746 717 1800 ipso
740 1746 914 1787 exordio
933 1746 1076 1798 agitur
1096 1745 1147 1787 de
1160 1751 1257 1786 ortu
1275 1746 1434 1799 qratia,
1458 1751 1498 1788 et
1517 1748 1603 1796 via,
1623 1758 1706 1800 per
1728 1758 1862 1800 quam
1877 1747 2096 1800 sparqitur
2123 1747 2199 1788 lux
2214 1749 2368 1801 qratioe

218 1835 347 1877 super
360 1828 519 1865 mentes
533 1823 761 1865 humanas.
784 1823 845 1864 lbi
856 1824 988 1864 verba
999 1823 1202 1877 Apostoli,
1223 1823 1258 1864 ΙΙ
1275 1823 1393 1875 Cor„
1412 1836 1473 1875 vr,
1494 1827 1532 1874 1,
1549 1823 1821 1874 adhibentur,
1836 1824 1909 1865 illa
1922 1836 2078 1878 nempe
2098 1825 2364 1867 :Hortamur

218 1911 269 1943 ne
282 1901 326 1942 in
342 1913 528 1942 vacuum
540 1902 730 1954 qratiam
754 1901 837 1943 Dei
861 1901 1076 1955 recipiatis
1090 1913 1107 1953 g
1132 1900 1202 1941 hic
1220 1912 1322 1942 vero
1341 1900 1394 1940 ab
1408 1899 1630 1953 ipsissimis
1645 1900 1869 1941 exordium
1879 1901 2062 1951 ducitur,
2078 1914 2126 1943 ac
2139 1902 2365 1956 utrobique

217 1978 362 2019 itidem
392 1981 626 2032 usurpatur
652 1978 756 2020 illud
778 1978 936 2029 Jacobi,
963 1991 992 2028 1,
1025 1980 1098 2018 17:
1128 1978 1265 2019 Omne
1288 1976 1441 2018 datum
1462 1977 1700 2031 optimum,
1731 1980 1810 2018 etc.
1835 1977 2067 2032 Utrobique
2091 1979 2249 2032 pariter
2267 1979 2366 2021 inde

218 2056 403 2097 refertur
423 2060 568 2096 ortum
590 2056 744 2108 qratioe
763 2055 987 2096 desursum
1007 2067 1034 2095 a
1053 2056 1185 2098 Patre
1205 2055 1436 2096 luminum.
1456 2054 1688 2108 Utrobique
1709 2056 1794 2097 fere
1813 2056 1866 2097 ad
1884 2056 2065 2097 verbum
2085 2059 2365 2110 pertractatur

216 2132 266 2176 de
288 2134 484 2187 potentia
516 2133 802 2185 intellectiva,
827 2145 902 2174 seu
933 2132 1147 2186 coqnitiva
1182 2131 1466 2183 illustranda,
1495 2132 1546 2173 de
1571 2133 1763 2186 potentia
1793 2133 1986 2185 effectiva
2011 2134 2285 2186 laetificanda,
2314 2135 2365 2177 de

209 2211 405 2264 potentia
429 2211 650 2265 operativa
684 2210 1017 2252 corroboranda.
1050 2210 1283 2264 Utrobique
1315 2211 1536 2264 ipsissimis
1565 2210 1708 2252 verbis
1739 2215 1856 2252 ortus
1882 2223 1932 2252 ac
1961 2210 2182 2253 descensus
2210 2212 2365 2265 qratioe

215 2287 438 2329 deducitur
447 2299 527 2341 per
562 2287 744 2330 Verbum
771 2288 1068 2338 incarnatum,
1088 2299 1167 2342 per
1196 2287 1378 2331 Verbum
1407 2288 1688 2341 inspiratum,
1703 2300 1786 2342 per
1812 2288 1995 2330 Verbum
2015 2288 2291 2340 crucifixum3
2316 2300 2365 2329 ac

151 2398 156 2402 .
215 2364 436 2418 ipsissimis
466 2365 609 2406 verbis
639 2364 785 2417 agitur
812 2365 974 2406 nedum
1017 2365 1068 2406 de
1100 2365 1254 2419 qratiae
1295 2370 1412 2416 ortu;
1445 2366 1517 2407 sed
1546 2366 1674 2407 etiam
1699 2367 1750 2407 de
1779 2367 1969 2420 eiusdem
1998 2378 2102 2417 usu,
2124 2368 2166 2407 et
2195 2367 2360 2418 fructu.

215 2440 448 2495 Utrobique
463 2442 512 2482 fit
528 2442 741 2496 ipsissima
761 2443 928 2496 partitio
951 2443 1103 2497 qratiae
1123 2455 1224 2484 usus
1240 2443 1379 2494 fidelis
1399 2448 1591 2497 respectu
1610 2445 1802 2495 Domini,
1824 2444 1960 2485 virilis
1980 2445 2025 2484 in
2044 2455 2102 2493 se,
2124 2448 2164 2484 et
2176 2442 2363 2484 liberalis

217 2519 262 2559 in
274 2520 545 2573 proximum.
566 2520 797 2574 Utrobique
815 2521 1054 2574 ipsissimus
1072 2532 1212 2562 sermo
1237 2520 1420 2562 habetur
1447 2521 1497 2562 de
1515 2521 1668 2574 triplici
1690 2522 1831 2562 fructu
1851 2522 2019 2574 gratiae,
2040 2532 2193 2573 nempe
2211 2520 2361 2560 remis-

215 2597 332 2638 sione
368 2597 530 2651 culpoe,
566 2597 834 2651 plenitudine
858 2597 1063 2650 justitioe,
1095 2599 1418 2652 perpetuatione
1449 2599 1548 2639 vitoe
1575 2598 1729 2649 beatoe,
1758 2598 1860 2639 item
1895 2598 1946 2639 de
1981 2597 2126 2651 qratia
2157 2601 2358 2647 curante,

217 2673 541 2724 corroborante,
564 2679 900 2715 consummante.
937 2673 1169 2728 Utrobique
1189 2675 1402 2716 simillime
1435 2687 1483 2716 ac
1512 2677 1599 2718 fere
1622 2675 1847 2729 ipsissimis
1877 2675 2020 2718 verbis
2052 2675 2272 2716 disseritur
2309 2675 2361 2717 de

223 2765 243 2789 α
281 2750 422 2802 gratia
452 2753 775 2792 consummante
806 2751 1172 2793 consummatione
1200 2752 1283 2793 viae
1327 2752 1371 2793 in
1408 2754 1570 2806 septem
1608 2753 1956 2805 beatitudinibus,
1993 2752 2359 2794 consummatione

218 2828 368 2881 patriae
386 2828 433 2869 in
454 2832 615 2882 septem
635 2827 820 2879 dotibuS,
848 2841 1034 2882 quarum
1050 2833 1136 2871 tres
1151 2835 1249 2872 sunt
1268 2831 1313 2872 in
1332 2831 1490 2882 anima,
1512 2831 1620 2872 visio
1633 2863 1644 2882 ,
1666 2831 1797 2872 tentio
1816 2833 1858 2872 et
1879 2830 2040 2881 fruitio,
2060 2842 2158 2883 quae
2177 2842 2358 2884 respon-

216 2904 317 2945 dent
337 2904 475 2945 tribus
493 2905 723 2947 virtutibus
740 2905 1010 2958 theologicis,
1032 2910 1218 2960 quatuor
1240 2907 1286 2948 in
1305 2919 1495 2961 corpore,
1521 2920 1619 2961 quae
1643 2907 1900 2961 respondent
1918 2910 2105 2960 quatuor
2128 2907 2357 2949 virtutibus

217 2981 518 3033 cardinalibus,
556 2996 576 3020 n
616 2985 694 3023 etc.
736 2982 837 3032 Quis
873 2995 980 3036 ergo
1008 2983 1178 3025 dubiter
1212 2984 1264 3025 de
1291 2984 1508 3038 ipsissimo
1545 2985 1768 3038 utriusque
1806 2984 1945 3038 operis
1976 2986 2163 3035 auctore,
2203 2996 2357 3038 nempe

218 3058 264 3100 D.
305 3058 629 3111 Bonaventura,
671 3060 860 3101 maxime
895 3072 994 3102 cum
1034 3061 1079 3102 in
1114 3060 1327 3115 plerisque
1368 3062 1459 3103 aliis
1497 3064 1728 3104 consonent
1765 3062 1849 3104 alia
1891 3061 2127 3103 certissima
2164 3061 2355 3114 eJusdem

217 3137 456 3189 opuscula?

270 3217 311 3255 2.
337 3214 403 3256 Ad
424 3213 520 3256 haec
541 3214 671 3266 ,sicut
691 3217 846 3256 caetera
872 3214 1187 3258 Bonaventurae
1207 3229 1361 3271 opera,
1395 3218 1564 3260 videtur
1584 3219 1624 3258 et
1644 3216 1755 3258 istud
1786 3216 1945 3257 crebris
1963 3227 2094 3257 sacrae
2121 3215 2353 3269 Scripturae

261 3316 268 3333 ¹
292 3313 483 3356 Prodrom.‚
503 3315 569 3347 col.
589 3316 642 3353 30,
664 3324 706 3348 ex
736 3316 862 3349 Chron.
886 3323 970 3349 xxiv
990 3316 1238 3358 ministrorum,
1259 3317 1315 3350 ubi
1335 3318 1375 3351 de
1397 3319 1450 3351 Fr.
1472 3318 1618 3360 .—Egidio.
1638 3329 1655 3347 «
1672 3318 1788 3350 Frater
1811 3317 1964 3359 AEgidius
1983 3315 2052 3348 ait:
2077 3326 2095 3346 «
2114 3316 2229 3348 Potest
2247 3315 2353 3348 idiota

218 3362 328 3393 Deum
346 3363 478 3393 tantum
498 3362 654 3404 diligere,
674 3363 761 3396 sicut
779 3364 966 3396 litteratus?
986 3376 1003 3395 »
1025 3366 1214 3406 Respondit
1235 3366 1408 3398 Generalis
1430 3366 1695 3407 (Bonaventura)
1719 3375 1727 3396 :
1751 3376 1768 3395 «
1789 3366 1862 3397 Una
1879 3363 1992 3395 vetula
2010 3363 2113 3395 ctiam
2133 3363 2208 3404 plus
2227 3366 2351 3404 potest.

218 3416 320 3450 quam
337 3407 500 3450 magister
524 3409 560 3441 in
584 3410 770 3452 theologia.
790 3422 809 3442 >›
828 3429 870 3435 —
891 3412 906 3433 ²
926 3413 1035 3445 serm.
1064 3420 1111 3454 iv,
1136 3421 1256 3446 versus
1279 3413 1394 3447 finem.
1413 3431 1454 3438 —
1481 3413 1492 3432 ³
1518 3414 1598 3446 Haec
1623 3421 1699 3455 quae
1722 3413 1910 3454 sequuntur
1928 3419 2035 3452 usque
2055 3410 2098 3443 ad
2117 3418 2152 3443 n.
2172 3412 2202 3450 2,
2225 3410 2351 3443 exscri-

218 3454 346 3488 buntur
365 3464 406 3488 ex
427 3455 598 3489 Prodrom.
624 3457 688 3490 col.
709 3459 859 3491 740-741.
2246 3456 2256 3467 ¹
