2633 3878
43 787 183 815 Mandata

1069 140 1310 184 PSALMUS
1341 142 1472 182 cxix.

204 226 268 263 hic
288 229 474 275 quaeritur
499 239 618 277 pecus
645 230 851 276 mysticum
876 230 928 266 ad
952 230 1129 277 supernis
1151 240 1234 276 gre-

204 289 319 334 gibus
340 292 649 338 aggregandum.

531 396 722 432 Articulus
749 399 911 443 quartus.

252 478 355 524 Opus
375 477 618 514 meritorium
639 478 831 525 aequitatis
852 478 1028 524 asseruit,
1049 477 1235 525 superad-

199 537 336 583 jiciens
360 550 368 573 ε
385 538 479 581 Quia
498 539 672 575 mandata
692 543 754 576 tua
774 551 844 576 non
863 551 939 576 sum
959 541 1112 581 oblitus;
1133 549 1234 586 quo-

202 599 309 634 niam
328 601 434 635 actus
453 599 645 646 aequitatis
665 601 874 638 mandatus
896 604 951 638 cst
970 601 1010 637 in
1023 600 1232 637 mandatis.

203 659 269 695 Hic
298 662 429 696 autem
463 663 571 697 actus
603 672 685 698 non
715 662 787 698 fuit
820 662 1014 699 oblivioni
1046 662 1234 708 tradituS,

203 721 295 767 quia
327 721 514 758 mandata
541 732 623 759 non
648 723 720 759 fuit
746 723 900 760 oblitus.
923 724 1067 768 Quaeris
1087 724 1237 771 quare?

204 784 313 827 Puto,
340 783 451 829 quod
471 783 614 831 triplici
633 784 797 821 ratione.
826 788 921 821 Nam
941 785 1129 822 mandata
1150 788 1238 821 sunt

202 843 347 880 semitae
368 844 600 890 deductivae,
620 845 790 882 lucernae
811 846 1028 892 directi-vae,
1046 847 1176 893 januae
1196 847 1237 883 in

202 905 399 942 coelestem
442 906 728 943 beatitudinem
767 907 976 944 inductiva:
995 921 1005 954 3
1046 909 1237 955 quoniam

202 966 518 1015 obtemperantes
557 968 779 1014 deducunt,
820 970 1110 1006 considerantes
1149 970 1239 1007 diri-

202 1030 318 1074 gunt,
340 1032 636 1075 perseverantes
656 1029 863 1067 inducunt.
887 1033 937 1067 De
956 1031 1086 1078 primo
1107 1031 1238 1067 scribi·

200 1091 262 1125 tur
280 1092 291 1112 ¹
306 1102 340 1125 :«
355 1090 487 1126 Deduc
497 1101 561 1127 me
581 1091 621 1127 in
637 1091 775 1129 semita
793 1091 834 1128 in
854 1093 1134 1129 mandatorum
1153 1095 1239 1130 tuo·

199 1160 311 1186 rum:
333 1164 352 1185 »
375 1151 438 1187 hic
455 1155 618 1200 apparet
641 1156 796 1200 aperte,
818 1153 929 1200 quod
947 1154 1130 1191 mandata
1150 1157 1240 1190 sunt

199 1213 344 1249 semitae
369 1213 601 1250 deductivae.
630 1217 681 1251 De
710 1215 884 1252 secundo
904 1217 941 1252 ²:
974 1229 992 1250 α
1017 1215 1076 1252 Ad
1104 1215 1239 1252 omnia

199 1274 386 1311 mandata
412 1278 479 1312 tua
499 1276 713 1323 dirigebar,
733 1290 750 1312 »
777 1279 967 1325 tanquam
987 1277 1039 1314 ad
1059 1277 1239 1314 lucernas

200 1335 427 1380 directivas3
459 1337 552 1385 quia
570 1339 582 1360 3
607 1350 625 1372 (<
652 1339 885 1375 mandatum
915 1339 1077 1375 lucerna
1103 1341 1183 1384 est,
1217 1352 1234 1374 »

199 1396 297 1432 sicut
323 1398 508 1445 scriptum
537 1403 592 1436 est
620 1400 842 1436 Salomonis
876 1400 992 1447 stylo.
1024 1400 1089 1437 Hic
1116 1401 1240 1448 liquet

198 1458 351 1504 lucide,
372 1459 483 1506 quod
506 1461 696 1497 mandata
721 1461 889 1498 lucernae
919 1465 1007 1498 sunt
1028 1462 1236 1499 directivae.

198 1521 249 1556 De
281 1521 393 1558 tertio
412 1521 454 1557 ¹⁶:
481 1535 499 1555 «
525 1522 562 1558 Si
592 1522 649 1559 vis
682 1523 734 1559 ad
763 1523 886 1560 vitam
915 1523 1092 1570 ingredi,
1127 1534 1240 1561 serva

198 1582 405 1630 mandata,
430 1597 449 1619 n
475 1584 587 1631 quasi
620 1585 707 1622 coeli
730 1586 872 1632 J'anuas
905 1585 1138 1624 inductivas.
1171 1586 1237 1622 Hic

2258 153 2334 191 545

1310 229 1472 266 (locetur
1491 229 1697 276 implicite,
1720 232 1829 277 quod
1850 234 2036 271 mandata
2067 238 2156 273 sunt
2174 237 2260 274 coeli
2276 238 2336 284 ja-

1310 301 1397 327 nuae
1418 290 1638 327 inductivas.

1739 392 1910 435 Epilogus.

1358 475 1624 512 Declaraturus
1655 487 1748 523 ergo
1790 478 2118 527 psalmographus
2153 482 2339 519 orationis

1310 534 1514 582 virtutem,
1543 548 1630 584 quae
1650 539 1818 585 protegit
1837 542 2055 586 oratorem,
2076 545 2266 589 quantum
2288 545 2339 581 ad

1310 599 1463 643 partem
1495 597 1740 646 inferiorem,
1774 603 1909 638 contra
1935 601 2198 640 damnationis
2229 605 2340 642 timo-

1310 668 1407 702 rem,
1431 661 1561 695 actum
1582 659 1795 707 iniquitatis
1815 663 2029 710 expiando,
2050 666 2200 701 metum
2220 665 2342 702 infeli-

1311 720 1434 757 citatis
1448 721 1709 768 exsufflando,
1724 726 1923 770 speratum
1934 725 2123 763 felicitatis
2135 728 2343 774 praemium

1311 782 1571 829 postulando,
1612 794 1713 830 opus
1751 786 1940 832 aequitatis
1971 788 2216 825 meritorium
2248 789 2343 826 alle-

1312 843 1464 890 gando,
1487 845 1541 880 sic
1564 845 1641 882 ait:
1673 847 1804 883 Erravi
1832 850 1925 884 sicut
1951 851 2049 894 ovis,
2077 853 2267 897 quantum
2293 852 2343 888 ad

1315 908 1444 942 actum
1464 906 1692 954 iniquitatis,
1709 918 1831 956 quam
1844 909 1966 946 virtus
1986 911 2173 948 orationis
2193 912 2342 959 expiat,

1315 968 1401 1010 taae
1426 970 1561 1015 periit,
1602 972 1794 1017 quantum
1825 970 1876 1007 ad
1913 974 2060 1008 metum
2090 973 2343 1020 infelicitatis,

1317 1040 1438 1076 quem
1464 1030 1643 1068 exsufflat
1652 1043 1663 1077 3
1694 1032 1818 1075 Quoere
1842 1043 1982 1070 servum
2011 1038 2133 1081 tuum,
2155 1038 2346 1082 quantum

1314 1090 1367 1126 ad
1385 1091 1593 1138 praemium
1613 1095 1812 1140 speratum
1836 1094 2050 1143 felicitatis,
2078 1097 2188 1144 quod
2213 1100 2346 1144 postu-

1311 1153 1365 1191 lat
1376 1166 1386 1200 3
1412 1155 1507 1198 Quia
1526 1156 1699 1192 mandata
1721 1160 1784 1193 tua
1801 1168 1871 1194 uzon
1890 1169 1967 1194 sum
1987 1159 2133 1206 oblitus,
2154 1163 2347 1207 quantum

1313 1215 1365 1252 ad
1386 1227 1486 1264 opus
1507 1217 1698 1264 aequitatis
1717 1220 1980 1266 meritorium,
2009 1221 2120 1268 quod
2139 1221 2295 1269 allegat.

1361 1280 1404 1314 Et
1423 1278 1463 1314 in
1482 1278 1558 1316 hoc
1574 1284 1871 1318 consummatur
1888 1282 2067 1320 doctrina
2081 1283 2224 1320 Psalmi
2241 1285 2347 1320 Beati

1313 1341 1556 1387 immaculati,
1576 1342 1627 1378 ad
1649 1343 1818 1388 gloriam
1838 1344 1952 1390 Regis
1971 1345 2075 1382 beati
2090 1345 2346 1391 immaculati,

1314 1402 1402 1438 etin
1415 1402 1610 1440 honorem
1626 1404 1784 1451 Reginae
1802 1407 1927 1443 beatae
1940 1407 2200 1445 immaculatae
2216 1419 2224 1443 :
2237 1408 2347 1455 quus

1315 1464 1460 1500 meritis
1482 1468 1518 1500 et
1542 1465 1726 1511 precibus
1751 1478 1825 1504 nos
1851 1468 2034 1516 dignetur
2052 1470 2190 1506 beatus
2211 1471 2248 1506 et
2271 1469 2346 1506 irn-

1315 1526 1533 1563 maculatus
1559 1528 1747 1566 Dominus
1775 1530 1900 1567 beatis
1926 1533 1962 1568 et
1987 1531 2250 1569 immaculatis
2269 1532 2348 1579 spi-

1314 1587 1452 1624 ritibus
1473 1599 1702 1637 aggregare.
1725 1593 1859 1628 Amen.

382 1869 647 1914 PSALMUS
682 1870 860 1915 DA'VID
892 1870 1046 1915 CXIX.

257 1998 290 2034 1.
323 1994 549 2036 Canticum
569 1994 787 2047 yracluum
805 1995 873 2047 (a).
892 1994 984 2043 Quo
1002 1995 1126 2035 modo
1139 2006 1232 2047 sep—

198 2063 313 2104 timae
335 2064 498 2106 decadis
518 2065 681 2106 dicatur
701 2065 905 2106 Jubilaeus
922 2097 932 2115 ,
957 2065 1000 2104 in
1027 2065 1234 2118 principio

196 2134 295 2174 libri
309 2135 322 2156 ⁵
342 2135 501 2176 dictum
517 2139 578 2176 est
586 2148 599 2188 3
621 2139 663 2176 et
681 2136 806 2176 etiam
829 2136 1043 2188 quomodo
1057 2137 1232 2189 Septem

195 2208 332 2258 potest
351 2218 440 2247 esse
460 2207 744 2258 accusativus,
766 2210 807 2247 et
825 2207 1007 2249 dativus.
1031 2222 1049 2245 α
1069 2207 1128 2247 Da
1140 2219 1234 2259 par-

196 2278 256 2316 tes
276 2279 450 2329 septem,
472 2290 551 2318 nec
575 2289 663 2317 non
689 2280 730 2318 et
766 2280 859 2318 octo
874 2282 903 2328 ⁶,
923 2293 941 2315 n
966 2278 1007 2318 id
1037 2280 1113 2328 est,
1135 2278 1233 2319 vive

196 2347 430 2388 secundum
463 2350 698 2399 utrumque
735 2350 1052 2388 testamentum.
1090 2347 1197 2388 Nota
1219 2361 1229 2388 :

197 2414 444 2464 Quindecim
464 2417 624 2469 gradus
650 2420 772 2458 erant
790 2417 835 2457 in
855 2418 1013 2470 templo
1034 2417 1202 2459 Domini
1219 2432 1228 2468 3

196 2489 238 2526 et
257 2486 428 2539 qnando
444 2487 637 2528 sacerdos
657 2488 907 2528 ascendebat
926 2488 1115 2540 primum
1137 2499 1232 2539 gra-

195 2558 323 2609 dum,
373 2559 536 2600 dicebat
583 2560 698 2600 hunc
743 2560 932 2612 primum
989 2559 1226 2612 psalmum3

195 2630 366 2682 quando
376 2631 625 2671 ascendebat
639 2631 889 2682 secundum,
903 2631 1066 2672 dicebat
1086 2642 1231 2671 secun—

195 2701 315 2753 dum,
336 2706 377 2743 et
398 2702 458 2743 sic
476 2703 522 2742 in
542 2703 804 2744 ascendendo
823 2703 986 2744 dicebat
1005 2703 1084 2744 hos
1102 2702 1230 2755 quin-

195 2772 333 2829 decim
360 2773 561 2826 psalmOS.
597 2773 694 2815 ideo
723 2774 971 2827 hujUsmodi
993 2773 1145 2827 psalmi
1166 2773 1228 2813 di-

195 2847 350 2884 cuntur
369 2843 530 2884 cantica
544 2844 776 2896 graduum,
790 2844 960 2887 Glossa:
989 2860 1008 2884 α
1027 2844 1229 2887 varietate

195 2926 342 2956 rerum
361 2915 496 2956 unita.
522 2930 541 2954 ι)
566 2915 745 2966 Quidam
766 2917 980 2958 uniuntur
1009 2917 1054 2956 in
1073 2928 1224 2968 unum,

195 2985 265 3026 alii
283 2998 358 3038 per
388 2998 525 3027 unum
543 3019 553 3038 ,
578 2987 649 3028 alii
677 2988 730 3028 ad
757 3000 910 3029 unum.
934 2988 992 3029 De
1019 2987 1158 3040 primo
1179 2987 1191 3008 ⁷
1216 3002 1224 3028 :

197 3071 216 3095 «
226 3060 325 3097 Ecce
336 3069 467 3109 quam
478 3057 654 3108 bonum,
665 3061 706 3098 et
716 3070 844 3111 quam
849 3058 1108 3111 jucundum,
1118 3071 1137 3096 ›)
1146 3060 1224 3100 etc.

194 3127 252 3168 De
271 3128 456 3170 secundo
477 3143 485 3169 2
514 3143 533 3167 ε(
554 3127 634 3170 Per
659 3130 907 3170 charitatem
938 3130 1146 3171 uniuntur
1176 3131 1227 3170 fi-

195 3198 307 3240 deles
333 3211 343 3240 :
367 3213 386 3238 >³
413 3211 513 3240 nam
543 3200 625 3241 hoc
652 3200 803 3253 gluten
828 3204 889 3242 est
916 3200 1224 3252 indissolubile,

241 3331 248 3348 ¹
268 3329 360 3362 Psal.
380 3330 459 3371 hoc,
478 3330 530 3362 35.
551 3347 592 3352 —
610 3329 724 3370 ²1hid,
746 3332 816 3363 128.
834 3348 875 3354 —-
893 3332 1026 3371 3Ριόι].,
1047 3338 1093 3372 vi,
1112 3333 1166 3363 23.
1184 3348 1225 3356 —

200 3376 213 3396 ⁸
228 3376 367 3416 Manli„
386 3385 458 3418 xm,
480 3378 574 3409 17.—
592 3378 606 3399 ὅ
625 3378 745 3419 Supra,
766 3378 867 3418 Proef.
896 3381 930 3409 in
952 3377 1070 3418 Psalt„
1092 3387 1126 3418 p.
1148 3379 1224 3420 157,

198 3440 237 3446 —
256 3426 267 3443 ὓ
287 3424 407 3463 Εεείε.,
428 3431 476 3464 xt,
496 3425 525 3456 2.
547 3441 587 3447 —-
605 3425 618 3447 ⁷
638 3424 728 3457 Psal.
752 3433 885 3466 cxxxii,
906 3428 936 3457 1.

384 3494 483 3524 TOM.
513 3495 572 3524 IX.

1310 1868 1395 1908 quo
1412 1856 1533 1898 linita
1552 1860 1650 1898 sunt
1668 1858 1789 1909 ligna
1808 1871 1933 1901 arcae.
1951 1860 2008 1902 De
2025 1861 2148 1902 tertio
2173 1876 2181 1903 :
2205 1877 2224 1902 ((
2236 1862 2343 1904 Nam

1309 1927 1488 1968 unimur
1508 1928 1559 1969 ad
1579 1928 1807 1981 Christum,
1831 1930 1883 1972 ad
1901 1944 2030 1984 quern
2055 1944 2183 1986 opera
2198 1938 2343 1975 nostra

1311 1998 1464 2039 debent
1484 2001 1710 2041 convenire
1733 2016 1741 2042 ;
1760 2017 1778 2039 »
1805 2003 1917 2044 unde
1935 2015 2032 2044 arca
2049 2008 2343 2047 consummata

1311 2069 1429 2109 estin
1449 2070 1607 2111 cubito.
1630 2070 1713 2112 Nos
1739 2072 2000 2115 celebramus
2020 2077 2188 2117 octavas
2211 2075 2341 2117 Sanc-

1310 2141 1451 2180 torum
1468 2171 1480 2190 ,
1502 2141 1604 2193 quia
1628 2143 1820 2184 octavam
1834 2175 1847 2195 ,
1882 2145 2039 2186 scilicet
2065 2148 2339 2188 resurrectio-

1309 2221 1408 2249 nem
1430 2214 1720 2263 expectamus,
1755 2212 1874 2255 Unde
1905 2218 2074 2259 octavas
2103 2217 2270 2260 Domini
2299 2219 2342 2260 in

1308 2280 1646 2323 solemnitatibus
1675 2295 1762 2324 non
1791 2285 2093 2340 observamus,
2117 2290 2220 2342 quia
2249 2293 2342 2344 ejus

1308 2352 1663 2393 resurrectionem
1682 2366 1768 2395 non
1789 2360 2062 2409 expectamus
2079 2372 2089 2410 3
2107 2361 2199 2412 jam
2224 2363 2340 2402 enim

1308 2423 1559 2464 resurrexit.
1575 2423 1668 2466 Non
1689 2426 1803 2466 enim
1822 2426 1968 2469 Natale
1981 2429 2109 2471 habet
2128 2434 2336 2483 octavam,

1308 2493 1396 2534 imo
1409 2494 1623 2546 quoddam
1643 2496 1798 2538 festum
1813 2510 1887 2550 per
1906 2511 1950 2540 se
1970 2499 2309 2543 Circumcisionis
2325 2518 2335 2553 ;

1307 2575 1384 2604 nec
1403 2562 1578 2616 Pascha,
1594 2578 1693 2607 nam
1709 2571 1858 2609 octavo
1881 2569 1948 2610 die
1968 2571 2157 2613 canitur:
2177 2572 2337 2622 «Quasi

1306 2635 1431 2676 modo
1453 2636 1610 2688 geniti;
1633 2638 1773 2679 »etin
1793 2642 1943 2681 octava
1972 2640 2261 2694 Pentecostes‚
2286 2645 2338 2685 de

1306 2708 1449 2746 sancta
1469 2705 1686 2749 Trinitate.
1709 2709 1828 2759 Quod
1849 2714 1991 2753 autem
2013 2713 2060 2754 in
2079 2714 2336 2768 quibusdam

1304 2777 1488 2818 ecclesiis
1513 2778 1621 2820 fiunt
1643 2783 1804 2822 octavae
1818 2781 1863 2822 in
1877 2782 2052 2836 Pascha,
2072 2787 2113 2825 et
2131 2797 2217 2827 non
2235 2799 2336 2827 can-

1303 2849 1416 2889 tatur
1435 2863 1442 2888 :
1469 2864 1487 2887 ε(
1505 2848 1632 2898 Quasi
1647 2851 1772 2893 modo
1787 2853 1960 2904 geniti,»
1978 2855 2051 2896 sed
2064 2855 2115 2896 de
2128 2868 2336 2898 resurrec-

1304 2918 1442 2968 tione;
1466 2919 1517 2960 de
1536 2919 1617 2961 hoc
1635 2921 1814 2964 dicimus
1828 2955 1840 2974 ,
1863 2925 1977 2977 quod
1999 2928 2158 2969 octavae
2183 2927 2334 2968 Christi

1303 2993 1481 3041 possunt
1498 2991 1728 3044 observari,
1748 2994 1848 3047 quia
1864 2996 1957 3047 eJus
1973 2999 2164 3039 octavam
2188 3010 2335 3051 expec-

1302 3064 1464 3113 tamus,
1489 3064 1535 3103 ut
1563 3067 1765 3115 resurgat
1795 3065 1839 3105 in
1867 3066 2005 3117 nobis,
2028 3080 2114 3109 non
2135 3068 2179 3109 in
2199 3081 2267 3120 se3
2290 3070 2333 3110 in

1302 3132 1529 3183 membriS,
1559 3145 1645 3174 non
1685 3134 1729 3175 in
1771 3136 1920 3189 capite.
1958 3137 2136 3187 Quidam
2177 3140 2333 3181 cadunt
2381 3168 2491 3196 Cadere

1299 3204 1470 3254 propter
1495 3203 1787 3247 infirmitatem
1804 3208 1986 3260 pedum;
2015 3211 2189 3263 quidam
2210 3225 2332 3266 prop·
2350 3209 2489 3277 gfflipfi·

1299 3275 1363 3314 ter
1388 3273 1560 3315 alterius
1591 3275 1912 3329 impulsionem3
1949 3280 2122 3333 quidam
2160 3287 2331 3337 propter

1299 3343 1508 3395 tenebraS,
1525 3344 1566 3385 id
1589 3348 1664 3395 est,
1688 3350 1858 3400 propter
1888 3349 2200 3406 ignorantiam3
2231 3356 2329 3409 qui-

1344 3428 1384 3468 (a)
1409 3428 1459 3459 Al.
1480 3427 1535 3459 Ad
1555 3429 1740 3469 Damimcm,
1762 3440 1834 3461 cum
1856 3432 2052 3474 tribularer,
2074 3436 2227 3470 clamavi.

2090 3500 2140 3537 35

2364 2101 2447 2128 Ritus
2459 2109 2505 2128 oc-

2361 2143 2506 2171 tavarum.
