2633 3878
1048 160 1290 202 PSALMUS
1321 160 1493 203 CXVIH.

520 298 704 334 Articulus
722 295 908 332 secundus.

248 381 470 419 Secundum
488 380 739 423 subnotatur,
763 387 854 413 cum
872 375 1048 423 sequitur
1072 386 1080 410 ;
1104 374 1232 410 Secun-

202 444 285 479 dum
304 442 587 479 misericordiam
609 444 724 486 tuam,
748 441 909 475 Domine.
930 439 1014 473 Hire
1037 439 1092 472 est
1119 434 1232 472 mise-

200 506 321 550 ratio,
345 515 426 552 qua
445 506 542 540 Deus
561 501 865 539 misericorditer
884 500 1054 536 intuetur
1076 496 1231 534 interio-

200 577 284 603 rem
302 565 526 609 hominem,
547 567 738 611 tanquam
759 573 872 600 suam
891 561 1120 607 imaginem,
1143 569 1233 606 quae

200 627 424 664 miseranda
438 626 594 663 videtur
613 629 773 674 propter
793 624 999 668 amissam,
1014 621 1078 658 vel
1097 619 1233 657 remis-

199 699 284 726 sam
321 688 631 725 similitudinem.
670 690 714 723 Et
750 688 863 731 nota,
897 684 1003 732 quod
1035 683 1233 720 invenitur

199 751 470 788 misericordia
483 750 789 798 quadrIpartita5
809 750 954 786 scilicet
974 748 1232 796 praeveniens,

200 813 435 858 adveniens,
457 813 759 860 superveniens,
776 815 812 848 et
831 811 1065 848 subveniens
1082 809 1234 857 :prima

201 876 416 923 gratificat3
437 875 612 912 secunda
640 875 829 920 ratificat3
862 873 974 910 tertia
1005 872 1229 917 beatificat3

201 939 341 985 quarta
360 937 567 984 glorificat.
591 939 641 974 De
658 937 787 985 prima
806 947 877 984 per
904 935 1146 972 psalmistam
1173 932 1233 969 di-

201 1000 298 1036 citur
314 1002 324 1023 ¹
343 1011 350 1036 :
369 1013 386 1033 «
399 999 682 1048 Eortitudinem
701 1010 833 1036 meam
852 998 904 1036 ad
924 1002 959 1034 te
982 996 1202 1034 custodiam
1219 1008 1229 1042 ;

201 1062 295 1110 quia
314 1064 414 1099 Deus
434 1064 635 1109 susceptor
654 1072 766 1098 meus
790 1073 798 1097 ε
821 1063 919 1097 Deus
939 1070 1065 1104 meus,
1086 1057 1234 1094 miseri—

201 1124 337 1162 cordia
357 1124 389 1170 ej
398 1135 441 1160 us
464 1123 677 1171 praeveniet
696 1134 760 1160 me
782 1135 789 1159 :
812 1137 829 1157 »
855 1133 900 1160 ac
920 1123 951 1158 si
981 1121 1086 1157 dicat
1107 1133 1114 1156 :
1138 1122 1233 1156 For-

201 1187 287 1224 titer
322 1186 394 1224 tibi
432 1186 576 1223 servire
609 1186 793 1232 intendo,
814 1185 909 1233 quia
943 1187 1008 1229 tu,
1042 1183 1090 1220 de
1123 1182 1234 1229 cujus

200 1248 440 1286 humanitate
470 1248 629 1285 confido
650 1277 662 1295 ,
691 1259 755 1285 me
786 1247 1001 1296 praevenies
1019 1275 1030 1293 ,
1067 1245 1234 1292 gratiam

200 1310 405 1348 influendo
428 1324 436 1347 :
459 1322 547 1347 ecce
577 1310 849 1348 misericordia
879 1308 1123 1357 praeveniens
1144 1317 1233 1354 gra-

201 1373 401 1410 tificando.
423 1376 472 1410 De
489 1373 663 1410 secunda
675 1383 746 1421 per
760 1373 983 1420 Sapientem
1000 1370 1183 1407 scribitur
1196 1367 1232 1405 8ε

205 1448 222 1469 ι(
242 1435 359 1472 Filios
379 1438 466 1472 tuos
487 1446 559 1472 neo
586 1435 826 1481 draconum,
848 1445 920 1471 nec
946 1423 1233 1470 venenatorum

199 1496 377 1533 vicerunt
396 1497 531 1533 dentes
551 1509 559 1533 :
581 1497 852 1533 misericordia
882 1496 988 1532 enim
1021 1498 1088 1531 tua
1117 1494 1234 1531 adve-

199 1558 311 1596 niens
330 1559 495 1596 sanabat
518 1559 660 1605 111053»
681 1559 793 1606 quasi
815 1558 919 1594 dicat
942 1570 948 1593 :
972 1557 1058 1594 Filii
1076 1556 1133 1592 tui
1151 1565 1234 1592 non

200 1620 424 1658 defecerunt
443 1620 595 1666 tentati,
618 1620 712 1668 quia
736 1620 894 1656 fuerunt
923 1622 990 1655 tua
1010 1617 1233 1655 misericor-

200 1684 266 1721 dia
302 1682 508 1720 confortati
543 1695 552 1719 z
588 1693 675 1719 ecce
708 1681 981 1719 misericordia
1018 1680 1234 1717 adveniens

198 1746 444 1783 ratificando.
465 1747 515 1782 De
532 1745 643 1782 tertia
661 1755 731 1792 per
750 1743 984 1791 prophetam
1003 1742 1207 1790 psallitur3
1223 1755 1233 1777 :

204 1820 221 1841 «
238 1809 281 1844 Et
297 1807 429 1844 veniat
444 1817 562 1855 super
578 1817 641 1843 me
661 1805 934 1843 misericordia
951 1808 1030 1851 tua,
1048 1804 1210 1841 Domine
1219 1817 1231 1851 3

200 1870 370 1908 salutare
402 1873 538 1915 tuum,
558 1870 777 1907 secundum
811 1867 1020 1916 eloquium
1046 1869 1158 1904 tuum
1181 1879 1189 1902 :
1213 1880 1230 1901 n

201 1942 290 1969 ecce
321 1932 593 1969 misericordia
621 1931 902 1980 superveniens
936 1929 1232 1967 beatificando:

199 1993 254 2030 sic
275 1993 379 2030 enim
399 1996 503 2040 orat,
527 1994 594 2041 qui
614 2005 728 2030 suam
747 1992 1015 2030 infelicitatem
1030 1991 1234 2040 deplorat,

201 2059 237 2093 et
265 2056 492 2093 felicitatem
521 2055 719 2103 implorat.
756 2057 807 2092 De
835 2056 976 2102 quarta
1010 2053 1150 2090 dicitur
1180 2055 1193 2076 ’·
1223 2065 1232 2089 :

205 2132 222 2151 ι(
250 2118 515 2155 Misericordia
546 2120 615 2154 tua
652 2118 917 2165 subsequetur
952 2127 1015 2153 me
1047 2115 1234 2153 omnibus

201 2179 342 2218 diebus
375 2180 464 2216 vitoe
483 2191 601 2225 meae,
625 2183 666 2216 ut
693 2179 911 2216 inhabitem
939 2179 980 2215 in
1015 2178 1137 2215 domo
1165 2180 1235 2214 Do-

200 2242 299 2279 mini
328 2242 368 2278 in
396 2241 687 2289 longitudinem
720 2241 903 2277 dierum:
933 2254 950 2276 »
975 2251 1064 2277 cece
1087 2238 1236 2276 miseri-

200 2303 337 2341 cordia
357 2304 595 2341 subveniens
617 2303 878 2350 glorificando
901 2315 911 2338 :
933 2302 988 2339 sic
1006 2302 1112 2339 enim
1132 2303 1232 2348 orat,

201 2366 271 2412 qui
299 2365 352 2402 ad
372 2365 542 2412 gloriam
570 2367 756 2401 aeternam
785 2364 992 2411 pervenire
1022 2363 1232 2400 desiderat.

536 2469 720 2504 Articulus
749 2469 891 2504 tertius.

248 2551 418 2588 Tertium
443 2553 673 2597 annotatur,
695 2562 786 2587 cum
811 2550 969 2587 additur
996 2562 1003 2587 z
1035 2550 1236 2586 Secundum

195 2614 377 2660 Judicium
396 2618 520 2658 tuum,
540 2613 583 2650 id
604 2615 686 2659 est,
714 2613 931 2650 secundum
952 2612 1235 2650 consideratio·

202 2686 294 2714 nem
311 2676 452 2723 J'udicii
471 2676 553 2721 tui,
582 2676 695 2724 quasi
715 2675 1044 2724 ponderationem
1065 2674 1237 2711 exercitii

202 2738 294 2775 mei.
344 2741 441 2776 Nam
486 2738 554 2786 qui
587 2739 783 2786 Judicium
811 2738 993 2776 divinum
1023 2737 1238 2785 prudenter

204 2801 446 2847 considerat,
466 2801 695 2838 exercitium
713 2801 922 2850 proprium
940 2800 1148 2848 ponderat.
1171 2799 1238 2836 Hic

204 2863 322 2901 debet
359 2864 508 2911 notari,
543 2865 655 2912 quod
685 2865 866 2913 divinum
893 2862 1090 2912 judicium
1121 2862 1240 2899 debet

204 2926 476 2973 praecogitari,
514 2927 773 2974 praecogitans
808 2925 1065 2973 interrogari,
1090 2924 1239 2971 justitia

204 2988 417 3036 praeparari
441 3000 450 3025 :
481 2999 654 3036 quorum
682 2989 858 3037 primum
882 2988 1049 3036 pertinet
1077 2987 1130 3024 ad
1159 2986 1239 3023 dis-

206 3049 440 3096 cretionem3
473 3051 715 3097 secundum,
743 3051 796 3088 ad
827 3049 1133 3096 discussionem;
1163 3051 1238 3086 ter-

205 3112 328 3158 tium,
351 3111 402 3148 ad
423 3111 689 3150 devotionem.
714 3115 765 3150 De
790 3112 919 3160 primo
935 3113 974 3148 ⁵:
1001 3113 1239 3149 «Revertere

206 3174 258 3211 ad
283 3174 512 3220 Dominum,
542 3177 578 3211 et
602 3176 776 3211 avertere
805 3174 856 3211 ab
883 3174 1070 3221 injustitia
1090 3176 1176 3221 tua,
1205 3176 1242 3211 et

206 3236 323 3272 nimis
352 3236 461 3274 odito
495 3237 803 3283 execrationem,
843 3239 880 3273 et
911 3247 1106 3284 cognosce
1130 3236 1242 3283 justi-

207 3299 294 3346 tias,
315 3302 351 3336 et
367 3299 517 3347 Judicia
536 3300 602 3338 Dei
613 3314 624 3348 ;
645 3314 664 3337 »
687 3300 800 3349 quasi
825 3300 927 3337 dicat
958 3314 967 3336 ι
998 3300 1051 3337 Λᾶ
1064 3299 1241 3347 judicem

251 3382 263 3404 ²
288 3382 378 3414 Psal.
409 3391 512 3425 Lvm,
547 3387 594 3418 11.
622 3402 663 3410 -
688 3386 702 3407 ²
731 3385 823 3427 Sap„
853 3392 932 3425 xvi,
967 3385 1015 3416 10.
1039 3400 1080 3408 —-
1108 3383 1120 3403 ³
1151 3383 1239 3417 Psal.

210 3428 288 3470 hoc,
310 3432 360 3462 41.
380 3448 417 3455 —
438 3431 452 3453 δ
471 3432 560 3464 psal.
583 3441 669 3472 xxu,
691 3434 720 3471 6,
745 3435 775 3464 7.
794 3451 833 3457 —
851 3434 864 3456 ⁵
886 3432 1003 3473 Ecclt„
1022 3440 1108 3472 xxii,
1127 3434 1179 3464 24.
1204 3452 1237 3457 -

2255 160 2332 199 509

1304 252 1520 296 revertere3
1555 259 1578 285 a
1608 247 1844 295 praeJudiciis
1875 248 2071 293 avertere3
2103 245 2333 294 praeJudieia

1305 312 1494 350 detestare
1505 323 1515 358 3
1527 310 1679 358 judicia
1697 310 1887 347 meditare
1906 323 1916 346 ε
1935 319 2022 346 ecce
2035 308 2174 355 judicii
2189 317 2335 356 praeco-

1304 375 1451 421 gitatio.
1486 376 1537 411 De
1566 373 1741 410 secundo
1766 372 1779 392 6
1807 384 1815 408 :
1841 385 1858 406 ι(
1883 373 1977 408 Ante
1995 371 2188 418 J'udicium
2213 371 2333 407 inter-

1304 448 1402 484 roga
1441 437 1622 484 teipsum,
1656 438 1693 472 et
1730 435 1770 471 in
1808 435 2020 481 conspectu
2060 433 2122 469 Dei
2157 432 2334 470 invenies

1303 499 1648 546 propitiationem,·
1665 511 1682 531 n
1700 496 1813 544 quasi
1835 495 1939 532 dicat
1958 506 1966 530 z
1983 496 2081 530 Dum
2093 493 2228 530 divina
2246 504 2334 530 sen-

1303 560 1424 597 tentia
1443 563 1700 608 prorogatur,
1719 559 1897 595 humana
1915 555 2153 593 conscientia
2171 555 2335 592 interro-

1305 625 1442 670 getur,
1463 624 1505 658 ut
1535 620 1780 668 indulgentia
1807 621 1990 666 erogetur
2004 630 2016 665 3
2038 628 2125 654 ecce
2151 617 2336 664 praecogi-

1304 684 1420 721 tantis
1447 684 1715 730 interrogatio.
1752 685 1803 720 De
1835 682 1947 719 tertio
1983 681 2133 718 ibidem
2168 679 2337 727 legimus

1303 746 1426 794 paulo
1447 746 1625 793 superius
1648 747 1661 767 ⁷
1694 758 1702 781 :
1728 758 1746 779 «
1776 747 1871 781 Ante
1897 744 2093 791 judicium
2112 753 2210 791 para
2225 741 2336 789 justi-

1306 807 1399 845 tiam
1411 821 1422 852 ,-
1443 821 1460 843 n
1487 817 1576 844 ecce
1592 806 1750 854 justitiae
1770 805 2017 854 praeparatio.

1636 912 1823 947 Articulus
1848 912 2011 956 quartus.

1357 996 1547 1040 Quartum
1577 994 1808 1040 denotatur,
1842 1003 1933 1029 cum
1966 992 2106 1029 dicitur
2136 1004 2144 1028 :
2186 992 2339 1037 Vivifica

1306 1068 1373 1094 me.
1389 1057 1489 1094 Talis
1500 1056 1714 1093 vivificatio
1727 1058 1782 1093 est
1795 1054 2006 1102 vigoratio,
2017 1065 2087 1091 seu
2100 1053 2337 1100 fortificatio,

1306 1130 1376 1167 per
1391 1130 1513 1168 quam
1526 1120 1648 1157 homo
1663 1118 1832 1156 exterior
1846 1117 2010 1155 efficitur
2023 1117 2075 1154 ad
2092 1115 2339 1164 operandum

1305 1182 1495 1228 vivacior,
1512 1193 1582 1218 seu
1594 1181 1744 1219 fortior.
1761 1180 1827 1218 Hic
1840 1182 1976 1217 notare
1990 1190 2217 1227 possumuS,
2229 1178 2340 1226 quod

1306 1244 1431 1281 tribus
1455 1244 1585 1280 modis
1608 1243 1802 1289 vivificat,
1830 1242 1911 1278 sive
1945 1241 2100 1288 vigorat
2131 1241 2338 1287 Dominus;

1307 1306 1452 1343 scilicet
1481 1305 1766 1354 promittendo,
1798 1303 2122 1349 transmittendo,
2143 1305 2180 1339 et
2198 1302 2340 1339 immit-

1306 1369 1447 1406 tendo:
1464 1368 1656 1416 promittit
1669 1367 1774 1404 enim
1788 1366 2009 1414 proemium,
2026 1364 2249 1402 transmittit
2263 1364 2344 1401 elo-

1309 1430 1637 1478 quium‚immittit
1657 1429 1855 1466 solatium.
1875 1430 1925 1464 De
1947 1427 2077 1475 primo
2096 1427 2110 1449 8
2131 1439 2139 1464 :
2173 1439 2191 1461 «
2209 1426 2341 1463 Vivifi-

1308 1493 1413 1530 cabit
1431 1504 1505 1529 nos
1520 1494 1611 1540 post
1630 1492 1730 1528 duos
1753 1490 1836 1527 dies
1859 1502 1867 1527 ε
1884 1503 1902 1524 »
1923 1489 2059 1526 divina
2079 1489 2226 1537 quippe
2245 1488 2341 1525 vivi·

1307 1555 1438 1591 ficatio
1454 1558 1509 1591 est
1527 1557 1667 1591 nostrae
1687 1551 1960 1589 vivificationis
1977 1551 2176 1598 praesentis
2197 1550 2340 1587 excita-

1306 1617 1376 1663 tio,
1392 1619 1429 1654 et
1445 1616 1582 1653 futurae
1611 1614 1842 1663 pollicitatio
1865 1626 1874 1650 z
1903 1624 1991 1650 ecce
2009 1612 2221 1650 vivificatio
2247 1623 2340 1660 pro-

1307 1678 1506 1716 mittentis.
1517 1680 1567 1715 De
1576 1677 1750 1714 secundo
1760 1675 1911 1713 canitur
1923 1677 1936 1698 ⁹
1950 1687 1958 1711 :
1974 1688 1992 1710 a
2004 1675 2217 1722 Eloquium
2230 1677 2341 1711 tuum

1306 1741 1520 1778 vivificavit
1540 1751 1603 1777 me
1631 1751 1639 1776 z
1665 1752 1683 1773 »
1707 1749 1795 1775 ecce
1814 1737 2026 1775 vivificatio
2054 1737 2200 1774 litteras
2218 1739 2343 1774 trans-

1308 1803 1507 1840 mittentis.
1528 1805 1579 1839 De
1599 1801 1710 1839 tertio
1732 1801 1874 1838 dicitur
1894 1800 1923 1823 ¹⁰
1946 1812 1954 1836 ε
1981 1812 1999 1834 α
2026 1799 2062 1836 Si
2083 1798 2341 1836 ambulavero

1308 1865 1350 1902 in
1368 1865 1502 1902 medio
1522 1864 1800 1910 tribulationis,
1817 1862 2037 1899 vivificabis
2057 1872 2137 1908 me,
2155 1875 2174 1896 ³)
2197 1861 2344 1899 scilicet

1308 1927 1470 1964 interius
1509 1926 1754 1964 consolando
1787 1937 1795 1962 :
1825 1935 1914 1962 ecce
1946 1923 2160 1961 vivificatio
2197 1923 2342 1960 immit-

1308 1990 1434 2026 tentis.

1737 2035 1908 2077 Epilogus.

1357 2117 1588 2153 Ostensurus
1637 2124 1731 2161 ergo
1779 2112 2107 2160 psalmographus
2156 2111 2344 2149 orationis

1309 2178 1458 2215 vocalis
1491 2176 1836 2222 commoditatem,
1868 2177 2061 2223 quantum
2093 2174 2146 2211 ad
2179 2174 2344 2210 exaudi-

1312 2240 1457 2277 tionem
1477 2238 1678 2276 exterioris
1696 2237 1868 2275 hominis
1893 2248 1964 2285 per
1992 2236 2242 2282 interiorem,
2265 2236 2341 2272 ait:

1312 2305 1439 2340 Vocem
1457 2312 1570 2338 meam
1593 2302 1703 2347 audi,
1731 2301 1925 2348 quantum
1953 2299 2005 2336 ad
2026 2297 2346 2336 vociferationem

1311 2364 1493 2401 exteriori
1513 2362 1664 2400 homini
1695 2361 1995 2399 convenientem
2005 2373 2016 2407 3
2046 2360 2246 2397 Secundum
2276 2362 2344 2396 mi-

1311 2426 1542 2463 serie-ordiam
1564 2428 1688 2469 tuam,
1711 2425 1881 2468 Domine,
1901 2425 2093 2470 quantum
2117 2422 2168 2458 ad
2187 2421 2347 2458 misera-

1312 2488 1462 2526 tionem
1493 2486 1670 2524 interiori
1695 2484 1849 2522 homini
1881 2486 2186 2531 congruentem3
2220 2483 2347 2519 Secun-

1314 2553 1399 2588 dum
1413 2551 1597 2597 „iudicium
1623 2553 1743 2590 tuum,
1767 2548 1960 2595 quantum
1983 2545 2036 2583 ad
2061 2545 2199 2593 Judicii
2219 2545 2347 2582 eonsi-

1314 2612 1561 2651 derationem
1606 2609 1781 2648 interiori
1829 2608 1983 2646 homini
2026 2609 2314 2655 competentem
2333 2619 2345 2653 3

1318 2678 1473 2722 Vivifica
1486 2685 1554 2720 me,
1575 2675 1767 2721 quantum
1787 2670 1839 2708 ad
1859 2670 2148 2718 vigorationem
2166 2669 2348 2707 exteriori

1313 2738 1468 2777 homini
1488 2736 1788 2775 consonantem.

1686 2881 1907 2909 VERSICULUS
1931 2880 1980 2907 VI.

1363 2991 1446 3027 150.
1475 2987 1867 3035 Appropinquaverunt
1894 2986 2146 3032 persequentes
2173 2993 2248 3030 me,
2276 2984 2347 3020 ete.

1315 3052 1420 3090 Sicut
1445 3061 1516 3099 per
1543 3049 1748 3086 hominem
1778 3047 2004 3085 interiorem
2034 3047 2157 3084 homo
2183 3045 2351 3083 exterior

1317 3113 1525 3151 exauditur
1540 3141 1550 3158 ‚
1572 3111 1626 3148 sic
1651 3121 1722 3159 per
1746 3110 1951 3148 hominem
1976 3109 2208 3146 exteriorem
2228 3108 2350 3145 homo

1316 3175 1478 3214 interior
1493 3173 1709 3212 custoditur
1726 3185 1737 3208 ε
1753 3172 1865 3220 quod
1881 3171 2069 3220 praeclare
2085 3181 2220 3207 versus
2234 3170 2351 3217 huJus

1317 3237 1585 3275 declaratione
1612 3235 1786 3272 sentitur.
1820 3236 1917 3271 Nam
1945 3233 2044 3282 quid
2065 3232 2140 3268 sibi
2159 3232 2253 3268 velit
2269 3231 2351 3269 haec

1316 3301 1464 3347 littera,
1486 3299 1898 3346 Approptnquaverunt,
1919 3298 1992 3334 ete.
2003 3323 2016 3342 ,
2037 3295 2110 3332 nisi
2134 3294 2245 3344 quod
2262 3305 2352 3343 per-

1318 3385 1330 3405 θ
1349 3383 1468 3424 Εεε]ι’.,
1490 3389 1595 3422 xviii,
1616 3383 1666 3413 20.
1688 3398 1728 3404 —-
1756 3381 1765 3399 ⁷
1788 3379 1883 3420 ibid„
1909 3381 1956 3411 19.
1979 3396 2014 3401 —
2038 3377 2054 3401 ⁸
2080 3378 2167 3413 Ose..
2184 3385 2240 3420 v1,
2261 3378 2292 3410 3.
2311 3393 2352 3402 —

1318 3434 1330 3453 ³
1353 3431 1443 3464 Psal.
1464 3431 1548 3469 hoc,
1572 3431 1622 3461 50.
1645 3447 1684 3452 —
1705 3429 1730 3450 ¹⁰
1747 3427 1835 3460 Psal.
1855 3433 2009 3467 cxxxvu,
2027 3428 2058 3460 7.
