2633 3878
1112 215 1282 258 CAPUT
1310 215 1398 257 XII.

186 309 363 359 animae,
384 309 437 350 ad
464 308 598 350 Deum
623 307 811 348 reversio
831 337 842 356 ‚
868 306 982 347 unde
1009 304 1108 346 dicit
1131 319 1140 346 ι
1163 305 1217 347 Et

185 381 367 434 spiritus
395 379 541 422 redeat
567 377 627 420 acl
647 380 803 428 Deum,
833 378 908 430 qui
940 375 1059 418 (ledit
1078 375 1213 416 illum.

186 451 278 504 lpse
297 449 501 491 Dominus
518 448 589 489 dat
606 447 802 500 spiritum
820 461 830 496 ;
854 447 965 488 unsle
995 446 1148 486 dicitur
1171 446 1181 467 ¹
1205 460 1214 486 :

193 536 212 560 ε(
232 520 311 570 Qui
335 519 462 571 fingit
483 518 701 571 sigillatim
721 518 847 559 corda
864 528 1028 558 eorum.
1050 530 1070 554 ›>
1098 516 1150 557 Et
1165 516 1219 556 ad

187 592 321 633 Deum
344 590 453 631 redit
472 590 611 630 omnis
631 589 826 641 spiritus,
849 591 1054 641 tanquam
1074 587 1127 627 ad
1147 598 1218 626 re-

187 661 439 702 tributorem
468 662 481 682 ‘2
510 672 521 701 :
553 675 573 698 «
602 659 755 702 Omnes
783 660 988 700 stabimus
1019 661 1115 700 ante
1141 658 1216 698 tri-

185 731 317 773 bunal
337 731 505 781 Christi,
527 733 576 771 ut
595 731 748 771 referat
765 731 1073 784 unusquisque,
1093 732 1219 783 prout

188 802 334 856 gessit,
360 802 450 842 sive
472 802 650 850 bonum,
672 801 760 842 sive
782 800 958 841 malum.
981 815 1000 838 n

241 872 523 926 Spiritualiter
542 873 595 912 ab
615 872 686 914 illo
708 873 798 914 loco
818 888 826 913 :
848 872 1024 920 Quando
1047 882 1220 914 commo-

187 943 410 992 nebu-ntur,
423 945 519 994 etc.,
533 942 784 984 describitur
795 943 863 983 hic
878 945 1012 983 status
1026 942 1219 983 Ecclesiae

187 1014 348 1056 finalis:
365 1015 518 1067 primo,
533 1014 672 1067 quoad
684 1014 973 1055 antecedentia
987 1014 1214 1067 judicium3

190 1086 397 1135 secundo,
428 1087 640 1138 quantum
672 1085 725 1126 ad
763 1084 1102 1134 concomitantia,
1125 1084 1216 1125 ibi:

193 1157 400 1204 Quoniam
423 1156 504 1198 ibit
530 1156 650 1198 homo
680 1157 729 1198 in
753 1155 939 1207 domum,
963 1159 1057 1206 ete.;
1079 1156 1216 1206 tertio,

189 1227 329 1280 quoad
357 1227 679 1280 consequentia,
708 1227 768 1267 ibi
798 1241 807 1267 :
833 1228 1072 1279 Antequam
1103 1237 1217 1268 rum-

185 1302 318 1352 patur
329 1299 451 1350 funis
466 1303 704 1351 argenteus,
725 1301 803 1339 etc.
822 1298 966 1339 Status
983 1300 1081 1338 aute
1096 1298 1220 1350 judi-

189 1370 329 1421 cium,
351 1370 426 1423 qui
446 1370 525 1410 erit
550 1370 596 1410 in
623 1370 810 1411 adventu
830 1369 1077 1410 Antichristi
1092 1400 1105 1419 ,
1128 1370 1219 1409 des-

188 1442 367 1483 cribitur
386 1443 596 1494 quantum
618 1441 670 1481 ad
690 1441 770 1481 tria
793 1455 801 1482 :
824 1441 984 1494 primo,
1008 1444 1221 1494 quantum

189 1513 241 1553 ad
269 1513 597 1554 diminutionem
626 1512 751 1563 fidei;
776 1512 960 1553 secundo
978 1544 989 1564 ,
1011 1515 1222 1564 quantum

187 1583 241 1624 ad
261 1583 548 1624 dilatationem
571 1583 727 1624 erroris
742 1615 753 1633 ‚
775 1583 833 1623 ibi
854 1596 863 1624 :
886 1584 942 1626 Ec
968 1585 1223 1635 consument

188 1654 396 1696 advocem
407 1653 606 1703 volucris,
624 1655 720 1704 etc.;
735 1654 872 1704 tertio,
891 1654 1029 1706 quoad
1045 1654 1222 1693 modum

187 1726 404 1777 dilatandi,
419 1726 476 1766 ibi
487 1738 497 1766 ι
508 1725 695 1768 Εἰονθόἱτ
708 1724 1063 1779 amyqdalus‚etc.
1078 1726 1222 1766 Primo

187 1809 291 1850 ergo
325 1797 516 1851 praedicit
547 1797 739 1838 futuram
771 1810 862 1837 esse
893 1797 1222 1837 diminutionem

189 1868 288 1910 fidei
308 1871 519 1922 quantum
544 1868 597 1908 ad
620 1870 803 1920 quatuor
832 1880 992 1920 genera
1019 1880 1221 1920 persona-

189 1952 288 1981 rum
310 1954 319 1980 :
345 1940 503 1993 primo,
527 1942 736 1992 quantum
757 1939 810 1979 ad
829 1939 1025 1992 praelatos
1043 1954 1053 1990 ;
1077 1952 1222 1980 secun-

190 2011 264 2062 do,
287 2012 496 2064 quantum
515 2010 567 2051 ad
586 2010 817 2063 perfectos3
840 2010 963 2050 tertio
977 2041 988 2061 ,
1009 2014 1219 2063 quantum

189 2083 243 2124 ad
262 2082 471 2135 simplices
487 2096 497 2132 ;
521 2084 698 2135 quarto,
727 2084 936 2135 quantum
967 2082 1020 2122 ad
1051 2083 1222 2135 sapien-

188 2157 268 2195 tes.
290 2153 434 2195 Primo
452 2166 557 2206 ergo
584 2153 684 2194 dicit
713 2153 1038 2194 commotionem
1069 2155 1223 2208 praela-

190 2226 333 2266 torum
351 2257 361 2276 ‚
387 2237 486 2266 cum
506 2224 604 2265 dicit
628 2238 637 2265 :
661 2223 840 2274 Quando
858 2221 1224 2268 commovebuntur

194 2296 384 2340 custodes
402 2296 568 2339 domus.
592 2295 752 2336 Domus
772 2295 852 2336 ista
871 2299 931 2337 est
949 2296 1152 2349 Ecclesia,
1173 2298 1223 2338 de

192 2381 277 2423 qua
299 2367 509 2410 dicitur³z
535 2367 754 2408 «Domum
775 2369 894 2407 tuam
925 2368 1043 2409 decet
1069 2370 1222 2410 sancti-

193 2439 312 2480 tudo.
335 2452 354 2476 n
380 2437 578 2479 Custodes
603 2441 702 2478 sunt
727 2437 915 2491 praelati,
938 2439 1092 2492 quibus
1122 2453 1224 2481 cura

195 2510 397 2553 dominici
428 2509 577 2562 gregis
607 2512 669 2550 est
700 2510 924 2550 commissa
943 2514 956 2536 ⁸
991 2525 1000 2551 ;
1036 2525 1055 2550 <‹
1088 2511 1225 2565 Super

192 2594 340 2624 muros
349 2585 460 2633 tuos,
474 2581 754 2631 Hierusalem,
767 2582 964 2623 constitui
974 2583 1178 2624 custodes
1198 2598 1218 2622 »

196 2654 396 2696 Custodes
434 2653 570 2704 igitur
600 2653 1016 2704 commovebuntur,
1052 2655 1222 2707 quando

197 2724 361 2779 praelati
381 2724 426 2764 in
445 2723 527 2764 fide
547 2723 866 2774 concutientur;
888 2726 929 2764 et
948 2725 1029 2766 hoc
1045 2726 1219 2778 quidem

192 2798 273 2839 erit
295 2797 342 2836 in
360 2795 608 2838 Antichristi
628 2795 839 2845 adventu;
862 2796 974 2837 unde
1004 2797 1156 2838 dicitur
1176 2798 1189 2820 ⁵
1210 2812 1219 2839 z

199 2885 218 2910 α
269 2868 432 2910 Montes
479 2879 505 2908 a
550 2867 834 2908 fundamentis
886 2869 1221 2911 commovebun-

194 2943 265 2982 tur
281 2940 350 2993 (a).
372 2953 392 2978 ι)
430 2938 626 2980 Secundo
643 2969 656 2989 ‚
693 2939 885 2992 praedicit
914 2939 1221 2982 dubitationem

193 3011 475 3065 perfectorum
498 3041 509 3060 ,
543 3021 640 3050 cum
675 3009 765 3050 ait:
798 3009 853 3052 Et
886 3011 1100 3054 nutabunt
1135 3013 1224 3055 viri

193 3082 440 3135 fortissimi.
470 3079 560 3122 Viri
587 3080 802 3121 fortissimi
833 3084 932 3122 suut
966 3082 1136 3134 perfecti
1178 3083 1224 3124 in

193 3153 399 3195 charitate
428 3154 470 3193 et
499 3164 596 3206 spe,
626 3152 862 3193 secundum
892 3153 996 3194 illud
1017 3154 1030 3176 ⁶
1066 3169 1074 3195 :
1103 3170 1123 3194 α
1144 3153 1224 3204 Qui

193 3226 366 3278 sperant
379 3223 423 3264 in
433 3222 624 3275 Domino,
634 3224 859 3265 mutabunt
876 3225 1180 3268 fortitudinem.
1200 3241 1219 3266 1>

195 3295 269 3337 Isti
305 3294 518 3336 nutabunt
559 3294 627 3348 (b),
677 3295 849 3348 quando
899 3298 1090 3350 tempore
1139 3298 1223 3340 An-

237 3429 249 3450 ¹
263 3426 354 3458 Psal.
375 3433 486 3467 xxxii,
508 3427 558 3458 15.
572 3441 613 3449 —
633 3425 645 3444 ²
661 3426 688 3457 ΙΙ
711 3426 802 3466 Cor„
821 3434 854 3468 v,
877 3427 926 3459 10.
942 3443 982 3450 —
997 3427 1012 3449 ³
1028 3427 1116 3460 Psal.
1133 3436 1220 3471 xcu,

193 3475 224 3506 5.
245 3489 286 3497 —
309 3474 321 3492 ⁴
341 3475 421 3513 lsa„
441 3481 533 3513 Lx11,
552 3475 583 3506 6.
603 3491 644 3497 -
670 3473 684 3495 ⁸
707 3474 835 3514 ludim,
861 3482 938 3516 xV1,
964 3476 1014 3506 18.
1034 3492 1074 3499 —
1103 3476 1116 3498 ⁶
1140 3477 1221 3518 Isu„

192 3528 251 3563 ιι,
271 3521 324 3553 31.
345 3537 382 3545 —
403 3522 414 3542 ⁷
433 3520 569 3562 Matth„
594 3528 690 3562 xxw,
720 3523 783 3563 11,
803 3523 855 3554 22.
876 3539 916 3547 —-
943 3523 954 3542 ⁸
981 3522 1080 3564 ibid„
1107 3525 1158 3557 41.
1179 3542 1221 3549 —

2244 215 2321 253 679

1292 304 1472 345 tichristi
1511 305 1557 344 in
1592 303 1675 344 fide
1712 301 1970 343 vacillabunt
1993 304 2007 326 ⁷
2039 314 2049 342 ε
2085 315 2104 340 ((
2135 299 2324 351 Surgent

1292 374 1693 428 pseudoprophetae‚
1716 376 1756 414 et
1777 373 1938 413 dabunt
1956 372 2081 424 signa
2096 404 2107 422 ,
2129 375 2178 412 ut
2195 371 2323 411 indu-

1294 449 1444 486 cantur
1478 446 1523 485 in
1554 455 1740 485 errorem
1774 444 1901 483 etiam
1921 473 1931 491 ‚
1966 442 2000 482 si
2032 442 2124 482 fieri
2155 444 2320 494 posset,

1294 517 1427 558 electi.
1450 516 1500 557 Et
1521 516 1599 556 nisi
1618 514 1797 556 breviati
1818 514 1993 553 fuissent
2021 513 2108 553 dies
2127 512 2214 563 illi,
2236 525 2325 553 non

1294 591 1402 628 esset
1421 587 1537 629 salva
1564 586 1704 627 omnis
1725 596 1822 625 caro
1842 599 1851 624 :
1875 584 1947 624 sed
1967 586 2138 636 propter
2171 583 2324 624 electos

1294 659 1616 699 breviabuntur.
1634 672 1652 695 »
1672 657 1813 697 Tertio
1834 655 2024 708 praedicit
2042 655 2210 707 lapsum
2226 654 2324 695 sim-

1294 730 1469 783 plicium
1491 762 1502 780 ,
1535 742 1632 770 cum
1653 727 1881 780 subjungit
1913 741 1922 766 z
1947 728 2007 768 Et
2032 728 2174 768 otiosae
2203 729 2326 768 erunt

1294 802 1490 843 molentes
1512 802 1560 842 in
1593 801 1756 841 minuto
1783 808 1976 848 numero,
1998 797 2039 837 id
2060 800 2140 847 est,
2162 797 2325 849 simpli-

1295 884 1362 913 ces
1392 885 1418 912 a
1445 872 1557 912 bono
1586 883 1712 923 opere
1741 870 1966 910 cessabunt
1998 868 2134 909 affecti
2171 869 2322 919 taedio,

1295 946 1466 996 propter
1494 942 1674 982 multam
1700 953 1848 981 eorum
1880 940 2182 993 deceptionem.
2207 938 2325 980 Unde

1295 1015 1394 1055 dicit
1416 1028 1424 1054 ε
1449 1014 1500 1055 Ιη
1521 1013 1687 1055 minuto
1707 1021 1900 1061 numero,
1925 1011 2026 1063 quia
2047 1011 2230 1050 multum
2250 1011 2327 1050 ilii-

1295 1088 1485 1127 nuentur
1499 1085 1512 1107 ⁸
1530 1099 1568 1124 2«
1584 1084 1686 1124 Duae
1703 1082 1909 1123 molentes
1929 1082 1971 1121 in
1988 1081 2145 1122 molam
2162 1082 2225 1133 (c),
2242 1093 2326 1121 una

1296 1159 1536 1197 assumetur
1560 1187 1573 1206 ,
1602 1158 1643 1194 et
1670 1166 1758 1195 una
1791 1153 2070 1206 relinquetur.
2111 1166 2130 1189 ›)
2170 1152 2326 1201 Quarto

1297 1227 1488 1281 praedicit
1518 1237 1706 1267 errorem
1738 1224 1994 1276 sapientium
2019 1255 2028 1273 ,
2064 1234 2164 1263 cum
2195 1223 2323 1264 dicit:

1296 1300 1350 1341 Et
1371 1299 1650 1342 tenebrescent,
1666 1296 1855 1338 ridentes
1878 1296 1925 1336 in
1940 1295 2171 1346 foramina,
2192 1294 2235 1335 id
2250 1298 2325 1345 cst,

1295 1371 1528 1423 sapientes,
1550 1369 1624 1422 qui
1652 1368 1860 1409 subtiliter
1885 1366 2029 1407 vident
2049 1399 2059 1416 ,
2081 1366 2237 1406 erroris
2267 1368 2328 1406 te-

1295 1442 1438 1482 nebris
1458 1441 1729 1481 involventur
1749 1440 1761 1461 ⁹
1786 1454 1795 1479 ;
1826 1454 1845 1477 (ι
1867 1438 2101 1490 palpabunt
2134 1437 2255 1489 quasi
2284 1437 2328 1477 in

1296 1512 1502 1561 tenebris,
1524 1514 1565 1551 et
1585 1522 1670 1550 nou
1691 1510 1734 1549 in
1756 1509 1941 1558 lumine,
1964 1511 2004 1548 et
2032 1520 2174 1547 errare
2207 1508 2329 1548 saciet

1297 1596 1391 1632 eos,
1414 1583 1533 1636 quasi
1555 1582 1694 1622 ebrios
1718 1593 1727 1620 ι
1746 1594 1765 1617 ι)
1792 1583 1832 1620 et
1854 1580 1954 1632 quia
1982 1579 2177 1619 cadentes
2203 1592 2227 1619 a
2248 1579 2329 1619 fide

1297 1655 1451 1695 cadunt
1478 1666 1502 1693 a
1534 1651 1792 1693 consessione
1823 1650 1958 1701 fideli,
1998 1650 2092 1690 ideo
2123 1650 2252 1691 dicit:
2275 1651 2331 1693 Εί

1297 1725 1498 1767 claudent
1513 1724 1626 1766 ostiu
1645 1724 1694 1764 in.
1712 1722 1888 1774 plateis,
1908 1721 1951 1760 id
1970 1724 2054 1771 est,
2078 1720 2123 1760 in
2142 1721 2325 1774 publico.

1296 1798 1351 1837 In
1370 1795 1612 1837 humililate
1629 1795 1743 1835 vocis
1765 1793 1989 1841 molentes,
2013 1792 2053 1832 id
2077 1795 2159 1842 est,
2182 1793 2330 1832 mussi-

1296 1872 1446 1910 tanteS.
1479 1867 1558 1907 Sed
1587 1878 1689 1906 vera
1719 1864 1924 1905 confessio
1957 1866 2020 1903 est
2048 1863 2094 1903 in
2123 1864 2293 1916 publico
2317 1879 2325 1905 :

1296 1941 1410 1982 unde
1430 1939 1457 1962 ¹⁰
1481 1954 1489 1979 :
1521 1953 1540 1977 α
1568 1937 1686 1987 Quod
1715 1936 1758 1976 in
1778 1947 1883 1975 aure
1905 1935 2080 1986 auditis,
2103 1936 2328 1988 praedicate

1296 2013 1563 2065 supertecta.
1585 2023 1605 2046 »
1632 2009 1687 2051 Ec
1707 2010 1959 2059 consument
1978 2005 2037 2048 ad
2056 2016 2208 2059 vocem,
2232 2010 2328 2048 etc.:

1296 2084 1365 2125 hie
1384 2082 1567 2124 secundo
1588 2082 1760 2121 notatur
1777 2078 1964 2120 dilatatio
1986 2079 2141 2119 erroris
2156 2082 2250 2132 post
2263 2079 2326 2120 di-

1297 2154 1580 2195 minutionem
1599 2151 1718 2199 fidei,
1742 2152 1952 2203 quantum
1971 2149 2023 2190 ad
2043 2150 2124 2190 tria
2150 2163 2158 2190 :
2190 2150 2329 2202 primo

1297 2226 1417 2275 dicit,
1439 2224 1554 2277 quod
1586 2222 1886 2276 praedicabitur
1914 2224 1954 2261 et
1984 2221 2181 2262 audietur
2211 2222 2326 2262 falsi-

1296 2302 1382 2348 tas3
1403 2296 1607 2346 secundo,
1626 2295 1740 2348 quod
1760 2293 1968 2334 tacebitur
1984 2293 2163 2343 veritas3
2187 2293 2323 2344 tertio,

1298 2370 1413 2424 quod
1431 2368 1729 2410 sublimabitur
1749 2365 1997 2407 Antichristi
2021 2367 2218 2417 potestas.
2242 2365 2330 2406 Pri-

1298 2453 1417 2481 mum
1438 2439 1610 2493 quidem
1632 2437 1932 2491 praedicabitur
1953 2436 2111 2476 falsitas
2131 2437 2184 2477 ab
2204 2437 2326 2477 Anti—

1297 2513 1479 2562 christo,
1511 2523 1610 2552 cum
1641 2510 1740 2551 dicit
1771 2524 1779 2550 ε
1813 2510 2074 2561 Consurqenc
2105 2507 2164 2550 ad
2191 2519 2329 2551 rocem

1296 2583 1496 2627 volucris.
1526 2581 1620 2623 Vox
1650 2580 1835 2622 volucris
1868 2583 1990 2620 nocte
2025 2580 2238 2631 canentis,
2267 2583 2330 2620 est

1296 2653 1542 2707 praedicatio
1557 2651 1825 2700 Antichristi‚
1848 2650 2117 2703 praedicantis
2137 2651 2182 2691 in
2203 2654 2327 2692 nocte

1296 2723 1561 2765 obscuritatis
1581 2724 1622 2762 et
1640 2721 1898 2762 infidelitatis
1923 2736 1931 2761 ε
1956 2721 2008 2761 ad
2034 2733 2183 2762 vocem
2219 2733 2326 2774 ergo

1296 2798 1389 2850 ejus
1426 2797 1709 2846 consurgent,
1740 2793 1815 2846 qui
1849 2793 2195 2846 praedicationem
2233 2795 2326 2846 eius

1296 2867 1489 2916 credent3
1513 2867 1735 2918 propterea
1767 2863 1920 2904 dicitur
1941 2895 1954 2914 ,
1994 2866 2042 2904 ut
2075 2864 2204 2904 fidem
2240 2876 2327 2905 non

1296 2938 1526 2979 adhibeant
1558 2937 1582 2958 ¹¹
1618 2950 1627 2977 ι
1667 2951 1686 2975 ε(
1707 2935 1750 2976 Si
1793 2947 1900 2987 ergo
1935 2935 2122 2976 dixerint
2158 2936 2279 2977 vobis
2313 2951 2322 2977 ς

1296 3010 1401 3051 Ecce
1422 3009 1467 3049 in
1489 3008 1652 3048 deserto
1673 3009 1756 3058 est,
1778 3006 1907 3048 nolite
1926 3007 2108 3047 credere.
2126 3020 2145 3044 n
2166 3005 2326 3047 Tamen

1297 3081 1422 3123 multi
1441 3080 1635 3130 audient,
1657 3082 1698 3120 et
1716 3078 1887 3119 credent
1911 3092 1920 3118 ε
1946 3077 2057 3118 unde
2077 3077 2232 3118 dicitur
2253 3077 2325 3118 Ju-

1297 3153 1399 3194 daeis
1420 3153 1448 3175 ¹²
1471 3167 1480 3193 z
1508 3167 1528 3191 α
1548 3150 1589 3192 Si
1616 3149 1725 3190 alius
1744 3148 1909 3190 venerit
1940 3148 1984 3188 in
2010 3148 2185 3189 nomine
2216 3161 2321 3201 suo,

1294 3224 1416 3264 illum
1447 3221 1708 3275 recipietis.»
1737 3219 1932 3261 Secundo
1962 3219 2180 3273 praedicit,
2210 3220 2324 3273 quod

1294 3296 1501 3338 tacebitur
1517 3294 1674 3336 veritas
1688 3324 1700 3344 ,
1721 3291 1823 3346 quia
1842 3304 1929 3333 non
1947 3292 2027 3334 erit
2045 3292 2121 3345 qui
2139 3292 2284 3334 audiat
2308 3306 2317 3334 ε

1293 3429 1307 3451 ⁰
1326 3427 1402 3464 ιΙοὸ,
1423 3434 1485 3465 x11,
1507 3427 1559 3457 25.
1582 3442 1618 3448 —-
1642 3425 1666 3447 ¹0
1687 3423 1820 3458 Mami...
1838 3431 1873 3464 x,
1895 3425 1948 3455 27.
1968 3440 2010 3447 —
2031 3424 2051 3443 ¹¹
2069 3423 2204 3464 Mami„
2225 3431 2321 3464 xxw,

1293 3477 1346 3507 26.
1363 3492 1401 3499 —
1425 3475 1447 3493 ¹²
1465 3475 1574 3513 loon„
1594 3480 1627 3512 v,
1659 3474 1710 3504 43.
1733 3488 1775 3496 —
1809 3472 1850 3512 (α)
1890 3471 1986 3513 Vulq.
2021 3472 2261 3506 movebuntur.
2282 3488 2323 3496 -

1296 3523 1339 3565 (b)
1354 3522 1410 3557 Ac.
1424 3522 1615 3556 mutabunt.
1629 3538 1670 3545 —
1687 3519 1727 3561 (c)
1753 3519 1850 3561 γαίῃ.
1869 3519 1971 3553 mola.
