2633 3878
1010 259 1249 302 PSALMUS
1279 258 1452 300 CXVIII.

162 357 429 394 confirmatur.
463 357 511 391 De
544 354 673 402 primo
693 357 702 376 ¹
726 366 736 389 :
760 366 776 387 «
796 351 923 389 Cordo
945 349 1115 386 creditur
1145 348 1196 386 ad

157 419 395 467 justitiam.»
419 417 484 454 llic
509 416 811 453 fundamentum
831 412 1029 450 credendo
1061 410 1196 448 sterni-

161 485 237 526 tur,
259 483 295 518 et
310 480 499 518 firmatur.
523 481 573 515 De
593 477 768 514 secundo
785 475 798 496 ²
817 488 824 512 :
848 478 953 512 «Nos
974 474 1190 519 credimus,

161 547 321 591 propter
341 542 451 590 quod
471 543 508 578 et
523 539 726 587 loquimur
743 551 750 575 :
765 551 782 573 n
799 538 862 575 hie
883 536 1082 574 credendo
1103 538 1194 573 ster-

161 605 279 652 nitur,
313 607 349 641 et
379 603 608 641 affirmatur.
643 604 692 638 De
720 601 832 638 tertio
852 602 865 623 ³
888 612 897 637 ε
923 599 1032 645 «Qui
1073 597 1194 635 credii

162 670 265 714 Deo,
286 665 449 705 attendit
467 663 662 701 mandatis
686 676 693 700 :
711 677 729 698 »
750 663 813 700 hic
833 662 1032 700 credendo
1055 661 1194 698 sterni-

162 731 237 776 tur,
258 731 295 766 et
313 728 429 766 etiam
450 726 716 765 confirmatur.

597 833 765 876 Epilogus.

207 919 290 954 Haec
311 919 366 954 est
386 916 518 964 itaque
538 926 615 953 vox
635 914 838 962 Prophetae
870 914 1105 951 declarantis
1127 925 1194 951 cu-

158 979 351 1016 rationem
382 978 534 1015 virtutis
568 977 802 1026 appetitivae.
837 978 1073 1013 Bonz'tatcm:
1105 987 1194 1014 cccc

158 1041 314 1078 bonitas
332 1042 477 1086 aurea,
507 1044 700 1088 quantum
729 1039 777 1076 ad
808 1038 1107 1086 dispositionem
1137 1039 1194 1074 iu-

158 1102 348 1141 teriorum
365 1115 375 1150 ;
394 1105 451 1138 ·Et
481 1103 717 1149 cltscz'ph'nam
744 1115 755 1138 :
784 1112 872 1138 ecce
896 1101 1102 1148 disciplina
1132 1111 1193 1138 ar·

157 1167 325 1212 gentea‚
355 1169 549 1214 quantum
581 1166 632 1202 ad
664 1165 995 1213 compositionem
1026 1165 1194 1202 exterio-

156 1239 245 1265 rum
259 1241 270 1275 ;
288 1230 336 1264 Et
355 1230 545 1265 scientiam
560 1241 569 1264 :
586 1238 676 1265 ecce
691 1228 849 1264 scientia
864 1228 1047 1275 preti0sa,
1070 1238 1195 1275 quan-

156 1293 240 1326 tum
270 1290 323 1327 ad
354 1290 641 1338 expositionem
675 1291 944 1338 superiorum;
984 1292 1073 1327 Doce
1098 1302 1151 1326 mc
1183 1304 1194 1326 :

157 1362 245 1389 ecce
264 1353 501 1400 practicum,
523 1363 604 1389 non
637 1352 859 1389 theoricum
882 1353 1163 1389 documentum
1181 1365 1190 1398 3

157 1415 252 1457 Quia
285 1416 469 1451 mandatis
500 1417 575 1451 tuis
600 1415 773 1451 credz'clc:
804 1425 893 1451 ecce
926 1414 1019 1452 [idei
1049 1415 1192 1452 sunda-

156 1480 347 1514 mentum.

521 1577 739 1605 VERSICULUS
769 1579 824 1604 111.

202 1669 260 1703 67.
294 1666 514 1712 Priusquam
546 1666 773 1712 humiliarer,
797 1667 866 1702 etc.
897 1668 980 1702 Duo
1011 1666 1193 1702 versiculi

154 1730 436 1776 praecurrentes
465 1728 827 1775 praenuntiaverunt
847 1728 1091 1764 curationem
1113 1729 1194 1764 tam

155 1790 471 1838 apprehensivae,
494 1801 616 1838 quam
644 1791 866 1838 appetitivae
877 1804 887 1837 3
921 1790 990 1827 iste
1024 1802 1194 1839 sequens

155 1853 362 1890 annuntiat
376 1853 616 1889 curationem
638 1853 920 1899 memorativae,
932 1854 1194 1900 pronuntians

156 1916 196 1952 in
216 1919 386 1964 quatuor
416 1916 499 1961 ejus
528 1915 717 1951 membris
751 1916 987 1953 memoriam
1008 1916 1192 1953 commis-

155 1977 298 2024 sionis,
330 1976 573 2023 omissionis,
602 1977 903 2025 promissionis,
925 1980 962 2014 et
980 1978 1192 2016 immissio-

155 2039 214 2075 nis
237 2052 245 2076 :
269 2042 461 2087 quantum
481 2039 533 2076 ad
553 2043 760 2087 peccatum
781 2040 1063 2087 commissum,
1085 2051 1193 2077 man-

155 2101 292 2138 datum
328 2101 545 2146 omissum,
577 2101 832 2149 propitiatam
864 2102 1127 2149 promissum,
1156 2106 1194 2140 et

153 2164 343 2211 gemitum
364 2164 680 2213 compunctionis
698 2164 932 2200 immissum.

489 2270 679 2306 Articulus
703 2271 854 2315 primus.

200 2353 396 2398 Quantum
425 2351 478 2390 ad
506 2352 704 2400 primum,
738 2352 1072 2400 Psalmographus
1104 2353 1157 2391 ait
1180 2367 1189 2391 ι

155 2417 372 2461 Priusquam
394 2416 622 2459 humiliarer,
642 2414 684 2450 id
705 2417 784 2460 est,
804 2415 1036 2462 priusquam
1055 2426 1126 2463 per
1147 2416 1192 2453 ti-

154 2487 308 2513 morem
337 2476 440 2513 male
468 2476 744 2513 humiliantem
770 2477 1047 2524 praevariearei·
1070 2490 1078 2514 :
1102 2488 1191 2515 ecce

155 2538 425 2586 praevaricatio
441 2566 453 2584 ,
476 2549 564 2575 ecce
590 2538 740 2586 peccati
765 2538 1005 2576 commissio.
1030 2539 1094 2576 Hic
1117 2531 1190 2588 po-

155 2605 227 2640 test
245 2601 393 2648 notari,
415 2601 528 2649 quod
557 2601 748 2648 contingit
768 2601 969 2649 tripliciter
988 2602 1092 2639 male
1117 2603 1190 2639 hu·

154 2663 297 2701 miliari
315 2676 323 2701 :
343 2663 528 2700 videlicet
543 2663 695 2700 malum
712 2663 1016 2710 dissimulando,
1037 2664 1191 2702 bonum

154 2726 380 2764 simulando
397 2754 409 2772 ,
431 2725 582 2763 malum
601 2725 892 2763 accumulando
916 2739 923 2763 :
947 2726 1045 2763 sicut
1067 2726 1191 2764 David

155 2788 353 2826 humiliari
368 2789 533 2834 curavit,
549 2799 639 2825 cum
656 2788 895 2825 adulterium
915 2789 1190 2834 dissimulavit,

156 2863 246 2889 cum
270 2851 367 2896 Uriae
395 2850 634 2887 beneficium
663 2850 892 2898 simulavit,
924 2862 1015 2888 cum
1042 2851 1192 2889 malefi-

156 2914 261 2951 cium
277 2913 552 2951 accumulavit.
570 2915 620 2950 De
635 2912 788 2961 primo*
805 2927 815 2949 .-
837 2927 855 2948 «
870 2913 954 2950 Scio
975 2914 1189 2962 humiliari,

156 2978 193 3012 et
212 2975 470 3020 abundare,»
491 2975 589 3012 sicut
603 2975 808 3023 apostolici
826 2976 899 3012 viri
920 2976 1046 3012 sciunt
1064 2976 1193 3013 humi·

156 3038 259 3083 liari,
278 3037 430 3074 malum
448 3048 576 3085 poenae
590 3037 896 3083 dissimulando,
918 3040 955 3074 ct
969 3037 1190 3085 abundare,

156 3100 286 3149 ipsum
303 3099 564 3137 refocillando
580 3113 590 3147 3
618 3100 671 3137 sic
691 3102 728 3136 et
748 3099 951 3148 apostatici
973 3101 1045 3137 viri
1066 3101 1192 3139 sciunt

156 3161 354 3198 humiliari
372 3161 524 3198 malum
544 3162 669 3209 culpae
686 3161 993 3207 dissimulando,
1013 3163 1050 3198 et
1068 3162 1191 3200 abun-

157 3224 251 3262 dare
267 3224 399 3272 ipsum
415 3223 689 3260 refocillando.
708 3225 757 3260 De
770 3223 945 3260 secundo
959 3224 1140 3262 scribitur
1152 3226 1189 3262 ⁵:

160 3298 179 3321 «
195 3286 311 3332 Quasi
330 3286 576 3334 proximum,
605 3285 718 3334 quasi
738 3285 897 3322 fratrem
916 3289 1114 3334 nostrum,
1135 3287 1190 3325 sic

158 3349 481 3397 complacebam3
502 3348 615 3396 quasi
632 3348 771 3394 lugens
791 3351 828 3385 et
847 3348 1116 3396 contristatus,
1135 3350 1190 3388 sic

158 3409 396 3448 humiliabar
412 3426 443 3448 ‚n
467 3410 571 3448 Sicut
591 3410 700 3447 novit
718 3410 965 3458 complacere
984 3411 1191 3460 proximo,

201 3493 211 3513 ²
231 3492 334 3528 Rom..
366 3501 402 3534 x,
432 3496 481 3526 10.
511 3511 551 3517 —
583 3495 596 3515 ²
623 3493 649 3525 ll
683 3494 774 3532 Corn,
810 3501 857 3532 iv,
890 3496 938 3526 13.
970 3511 1010 3518 —
1037 3495 1047 3513 ³
1069 3495 1189 3538 Eccli.‚

159 3546 270 3580 xxxll,
289 3540 340 3573 28.
361 3557 401 3565 —
420 3540 594 3583 ⁴,Plzilip.,
616 3548 664 3582 ιν,
687 3542 734 3576 12.
750 3559 791 3566 -
812 3543 823 3562 ⁸
841 3541 935 3574 Psul.
952 3550 1070 3583 xxxw,
1091 3545 1139 3577 ¹4.
1152 3561 1192 3568 —

2224 255 2300 293 405

1271 351 1306 384 ct
1326 346 1545 385 contristari
1565 356 1611 382 ex
1633 344 1766 381 animo
1787 343 1953 380 charitas
1974 342 2227 388 consolatrix3
2248 341 2303 378 sic

1270 410 1380 447 novit
1397 409 1644 457 complacere
1669 406 1874 454 proximo,
1903 407 1939 441 et
1959 404 2202 450 contristari,
2232 403 2303 441 sed

1271 483 1350 509 non
1366 483 1410 509 ex
1429 472 1582 516 animo,
1605 468 1798 506 calliditas
1818 467 2049 504 simulatrix.
2071 468 2120 503 De
2141 466 2301 503 tertio⁶:

1275 547 1292 568 «
1313 534 1474 570 Attcnde
1491 562 1500 580 ‚
1520 543 1568 569 nc
1589 532 1772 569 seductus
1791 530 1832 566 in
1849 529 2010 566 stultitia
2028 528 2258 565 humilieris.
2282 540 2299 561 n

1270 597 1329 633 ‚Sic
1350 596 1603 639 seducuntur,
1629 595 1682 631 sic
1705 592 1977 636 humiliantur,
1999 591 2066 639 qui
2087 591 2301 628 humanam

1270 658 1551 696 verecundiam
1575 658 1628 694 sie
1658 659 1855 702 verentur,
1885 654 1996 702 quod
2025 653 2203 690 divinam
2231 653 2305 690 ira-

1271 721 1459 759 cundiam
1480 731 1525 757 ex
1547 719 1866 768 pusillanimitate
1896 717 2054 766 spiritus
2074 724 2303 764 promeren-

1270 787 1332 821 tur
1345 797 1355 831 ;
1377 784 1475 820 sicut
1505 783 1562 819 illi
1582 784 1595 805 ⁷
1616 781 1796 828 contigit,
1824 791 1944 829 quem
1966 780 2082 817 timor
2111 780 2214 818 male
2234 778 2307 816 hu-

1270 846 1441 884 miliatus
1463 845 1662 883 declinare
1695 843 1832 880 docuit
1863 843 1914 880 ad
1944 841 2233 888 homicidium,
2264 843 2308 878 ut

1271 910 1468 948 declinare
1482 910 1617 957 posset
1635 907 1907 945 adulterorum
1928 905 2191 954 opprobrIum
2203 917 2215 952 3
2236 905 2306 942 sed

1271 973 1457 1010 Dominus
1478 971 1714 1009 abominans
1735 969 2011 1006 simulatorum
2031 968 2197 1014 facinuS,
2220 977 2304 1005 ma·

1270 1035 1341 1072 luit
1360 1045 1518 1071 servum
1538 1044 1655 1070 suum
1675 1043 1765 1070 cum
1785 1031 2060 1079 peccatoribus
2079 1028 2305 1075 humiliari,

1269 1108 1391 1146 quam
1411 1107 1503 1134 cum
1521 1096 1818 1134 simulatoribus
1837 1093 2010 1142 gloriari.

1590 1202 1780 1237 Articulus
1803 1199 1987 1237 secundus.

1317 1288 1513 1330 Quantum
1542 1284 1594 1322 ad
1619 1283 1853 1329 secundum,
1889 1282 2119 1328 addit:qu
2151 1281 2306 1328 deliqui,

1270 1349 1309 1385 id
1329 1351 1397 1394 cst,
1420 1358 1489 1395 per
1517 1357 1695 1384 amorem
1716 1345 1819 1383 male
1848 1344 2164 1382 inflammantem
2193 1353 2307 1380 man·

1270 1411 1406 1448 datum
1432 1409 1640 1457 dereliqui.
1663 1411 1706 1445 Et
1732 1410 1839 1454 nota,
1876 1407 1987 1455 quod
2027 1406 2216 1443 delictum
2236 1405 2309 1442 hu·

1266 1472 1490 1520 Juscemodi
1514 1472 1656 1508 accidit
1693 1473 1854 1519 propter
1892 1469 1986 1515 tria,
2022 1470 2118 1515 puta
2148 1470 2309 1516 propter

1269 1534 1572 1580 immissionem,
1593 1533 1886 1578 remissionem,
1908 1534 1944 1568 et
1964 1530 2306 1568 intermissionem.

1270 1598 1366 1634 Cum
1387 1598 1492 1633 enim
1513 1596 1708 1644 passionis
1728 1595 1868 1632 horror
1883 1593 2118 1639 immittitur,
2130 1595 2167 1629 et
2185 1592 2306 1629 raiio-

1269 1659 1329 1695 nis
1349 1659 1458 1706 rigor
1475 1659 1694 1702 remittitur,
1731 1655 2009 1704 prohibitionis
2036 1655 2155 1692 timor
2191 1654 2309 1691 inter-

1271 1721 1446 1758 mittitur.
1473 1723 1523 1757 De
1540 1721 1670 1769 primo
1691 1720 1704 1741 ⁸
1726 1732 1734 1756 ε
1760 1733 1778 1753 «
1800 1721 1945 1756 Horror
1965 1717 2107 1754 invasit
2120 1716 2250 1763 lsrael,
2269 1718 2308 1753 et

1270 1784 1436 1831 deliquit
1468 1784 1509 1820 in
1546 1783 1652 1820 Baal.
1681 1796 1698 1818 »
1735 1782 1851 1819 lsrael
1887 1781 2161 1829 interpretatur
2198 1789 2311 1817 mens
2349 1800 2451 1828 lsi-³01.

1270 1849 1392 1883 Deum
1411 1846 1566 1892 videns,
1587 1856 1660 1893 per
1691 1854 1814 1892 quam
1846 1843 2065 1880 humanam
2094 1842 2310 1891 accipimus

1269 1910 1488 1953 rationem‚·
1538 1910 1630 1944 Βααί
1685 1908 1960 1954 interpretatur
2000 1907 2196 1952 vetustas,
2238 1915 2311 1953 per

1269 1983 1391 2020 quam
1429 1971 1684 2017 intelligimus
1731 1969 2098 2018 praevaricationem
2128 1981 2137 2005 :
2169 1969 2310 2006 horror

1270 2045 1363 2082 ergo
1385 2033 1502 2072 lsrael
1520 2033 1686 2079 invadit,
1709 2044 1800 2070 cum
1818 2031 2021 2069 horribilis
2037 2031 2169 2079 passio
2188 2030 2310 2068 ratio-

1268 2107 1362 2134 nem
1391 2096 1592 2144 pervadit3
1634 2095 1704 2132 sed
1738 2094 1855 2132 lsrael
1894 2094 1935 2131 in
1968 2092 2060 2131 Baal
2097 2093 2305 2141 delinquit,

1270 2159 1433 2207 quando
1445 2158 1544 2195 rati0
1565 2157 1877 2206 prohibitionem
1891 2158 2052 2204 propter
2070 2156 2306 2204 proevarica-

1268 2223 1417 2260 tionem
1435 2220 1636 2269 relinquit.
1657 2222 1710 2257 De
1736 2219 1911 2257 secundo
1931 2219 1945 2241 ⁹
1968 2231 1976 2256 :
2004 2230 2023 2253 «
2042 2219 2203 2266 Propter
2222 2217 2307 2256 ino-

1267 2285 1376 2332 piam
1396 2283 1510 2321 multi
1529 2283 1809 2331 deliquerunt3
1828 2295 1847 2317 »
1871 2281 1926 2318 sic
1947 2280 2200 2329 delinquunt,
2237 2280 2306 2327 qui

1267 2349 1430 2395 propter
1456 2345 1651 2394 passionis
1676 2344 1980 2391 vehementiam,
2002 2346 2040 2381 ct
2057 2342 2222 2380 rationis
2243 2342 2305 2379 in-

1251 2409 1544 2454 ·constantiam,
1582 2405 1863 2456 prohibitionis
1902 2405 2172 2443 obedientiam
2192 2405 2305 2442 dere·

1266 2471 1465 2519 linquunt.
1487 2473 1538 2508 De
1559 2470 1668 2508 tertio
1681 2469 1863 2506 scribitur
1883 2468 1911 2491 ¹⁰
1933 2479 1942 2504 ε
1967 2482 1985 2503 α
2005 2467 2105 2505 Dixit
2122 2468 2304 2514 injustus,

1268 2539 1310 2572 ut
1327 2535 1532 2582 delinquat
1550 2532 1591 2570 in
1611 2532 1835 2580 semetipso.
1857 2545 1875 2566 »
1900 2532 1954 2569 Ita
1974 2530 2079 2578 dicit,
2119 2530 2188 2578 qui
2212 2540 2304 2578 pas-

1267 2598 1377 2635 sione
1397 2596 1592 2645 opposita,
1626 2595 1779 2632 ratione
1811 2593 2004 2641 deposita,
2033 2592 2301 2642 prohibitione

1267 2659 1497 2708 postposita,
1528 2657 1777 2706 praevaricari
1804 2656 2004 2705 proponit.

1607 2764 1798 2802 Articulus
1825 2764 1968 2800 tertius.

1314 2852 1509 2897 Quantum
1543 2847 1595 2886 ad
1624 2847 1796 2894 tertium,
1828 2845 2060 2894 superaddit
2081 2858 2089 2883 :
2110 2847 2304 2894 Propterea

1267 2915 1445 2961 eloquium
1468 2916 1582 2957 tuum,
1605 2910 1646 2947 id
1667 2911 1737 2955 est,
1758 2911 1833 2946 tuae
1857 2908 2052 2957 potestati,
2092 2911 2166 2946 tuae
2203 2908 2302 2946 veri-

1268 2976 1348 3020 tati,
1372 2979 1445 3012 tuae
1463 2973 1596 3021 pietati
1617 2982 1840 3020 congruum
1863 2983 1871 3008 :
1899 2971 1993 3020 quia
2019 2972 2220 3019 potestatis
2246 2974 2303 3009 est

1267 3038 1416 3085 eripere
1437 3035 1712 3084 poenitentem;
1744 3034 1931 3081 veritatis,
1972 3033 2141 3081 dirigere
2178 3034 2300 3072 confi-

1267 3104 1410 3139 tentem
1423 3111 1434 3146 ;
1455 3097 1621 3147 pietatis,
1660 3097 1855 3145 suscipere
1896 3095 2209 3134 satisfacientem.
2249 3098 2300 3134 De

1266 3163 1396 3212 primo
1417 3161 1620 3198 psalmista
1647 3159 1775 3197 dicit¹¹
1793 3171 1835 3196 :«
1852 3158 2076 3197 Secundum
2095 3157 2300 3205 eloquium

1266 3229 1376 3263 tuum
1398 3224 1504 3272 eripe
1524 3233 1587 3262 me
1610 3235 1653 3260 z»
1678 3233 1767 3260 ecce
1800 3221 2006 3269 eloquium
2024 3220 2234 3268 potestatis.
2249 3222 2299 3258 De

1265 3286 1441 3325 secundo
1463 3286 1655 3334 Propheta
1667 3284 1799 3334 psallit
1818 3283 1846 3306 ¹³
1859 3294 1868 3321 ε
1882 3296 1900 3318 (ι
1913 3285 2070 3321 Gressus
2088 3292 2199 3320 meos
2210 3281 2301 3319 diri-

1266 3359 1313 3397 ge
1347 3348 1566 3387 secundum
1606 3346 1812 3394 eloquium
1847 3348 1989 3384 tuum:
2021 3358 2040 3379 »
2087 3355 2175 3382 ecce
2213 3344 2298 3382 elo-

1268 3450 1280 3467 ⁶
1303 3447 1420 3485 Eccli.,
1440 3453 1514 3486 xm,
1533 3447 1582 3477 tn.
1603 3462 1643 3469 —
1661 3445 1675 3467 '¹
1697 3445 1720 3475 ΙΙ
1742 3445 1833 3485 Rea„
1852 3451 1938 3484 xvii,
1959 3445 2008 3475 ¹5.
2025 3459 2066 3467 -
2085 3444 2097 3463 ⁸
2113 3443 2200 3484 ose„
2220 3450 2297 3484 xm,

1269 3500 1298 3528 1.
1314 3513 1354 3520 —
1368 3497 1380 3513 ³·
1398 3494 1517 3532 Eccli„
1539 3500 1647 3533 xxvii,
1672 3495 1698 3525 t.
1716 3508 1756 3516 -
1778 3493 1800 3511 ¹⁰
1820 3491 1912 3524 Psal.
1931 3497 2037 3530 xxxv,
2058 3492 2088 3525 2.
2104 3508 2145 3515 —
2166 3491 2186 3510 ¹¹
2207 3491 2298 3524 Psal.

1266 3543 1344 3583 hoc,
1365 3544 1435 3576 ΠΟ.
1457 3558 1496 3566 --
1515 3541 1538 3563 '¹
1559 3539 1657 3582 ibid„
1681 3541 1750 3573 133.

2360 1901 2443 1929 Baal.
