<?xml version="1.0" encoding="UTF-8"?>
<!DOCTYPE html PUBLIC "-//W3C//DTD XHTML 1.0 Transitional//EN"
    "http://www.w3.org/TR/xhtml1/DTD/xhtml1-transitional.dtd">
<html xmlns="http://www.w3.org/1999/xhtml" xml:lang="en" lang="en">
 <head>
  <title>
</title>
<meta http-equiv="Content-Type" content="text/html;charset=utf-8" />
  <meta name='ocr-system' content='tesseract 3.04.00' />
  <meta name='ocr-capabilities' content='ocr_page ocr_carea ocr_par ocr_line ocrx_word'/>
</head>
<body>
  <div class='ocr_page' id='page_1' title='image "./operaomniasixtiv09bonauoft/operaomniasixtiv09bonauoft_0522.png"; bbox 0 0 2633 3878; ppageno 0'>
   <div class='ocr_carea' id='block_1_1' title="bbox 241 235 318 274">
    <p class='ocr_par' dir='ltr' id='par_1_1' title="bbox 241 235 318 274">
     <span class='ocr_line' id='line_1_1' title="bbox 241 235 318 274; baseline 0 0"><span class='ocrx_word' id='word_1_1' title='bbox 241 235 318 274; x_wconf 73' lang='lat'><strong>486</strong></span> 
     </span>
    </p>
   </div>
   <div class='ocr_carea' id='block_1_2' title="bbox 237 313 1268 1296">
    <p class='ocr_par' dir='ltr' id='par_1_2' title="bbox 237 313 1268 1296">
     <span class='ocr_line' id='line_1_2' title="bbox 240 313 1265 365; baseline -0.011 -6"><span class='ocrx_word' id='word_1_2' title='bbox 240 322 358 359; x_wconf 88' lang='lat' dir='ltr'><strong>terius</strong></span> <span class='ocrx_word' id='word_1_3' title='bbox 377 323 433 357; x_wconf 89' lang='lat' dir='ltr'><strong>est</strong></span> <span class='ocrx_word' id='word_1_4' title='bbox 450 318 651 356; x_wconf 83' lang='lat' dir='ltr'><strong>rationalis</strong></span> <span class='ocrx_word' id='word_1_5' title='bbox 671 317 876 365; x_wconf 85' lang='lat' dir='ltr'><strong>appetitus.</strong></span> <span class='ocrx_word' id='word_1_6' title='bbox 898 315 999 352; x_wconf 87' lang='lat' dir='ltr'><strong>Sicut</strong></span> <span class='ocrx_word' id='word_1_7' title='bbox 1020 314 1124 350; x_wconf 86' lang='lat' dir='ltr'><strong>enim</strong></span> <span class='ocrx_word' id='word_1_8' title='bbox 1143 313 1265 349; x_wconf 88' lang='lat' dir='ltr'><strong>homo</strong></span> 
     </span>
     <span class='ocr_line' id='line_1_3' title="bbox 242 374 1266 427; baseline -0.01 -7"><span class='ocrx_word' id='word_1_9' title='bbox 242 383 410 421; x_wconf 81' lang='lat' dir='ltr'>exterior</span> <span class='ocrx_word' id='word_1_10' title='bbox 429 392 474 418; x_wconf 91' lang='lat' dir='ltr'><strong>os</strong></span> <span class='ocrx_word' id='word_1_11' title='bbox 493 380 660 417; x_wconf 79' lang='lat' dir='ltr'><strong>exterius</strong></span> <span class='ocrx_word' id='word_1_12' title='bbox 679 379 804 427; x_wconf 88' lang='lat' dir='ltr'><strong>aperit</strong></span> <span class='ocrx_word' id='word_1_13' title='bbox 823 377 875 415; x_wconf 89' lang='lat' dir='ltr'><strong>ad</strong></span> <span class='ocrx_word' id='word_1_14' title='bbox 894 377 948 423; x_wconf 86' lang='lat' dir='ltr'><strong>id,</strong></span> <span class='ocrx_word' id='word_1_15' title='bbox 972 375 1081 424; x_wconf 87' lang='lat' dir='ltr'><strong>quod</strong></span> <span class='ocrx_word' id='word_1_16' title='bbox 1104 374 1266 423; x_wconf 88' lang='lat' dir='ltr'><strong>appetit,</strong></span> 
     </span>
     <span class='ocr_line' id='line_1_4' title="bbox 241 435 1266 487; baseline -0.009 -6"><span class='ocrx_word' id='word_1_17' title='bbox 241 445 294 481; x_wconf 89' lang='lat' dir='ltr'><strong>sic</strong></span> <span class='ocrx_word' id='word_1_18' title='bbox 313 445 434 481; x_wconf 88' lang='lat' dir='ltr'><strong>homo</strong></span> <span class='ocrx_word' id='word_1_19' title='bbox 454 443 615 480; x_wconf 85' lang='lat' dir='ltr'><strong>interior</strong></span> <span class='ocrx_word' id='word_1_20' title='bbox 633 452 676 479; x_wconf 90' lang='lat' dir='ltr'><strong>os</strong></span> <span class='ocrx_word' id='word_1_21' title='bbox 696 440 854 478; x_wconf 71' lang='lat' dir='ltr'><strong>interius</strong></span> <span class='ocrx_word' id='word_1_22' title='bbox 872 439 995 487; x_wconf 85' lang='lat' dir='ltr'><strong>aperit</strong></span> <span class='ocrx_word' id='word_1_23' title='bbox 1013 438 1064 475; x_wconf 85' lang='lat' dir='ltr'><strong>ad</strong></span> <span class='ocrx_word' id='word_1_24' title='bbox 1082 437 1136 483; x_wconf 94' lang='lat' dir='ltr'><strong>id,</strong></span> <span class='ocrx_word' id='word_1_25' title='bbox 1157 435 1266 484; x_wconf 89' lang='lat' dir='ltr'><strong>quod</strong></span> 
     </span>
     <span class='ocr_line' id='line_1_5' title="bbox 241 498 1268 554; baseline -0.009 -11"><span class='ocrx_word' id='word_1_26' title='bbox 241 506 398 554; x_wconf 87' lang='lat' dir='ltr'><strong>appetit.</strong></span> <span class='ocrx_word' id='word_1_27' title='bbox 420 507 462 543; x_wconf 89' lang='lat' dir='ltr'><strong>Et</strong></span> <span class='ocrx_word' id='word_1_28' title='bbox 480 507 587 551; x_wconf 83' lang='lat' dir='ltr'><strong>nota,</strong></span> <span class='ocrx_word' id='word_1_29' title='bbox 606 503 717 552; x_wconf 84' lang='lat' dir='ltr'><strong>quod</strong></span> <span class='ocrx_word' id='word_1_30' title='bbox 737 514 780 540; x_wconf 92' lang='lat' dir='ltr'><strong>os</strong></span> <span class='ocrx_word' id='word_1_31' title='bbox 799 502 958 539; x_wconf 78' lang='lat' dir='ltr'><strong>interius</strong></span> <span class='ocrx_word' id='word_1_32' title='bbox 978 499 1129 547; x_wconf 88' lang='lat' dir='ltr'><strong>aperire</strong></span> <span class='ocrx_word' id='word_1_33' title='bbox 1150 498 1268 535; x_wconf 87' lang='lat' dir='ltr'><strong>debe-</strong></span> 
     </span>
     <span class='ocr_line' id='line_1_6' title="bbox 240 561 1267 614; baseline -0.007 -10"><span class='ocrx_word' id='word_1_34' title='bbox 240 578 328 604; x_wconf 85' lang='lat' dir='ltr'><strong>mus</strong></span> <span class='ocrx_word' id='word_1_35' title='bbox 352 579 360 603; x_wconf 89' lang='lat'>:</span> <span class='ocrx_word' id='word_1_36' title='bbox 394 566 446 603; x_wconf 86' lang='lat' dir='ltr'><strong>ad</strong></span> <span class='ocrx_word' id='word_1_37' title='bbox 472 566 705 614; x_wconf 80' lang='lat' dir='ltr'><strong>sapientiam</strong></span> <span class='ocrx_word' id='word_1_38' title='bbox 735 563 1000 608; x_wconf 81' lang='lat' dir='ltr'><strong>inserendam3</strong></span> <span class='ocrx_word' id='word_1_39' title='bbox 1030 562 1081 598; x_wconf 89' lang='lat' dir='ltr'><strong>ad</strong></span> <span class='ocrx_word' id='word_1_40' title='bbox 1113 561 1267 608; x_wconf 88' lang='lat' dir='ltr'><strong>sapien-</strong></span> 
     </span>
     <span class='ocr_line' id='line_1_7' title="bbox 239 622 1266 674; baseline -0.008 -8"><span class='ocrx_word' id='word_1_41' title='bbox 239 629 333 666; x_wconf 85' lang='lat' dir='ltr'><strong>tiam</strong></span> <span class='ocrx_word' id='word_1_42' title='bbox 358 628 627 674; x_wconf 82' lang='lat' dir='ltr'><strong>reserendam;</strong></span> <span class='ocrx_word' id='word_1_43' title='bbox 648 639 729 665; x_wconf 91' lang='lat' dir='ltr'><strong>non</strong></span> <span class='ocrx_word' id='word_1_44' title='bbox 755 627 807 664; x_wconf 92' lang='lat' dir='ltr'><strong>ad</strong></span> <span class='ocrx_word' id='word_1_45' title='bbox 839 624 1103 673; x_wconf 88' lang='lat' dir='ltr'><strong>insipientiam</strong></span> <span class='ocrx_word' id='word_1_46' title='bbox 1133 622 1266 671; x_wconf 82' lang='lat' dir='ltr'><strong>profe-</strong></span> 
     </span>
     <span class='ocr_line' id='line_1_8' title="bbox 238 685 1266 733; baseline -0.008 -4"><span class='ocrx_word' id='word_1_47' title='bbox 238 690 404 728; x_wconf 84' lang='lat' dir='ltr'>rendam</span> <span class='ocrx_word' id='word_1_48' title='bbox 427 703 436 727; x_wconf 90' lang='lat'>:</span> <span class='ocrx_word' id='word_1_49' title='bbox 459 693 593 728; x_wconf 85' lang='lat' dir='ltr'><strong>contra</strong></span> <span class='ocrx_word' id='word_1_50' title='bbox 612 690 916 733; x_wconf 82' lang='lat' dir='ltr'><strong>murmuriOSOS,</strong></span> <span class='ocrx_word' id='word_1_51' title='bbox 938 689 1074 724; x_wconf 89' lang='lat' dir='ltr'><strong>contra</strong></span> <span class='ocrx_word' id='word_1_52' title='bbox 1100 685 1266 723; x_wconf 89' lang='lat' dir='ltr'><strong>incurio-</strong></span> 
     </span>
     <span class='ocr_line' id='line_1_9' title="bbox 239 747 1266 799; baseline -0.007 -10"><span class='ocrx_word' id='word_1_53' title='bbox 239 763 322 799; x_wconf 92' lang='lat' dir='ltr'><strong>sos,</strong></span> <span class='ocrx_word' id='word_1_54' title='bbox 350 755 485 790; x_wconf 87' lang='lat' dir='ltr'><strong>contra</strong></span> <span class='ocrx_word' id='word_1_55' title='bbox 516 752 739 799; x_wconf 87' lang='lat' dir='ltr'><strong>injuriosos.</strong></span> <span class='ocrx_word' id='word_1_56' title='bbox 771 752 821 787; x_wconf 92' lang='lat' dir='ltr'><strong>De</strong></span> <span class='ocrx_word' id='word_1_57' title='bbox 854 749 983 798; x_wconf 88' lang='lat' dir='ltr'><strong>primo</strong></span> <span class='ocrx_word' id='word_1_58' title='bbox 1011 751 1021 771; x_wconf 91' lang='lat'><strong>¹</strong></span> <span class='ocrx_word' id='word_1_59' title='bbox 1052 760 1060 784; x_wconf 92' lang='lat'><strong>:</strong></span> <span class='ocrx_word' id='word_1_60' title='bbox 1089 747 1266 795; x_wconf 80' lang='lat' dir='ltr'>«Aperui</span> 
     </span>
     <span class='ocr_line' id='line_1_10' title="bbox 239 810 1266 859; baseline -0.006 -7"><span class='ocrx_word' id='word_1_61' title='bbox 239 825 284 851; x_wconf 88' lang='lat' dir='ltr'><strong>os</strong></span> <span class='ocrx_word' id='word_1_62' title='bbox 304 825 458 859; x_wconf 91' lang='lat' dir='ltr'><strong>meum,</strong></span> <span class='ocrx_word' id='word_1_63' title='bbox 487 817 524 851; x_wconf 90' lang='lat' dir='ltr'><strong>et</strong></span> <span class='ocrx_word' id='word_1_64' title='bbox 545 813 688 850; x_wconf 80' lang='lat' dir='ltr'>cibavit</span> <span class='ocrx_word' id='word_1_65' title='bbox 713 823 776 849; x_wconf 91' lang='lat' dir='ltr'><strong>me</strong></span> <span class='ocrx_word' id='word_1_66' title='bbox 804 811 1009 849; x_wconf 86' lang='lat' dir='ltr'><strong>volumine</strong></span> <span class='ocrx_word' id='word_1_67' title='bbox 1032 824 1040 847; x_wconf 93' lang='lat'>:</span> <span class='ocrx_word' id='word_1_68' title='bbox 1059 823 1077 845; x_wconf 81' lang='grc'>»</span> <span class='ocrx_word' id='word_1_69' title='bbox 1098 810 1151 846; x_wconf 88' lang='lat' dir='ltr'><strong>sic</strong></span> <span class='ocrx_word' id='word_1_70' title='bbox 1173 820 1266 857; x_wconf 85' lang='lat' dir='ltr'><strong>ape-</strong></span> 
     </span>
     <span class='ocr_line' id='line_1_11' title="bbox 238 871 1267 921; baseline -0.006 -9"><span class='ocrx_word' id='word_1_71' title='bbox 238 875 335 912; x_wconf 89' lang='lat' dir='ltr'><strong>ritur</strong></span> <span class='ocrx_word' id='word_1_72' title='bbox 372 886 416 913; x_wconf 90' lang='lat' dir='ltr'><strong>os</strong></span> <span class='ocrx_word' id='word_1_73' title='bbox 453 878 588 913; x_wconf 88' lang='lat' dir='ltr'><strong>contra</strong></span> <span class='ocrx_word' id='word_1_74' title='bbox 627 873 911 912; x_wconf 87' lang='lat' dir='ltr'><strong>murmuriosos</strong></span> <span class='ocrx_word' id='word_1_75' title='bbox 943 872 1141 921; x_wconf 67' lang='lat' dir='ltr'><strong>sapientire</strong></span> <span class='ocrx_word' id='word_1_76' title='bbox 1171 871 1267 907; x_wconf 85' lang='lat' dir='ltr'><strong>inse-</strong></span> 
     </span>
     <span class='ocr_line' id='line_1_12' title="bbox 237 932 1268 985; baseline -0.007 -10"><span class='ocrx_word' id='word_1_77' title='bbox 237 937 384 975; x_wconf 82' lang='lat' dir='ltr'><strong>rendae.</strong></span> <span class='ocrx_word' id='word_1_78' title='bbox 411 939 461 975; x_wconf 91' lang='lat' dir='ltr'><strong>De</strong></span> <span class='ocrx_word' id='word_1_79' title='bbox 487 937 661 974; x_wconf 88' lang='lat' dir='ltr'><strong>secundo</strong></span> <span class='ocrx_word' id='word_1_80' title='bbox 689 936 894 985; x_wconf 83' lang='lat' dir='ltr'>psallimus</span> <span class='ocrx_word' id='word_1_81' title='bbox 916 936 929 957; x_wconf 81' lang='lat'>²</span> <span class='ocrx_word' id='word_1_82' title='bbox 951 947 959 971; x_wconf 91' lang='lat'>:</span> <span class='ocrx_word' id='word_1_83' title='bbox 985 950 1001 968; x_wconf 88' lang='lat'>«</span> <span class='ocrx_word' id='word_1_84' title='bbox 1022 933 1202 982; x_wconf 85' lang='lat' dir='ltr'><strong>Aperiam</strong></span> <span class='ocrx_word' id='word_1_85' title='bbox 1228 932 1268 968; x_wconf 94' lang='lat' dir='ltr'><strong>in</strong></span> 
     </span>
     <span class='ocr_line' id='line_1_13' title="bbox 237 997 1268 1048; baseline -0.007 -11"><span class='ocrx_word' id='word_1_86' title='bbox 237 999 440 1048; x_wconf 87' lang='lat' dir='ltr'><strong>parabolis</strong></span> <span class='ocrx_word' id='word_1_87' title='bbox 472 1010 516 1037; x_wconf 92' lang='lat' dir='ltr'><strong>os</strong></span> <span class='ocrx_word' id='word_1_88' title='bbox 549 1010 702 1046; x_wconf 83' lang='lat' dir='ltr'><strong>meum3</strong></span> <span class='ocrx_word' id='word_1_89' title='bbox 734 1012 752 1033; x_wconf 67' lang='lat' dir='ltr'>n</span> <span class='ocrx_word' id='word_1_90' title='bbox 781 998 834 1035; x_wconf 90' lang='lat' dir='ltr'><strong>sic</strong></span> <span class='ocrx_word' id='word_1_91' title='bbox 864 997 1035 1045; x_wconf 85' lang='lat' dir='ltr'><strong>aperitur</strong></span> <span class='ocrx_word' id='word_1_92' title='bbox 1063 1007 1106 1033; x_wconf 87' lang='lat' dir='ltr'><strong>os</strong></span> <span class='ocrx_word' id='word_1_93' title='bbox 1133 997 1268 1032; x_wconf 84' lang='lat' dir='ltr'><strong>contra</strong></span> 
     </span>
     <span class='ocr_line' id='line_1_14' title="bbox 239 1058 1268 1111; baseline -0.006 -11"><span class='ocrx_word' id='word_1_94' title='bbox 239 1063 457 1100; x_wconf 86' lang='lat' dir='ltr'><strong>incuriosos</strong></span> <span class='ocrx_word' id='word_1_95' title='bbox 477 1062 674 1111; x_wconf 85' lang='lat' dir='ltr'><strong>sapientioe</strong></span> <span class='ocrx_word' id='word_1_96' title='bbox 699 1060 927 1098; x_wconf 79' lang='lat' dir='ltr'><strong>referendae.</strong></span> <span class='ocrx_word' id='word_1_97' title='bbox 952 1062 1001 1096; x_wconf 92' lang='lat' dir='ltr'><strong>De</strong></span> <span class='ocrx_word' id='word_1_98' title='bbox 1028 1059 1138 1096; x_wconf 82' lang='lat' dir='ltr'><strong>tertio</strong></span> <span class='ocrx_word' id='word_1_99' title='bbox 1167 1058 1268 1106; x_wconf 88' lang='lat' dir='ltr'><strong>psal-</strong></span> 
     </span>
     <span class='ocr_line' id='line_1_15' title="bbox 238 1120 1268 1168; baseline -0.005 -8"><span class='ocrx_word' id='word_1_100' title='bbox 238 1124 361 1162; x_wconf 83' lang='lat' dir='ltr'>lentes</span> <span class='ocrx_word' id='word_1_101' title='bbox 384 1124 551 1161; x_wconf 88' lang='lat' dir='ltr'><strong>dicimus</strong></span> <span class='ocrx_word' id='word_1_102' title='bbox 573 1125 586 1146; x_wconf 68' lang='grc'>3</span> <span class='ocrx_word' id='word_1_103' title='bbox 607 1136 615 1160; x_wconf 90' lang='lat'>:</span> <span class='ocrx_word' id='word_1_104' title='bbox 642 1135 659 1157; x_wconf 77' lang='grc' dir='ltr'>α</span> <span class='ocrx_word' id='word_1_105' title='bbox 678 1122 884 1168; x_wconf 85' lang='lat' dir='ltr'>obmutui,</span> <span class='ocrx_word' id='word_1_106' title='bbox 907 1124 944 1158; x_wconf 89' lang='lat' dir='ltr'><strong>et</strong></span> <span class='ocrx_word' id='word_1_107' title='bbox 966 1131 1048 1158; x_wconf 90' lang='lat' dir='ltr'><strong>non</strong></span> <span class='ocrx_word' id='word_1_108' title='bbox 1069 1120 1203 1168; x_wconf 84' lang='lat' dir='ltr'><strong>aperui</strong></span> <span class='ocrx_word' id='word_1_109' title='bbox 1225 1130 1268 1157; x_wconf 90' lang='lat' dir='ltr'><strong>os</strong></span> 
     </span>
     <span class='ocr_line' id='line_1_16' title="bbox 238 1182 1268 1233; baseline -0.005 -10"><span class='ocrx_word' id='word_1_110' title='bbox 238 1197 391 1233; x_wconf 74' lang='lat' dir='ltr'><strong>meum,</strong></span> <span class='ocrx_word' id='word_1_111' title='bbox 417 1201 433 1218; x_wconf 82' lang='grc' dir='ltr'><strong>υ</strong></span> <span class='ocrx_word' id='word_1_112' title='bbox 456 1186 510 1223; x_wconf 89' lang='lat' dir='ltr'><strong>sic</strong></span> <span class='ocrx_word' id='word_1_113' title='bbox 529 1195 611 1223; x_wconf 91' lang='lat' dir='ltr'><strong>non</strong></span> <span class='ocrx_word' id='word_1_114' title='bbox 631 1185 804 1233; x_wconf 88' lang='lat' dir='ltr'><strong>aperitur</strong></span> <span class='ocrx_word' id='word_1_115' title='bbox 826 1195 869 1222; x_wconf 90' lang='lat' dir='ltr'><strong>os</strong></span> <span class='ocrx_word' id='word_1_116' title='bbox 896 1186 1033 1221; x_wconf 87' lang='lat' dir='ltr'><strong>contra</strong></span> <span class='ocrx_word' id='word_1_117' title='bbox 1059 1182 1268 1230; x_wconf 74' lang='lat' dir='ltr'><strong>injuriosos</strong></span> 
     </span>
     <span class='ocr_line' id='line_1_17' title="bbox 239 1246 744 1296; baseline -0.004 -11"><span class='ocrx_word' id='word_1_118' title='bbox 239 1247 467 1296; x_wconf 82' lang='lat' dir='ltr'><strong>insipientiae</strong></span> <span class='ocrx_word' id='word_1_119' title='bbox 488 1246 744 1296; x_wconf 81' lang='lat' dir='ltr'><strong>proferendae.</strong></span> 
     </span>
    </p>
   </div>
   <div class='ocr_carea' id='block_1_3' title="bbox 557 1350 950 1388">
    <p class='ocr_par' dir='ltr' id='par_1_3' title="bbox 557 1350 950 1388">
     <span class='ocr_line' id='line_1_18' title="bbox 557 1350 950 1388; baseline -0.005 0"><span class='ocrx_word' id='word_1_120' title='bbox 557 1352 739 1388; x_wconf 80' lang='lat' dir='ltr'><strong>Articulus</strong></span> <span class='ocrx_word' id='word_1_121' title='bbox 765 1360 865 1387; x_wconf 77' lang='lat' dir='ltr'><strong>secun</strong></span> <span class='ocrx_word' id='word_1_122' title='bbox 871 1350 950 1386; x_wconf 75' lang='lat' dir='ltr'><strong>dus,</strong></span> 
     </span>
    </p>
   </div>
   <div class='ocr_carea' id='block_1_4' title="bbox 237 1431 1279 3157">
    <p class='ocr_par' dir='ltr' id='par_1_4' title="bbox 237 1431 1279 3157">
     <span class='ocr_line' id='line_1_19' title="bbox 286 1431 1264 1482; baseline -0.004 -12"><span class='ocrx_word' id='word_1_123' title='bbox 286 1436 577 1472; x_wconf 87' lang='lat' dir='ltr'><strong>Demonstratur</strong></span> <span class='ocrx_word' id='word_1_124' title='bbox 596 1434 730 1482; x_wconf 82' lang='lat' dir='ltr'><strong>utique</strong></span> <span class='ocrx_word' id='word_1_125' title='bbox 751 1432 1021 1480; x_wconf 87' lang='lat' dir='ltr'><strong>magisterium</strong></span> <span class='ocrx_word' id='word_1_126' title='bbox 1047 1431 1264 1479; x_wconf 78' lang='lat' dir='ltr'><strong>spirituale,</strong></span> 
     </span>
     <span class='ocr_line' id='line_1_20' title="bbox 239 1494 1266 1542; baseline -0.005 -9"><span class='ocrx_word' id='word_1_127' title='bbox 239 1507 329 1533; x_wconf 90' lang='lat' dir='ltr'><strong>cum</strong></span> <span class='ocrx_word' id='word_1_128' title='bbox 359 1496 517 1533; x_wconf 79' lang='lat' dir='ltr'><strong>additur</strong></span> <span class='ocrx_word' id='word_1_129' title='bbox 544 1507 554 1533; x_wconf 73' lang='grc' dir='ltr'><strong><em>ι</em></strong></span> <span class='ocrx_word' id='word_1_130' title='bbox 587 1498 633 1533; x_wconf 79' lang='lat' dir='ltr'><strong>Et</strong></span> <span class='ocrx_word' id='word_1_131' title='bbox 663 1497 807 1532; x_wconf 74' lang='lat' dir='ltr'><strong>attraoez&#39;</strong></span> <span class='ocrx_word' id='word_1_132' title='bbox 836 1496 1022 1542; x_wconf 73' lang='lat' dir='ltr'><strong>spiritum.</strong></span> <span class='ocrx_word' id='word_1_133' title='bbox 1056 1494 1112 1530; x_wconf 88' lang='lat' dir='ltr'><strong>Ut.</strong></span> <span class='ocrx_word' id='word_1_134' title='bbox 1135 1495 1266 1530; x_wconf 87' lang='lat' dir='ltr'><strong>autem</strong></span> 
     </span>
     <span class='ocr_line' id='line_1_21' title="bbox 237 1555 1268 1604; baseline -0.004 -10"><span class='ocrx_word' id='word_1_135' title='bbox 237 1558 374 1595; x_wconf 86' lang='lat' dir='ltr'><strong>videas</strong></span> <span class='ocrx_word' id='word_1_136' title='bbox 401 1558 543 1596; x_wconf 89' lang='lat' dir='ltr'><strong>clarius</strong></span> <span class='ocrx_word' id='word_1_137' title='bbox 568 1560 772 1596; x_wconf 87' lang='lat' dir='ltr'><strong>attractum</strong></span> <span class='ocrx_word' id='word_1_138' title='bbox 798 1557 915 1604; x_wconf 85' lang='lat' dir='ltr'><strong>hujus</strong></span> <span class='ocrx_word' id='word_1_139' title='bbox 940 1556 1118 1604; x_wconf 79' lang='lat' dir='ltr'><strong>spiritus,</strong></span> <span class='ocrx_word' id='word_1_140' title='bbox 1146 1555 1268 1592; x_wconf 85' lang='lat' dir='ltr'><strong>debes</strong></span> 
     </span>
     <span class='ocr_line' id='line_1_22' title="bbox 240 1618 1269 1669; baseline -0.005 -11"><span class='ocrx_word' id='word_1_141' title='bbox 240 1621 570 1668; x_wconf 77' lang='lat' dir='ltr'><strong>animadvertere,</strong></span> <span class='ocrx_word' id='word_1_142' title='bbox 593 1620 703 1669; x_wconf 76' lang='lat' dir='ltr'><strong>quod</strong></span> <span class='ocrx_word' id='word_1_143' title='bbox 732 1622 787 1657; x_wconf 88' lang='lat' dir='ltr'><strong>est</strong></span> <span class='ocrx_word' id='word_1_144' title='bbox 816 1619 971 1668; x_wconf 85' lang='lat' dir='ltr'><strong>spiritus</strong></span> <span class='ocrx_word' id='word_1_145' title='bbox 1004 1618 1269 1665; x_wconf 72' lang='lat' dir='ltr'><strong>intelligentise.</strong></span> 
     </span>
     <span class='ocr_line' id='line_1_23' title="bbox 240 1680 1269 1731; baseline -0.005 -10"><span class='ocrx_word' id='word_1_146' title='bbox 240 1685 513 1731; x_wconf 80' lang='lat' dir='ltr'><strong>incorporatus</strong></span> <span class='ocrx_word' id='word_1_147' title='bbox 536 1684 719 1721; x_wconf 62' lang='lat' dir='ltr'><strong>humanae</strong></span> <span class='ocrx_word' id='word_1_148' title='bbox 741 1684 945 1728; x_wconf 83' lang='lat' dir='ltr'><strong>creaturae,</strong></span> <span class='ocrx_word' id='word_1_149' title='bbox 968 1684 1003 1718; x_wconf 91' lang='lat' dir='ltr'><strong>et</strong></span> <span class='ocrx_word' id='word_1_150' title='bbox 1029 1684 1084 1717; x_wconf 89' lang='lat' dir='ltr'><strong>est</strong></span> <span class='ocrx_word' id='word_1_151' title='bbox 1111 1680 1269 1728; x_wconf 88' lang='lat' dir='ltr'><strong>spiritus</strong></span> 
     </span>
     <span class='ocr_line' id='line_1_24' title="bbox 240 1744 1266 1794; baseline -0.005 -10"><span class='ocrx_word' id='word_1_152' title='bbox 240 1746 504 1794; x_wconf 78' lang='lat' dir='ltr'><strong>intelligentiae</strong></span> <span class='ocrx_word' id='word_1_153' title='bbox 547 1746 820 1794; x_wconf 81' lang='lat' dir='ltr'><strong>incorporatus</strong></span> <span class='ocrx_word' id='word_1_154' title='bbox 865 1745 1007 1781; x_wconf 61' lang='lat' dir='ltr'><strong>dix-inre</strong></span> <span class='ocrx_word' id='word_1_155' title='bbox 1054 1744 1266 1791; x_wconf 75' lang='lat' dir='ltr'><strong>scripturae.</strong></span> 
     </span>
     <span class='ocr_line' id='line_1_25' title="bbox 241 1805 1272 1857; baseline -0.005 -11"><span class='ocrx_word' id='word_1_156' title='bbox 241 1809 316 1847; x_wconf 90' lang='lat' dir='ltr'><strong>Sed</strong></span> <span class='ocrx_word' id='word_1_157' title='bbox 336 1809 405 1846; x_wconf 85' lang='lat' dir='ltr'><strong>iste</strong></span> <span class='ocrx_word' id='word_1_158' title='bbox 425 1808 583 1857; x_wconf 91' lang='lat' dir='ltr'><strong>spiritus</strong></span> <span class='ocrx_word' id='word_1_159' title='bbox 609 1810 664 1845; x_wconf 90' lang='lat' dir='ltr'><strong>est</strong></span> <span class='ocrx_word' id='word_1_160' title='bbox 689 1810 776 1845; x_wconf 88' lang='lat' dir='ltr'><strong>ante</strong></span> <span class='ocrx_word' id='word_1_161' title='bbox 801 1807 1081 1844; x_wconf 74' lang='lat' dir='ltr'><strong>revelationem</strong></span> <span class='ocrx_word' id='word_1_162' title='bbox 1107 1805 1272 1854; x_wconf 85' lang='lat' dir='ltr'><strong>implici—</strong></span> 
     </span>
     <span class='ocr_line' id='line_1_26' title="bbox 242 1867 1271 1919; baseline -0.005 -11"><span class='ocrx_word' id='word_1_163' title='bbox 242 1874 321 1917; x_wconf 77' lang='lat' dir='ltr'><strong>tus,</strong></span> <span class='ocrx_word' id='word_1_164' title='bbox 345 1874 435 1919; x_wconf 89' lang='lat' dir='ltr'><strong>post</strong></span> <span class='ocrx_word' id='word_1_165' title='bbox 460 1871 742 1908; x_wconf 83' lang='lat' dir='ltr'><strong>revelationem</strong></span> <span class='ocrx_word' id='word_1_166' title='bbox 769 1869 984 1918; x_wconf 80' lang='lat' dir='ltr'><strong>explicitus.</strong></span> <span class='ocrx_word' id='word_1_167' title='bbox 1018 1870 1126 1906; x_wconf 79' lang='lat' dir='ltr'><strong>Hunc</strong></span> <span class='ocrx_word' id='word_1_168' title='bbox 1155 1867 1271 1914; x_wconf 87' lang='lat' dir='ltr'><strong>igitur</strong></span> 
     </span>
     <span class='ocr_line' id='line_1_27' title="bbox 243 1931 1271 1982; baseline -0.004 -12"><span class='ocrx_word' id='word_1_169' title='bbox 243 1934 422 1982; x_wconf 91' lang='lat' dir='ltr'><strong>spiritum</strong></span> <span class='ocrx_word' id='word_1_170' title='bbox 455 1932 610 1970; x_wconf 87' lang='lat' dir='ltr'><strong>attrahit</strong></span> <span class='ocrx_word' id='word_1_171' title='bbox 639 1932 836 1968; x_wconf 89' lang='lat' dir='ltr'><strong>humanus</strong></span> <span class='ocrx_word' id='word_1_172' title='bbox 871 1931 1045 1979; x_wconf 87' lang='lat' dir='ltr'><strong>spiritus,</strong></span> <span class='ocrx_word' id='word_1_173' title='bbox 1081 1933 1271 1977; x_wconf 86' lang='lat' dir='ltr'><strong>tauquam</strong></span> 
     </span>
     <span class='ocr_line' id='line_1_28' title="bbox 244 1991 1271 2042; baseline -0.004 -10"><span class='ocrx_word' id='word_1_174' title='bbox 244 1996 294 2032; x_wconf 85' lang='lat' dir='ltr'><strong>ab</strong></span> <span class='ocrx_word' id='word_1_175' title='bbox 326 1994 501 2032; x_wconf 88' lang='lat' dir='ltr'><strong>interiori</strong></span> <span class='ocrx_word' id='word_1_176' title='bbox 537 1994 724 2040; x_wconf 84' lang='lat' dir='ltr'><strong>exterius,</strong></span> <span class='ocrx_word' id='word_1_177' title='bbox 758 1993 1044 2042; x_wconf 88' lang='lat' dir='ltr'><strong>supplicando,</strong></span> <span class='ocrx_word' id='word_1_178' title='bbox 1080 1991 1190 2039; x_wconf 83' lang='lat' dir='ltr'><strong>quod</strong></span> <span class='ocrx_word' id='word_1_179' title='bbox 1224 2001 1271 2028; x_wconf 82' lang='lat' dir='ltr'><strong>cx</strong></span> 
     </span>
     <span class='ocr_line' id='line_1_29' title="bbox 245 2054 1273 2105; baseline -0.004 -11"><span class='ocrx_word' id='word_1_180' title='bbox 245 2057 433 2105; x_wconf 89' lang='lat' dir='ltr'><strong>implicito</strong></span> <span class='ocrx_word' id='word_1_181' title='bbox 451 2056 520 2093; x_wconf 86' lang='lat' dir='ltr'><strong>fiat</strong></span> <span class='ocrx_word' id='word_1_182' title='bbox 540 2056 755 2104; x_wconf 81' lang='lat' dir='ltr'><strong>explicitus.</strong></span> <span class='ocrx_word' id='word_1_183' title='bbox 774 2055 999 2093; x_wconf 83' lang='lat' dir='ltr'><strong>Notandum</strong></span> <span class='ocrx_word' id='word_1_184' title='bbox 1018 2054 1149 2102; x_wconf 77' lang='lat' dir='ltr'><strong>itaque</strong></span> <span class='ocrx_word' id='word_1_185' title='bbox 1170 2054 1273 2090; x_wconf 88' lang='lat' dir='ltr'><strong>circa</strong></span> 
     </span>
     <span class='ocr_line' id='line_1_30' title="bbox 245 2116 1271 2167; baseline -0.003 -12"><span class='ocrx_word' id='word_1_186' title='bbox 245 2119 423 2167; x_wconf 85' lang='lat' dir='ltr'><strong>spiritum</strong></span> <span class='ocrx_word' id='word_1_187' title='bbox 441 2118 726 2166; x_wconf 71' lang='lat' dir='ltr'><strong>intelligentiae,</strong></span> <span class='ocrx_word' id='word_1_188' title='bbox 749 2117 861 2165; x_wconf 87' lang='lat' dir='ltr'><strong>quod</strong></span> <span class='ocrx_word' id='word_1_189' title='bbox 881 2120 936 2154; x_wconf 89' lang='lat' dir='ltr'><strong>est</strong></span> <span class='ocrx_word' id='word_1_190' title='bbox 954 2116 1110 2165; x_wconf 85' lang='lat' dir='ltr'><strong>spiritus</strong></span> <span class='ocrx_word' id='word_1_191' title='bbox 1131 2119 1271 2153; x_wconf 87' lang='lat' dir='ltr'><strong>attrac-</strong></span> 
     </span>
     <span class='ocr_line' id='line_1_31' title="bbox 246 2178 1270 2229; baseline -0.006 -11"><span class='ocrx_word' id='word_1_192' title='bbox 246 2182 359 2228; x_wconf 82' lang='lat' dir='ltr'><strong>tivus,</strong></span> <span class='ocrx_word' id='word_1_193' title='bbox 377 2180 533 2229; x_wconf 88' lang='lat' dir='ltr'><strong>spiritus</strong></span> <span class='ocrx_word' id='word_1_194' title='bbox 553 2179 821 2226; x_wconf 84' lang='lat' dir='ltr'><strong>attrahendus,</strong></span> <span class='ocrx_word' id='word_1_195' title='bbox 841 2182 877 2216; x_wconf 89' lang='lat' dir='ltr'><strong>et</strong></span> <span class='ocrx_word' id='word_1_196' title='bbox 898 2178 1054 2227; x_wconf 85' lang='lat' dir='ltr'><strong>spiritus</strong></span> <span class='ocrx_word' id='word_1_197' title='bbox 1075 2180 1270 2216; x_wconf 86' lang='lat' dir='ltr'><strong>attractus.</strong></span> 
     </span>
     <span class='ocr_line' id='line_1_32' title="bbox 245 2240 1274 2291; baseline -0.006 -10"><span class='ocrx_word' id='word_1_198' title='bbox 245 2244 303 2281; x_wconf 83' lang='lat' dir='ltr'><strong>Ad</strong></span> <span class='ocrx_word' id='word_1_199' title='bbox 328 2243 572 2282; x_wconf 88' lang='lat' dir='ltr'><strong>attractivum</strong></span> <span class='ocrx_word' id='word_1_200' title='bbox 599 2243 766 2291; x_wconf 86' lang='lat' dir='ltr'><strong>pertinet</strong></span> <span class='ocrx_word' id='word_1_201' title='bbox 793 2241 1054 2289; x_wconf 82' lang='lat' dir='ltr'><strong>supplicati03</strong></span> <span class='ocrx_word' id='word_1_202' title='bbox 1084 2240 1135 2277; x_wconf 91' lang='lat' dir='ltr'><strong>ad</strong></span> <span class='ocrx_word' id='word_1_203' title='bbox 1163 2242 1274 2276; x_wconf 88' lang='lat' dir='ltr'><strong>attra-</strong></span> 
     </span>
     <span class='ocr_line' id='line_1_33' title="bbox 245 2302 1273 2353; baseline -0.004 -11"><span class='ocrx_word' id='word_1_204' title='bbox 245 2305 444 2350; x_wconf 85' lang='lat' dir='ltr'><strong>hendum,</strong></span> <span class='ocrx_word' id='word_1_205' title='bbox 464 2304 679 2353; x_wconf 86' lang='lat' dir='ltr'><strong>implicatio</strong></span> <span class='ocrx_word' id='word_1_206' title='bbox 695 2332 707 2349; x_wconf 90' lang='lat'><strong>,</strong></span> <span class='ocrx_word' id='word_1_207' title='bbox 727 2304 779 2341; x_wconf 89' lang='lat' dir='ltr'><strong>ad</strong></span> <span class='ocrx_word' id='word_1_208' title='bbox 805 2305 1027 2349; x_wconf 88' lang='lat' dir='ltr'><strong>attractum,</strong></span> <span class='ocrx_word' id='word_1_209' title='bbox 1050 2302 1273 2349; x_wconf 75' lang='lat' dir='ltr'><strong>explicatio.</strong></span> 
     </span>
     <span class='ocr_line' id='line_1_34' title="bbox 248 2364 1275 2415; baseline -0.004 -12"><span class='ocrx_word' id='word_1_210' title='bbox 248 2370 297 2404; x_wconf 88' lang='lat' dir='ltr'><strong>De</strong></span> <span class='ocrx_word' id='word_1_211' title='bbox 316 2367 446 2415; x_wconf 91' lang='lat' dir='ltr'><strong>primo</strong></span> <span class='ocrx_word' id='word_1_212' title='bbox 465 2366 479 2388; x_wconf 70' lang='lat'>⁸</span> <span class='ocrx_word' id='word_1_213' title='bbox 502 2378 511 2404; x_wconf 90' lang='lat'>:</span> <span class='ocrx_word' id='word_1_214' title='bbox 536 2379 554 2400; x_wconf 76' lang='grc' dir='ltr'>α</span> <span class='ocrx_word' id='word_1_215' title='bbox 573 2366 814 2411; x_wconf 86' lang='lat' dir='ltr'><strong>Doctrinam,</strong></span> <span class='ocrx_word' id='word_1_216' title='bbox 837 2376 914 2413; x_wconf 83' lang='lat' dir='ltr'><strong>qua</strong></span> <span class='ocrx_word' id='word_1_217' title='bbox 934 2375 997 2402; x_wconf 88' lang='lat' dir='ltr'><strong>me</strong></span> <span class='ocrx_word' id='word_1_218' title='bbox 1026 2364 1176 2411; x_wconf 81' lang='lat' dir='ltr'><strong>arguis,</strong></span> <span class='ocrx_word' id='word_1_219' title='bbox 1206 2374 1275 2400; x_wconf 88' lang='lat' dir='ltr'><strong>au-</strong></span> 
     </span>
     <span class='ocr_line' id='line_1_35' title="bbox 248 2425 1276 2477; baseline -0.005 -11"><span class='ocrx_word' id='word_1_220' title='bbox 248 2429 369 2475; x_wconf 84' lang='lat' dir='ltr'><strong>diam,</strong></span> <span class='ocrx_word' id='word_1_221' title='bbox 391 2431 428 2466; x_wconf 88' lang='lat' dir='ltr'><strong>et</strong></span> <span class='ocrx_word' id='word_1_222' title='bbox 445 2428 602 2477; x_wconf 90' lang='lat' dir='ltr'><strong>spiritus</strong></span> <span class='ocrx_word' id='word_1_223' title='bbox 621 2427 884 2474; x_wconf 78' lang='lat' dir='ltr'><strong>intelligentiae</strong></span> <span class='ocrx_word' id='word_1_224' title='bbox 903 2437 1000 2464; x_wconf 75' lang='lat' dir='ltr'><strong>meae</strong></span> <span class='ocrx_word' id='word_1_225' title='bbox 1019 2425 1276 2474; x_wconf 78' lang='lat' dir='ltr'><strong>respondebit</strong></span> 
     </span>
     <span class='ocr_line' id='line_1_36' title="bbox 247 2487 1273 2538; baseline -0.004 -11"><span class='ocrx_word' id='word_1_226' title='bbox 247 2491 344 2527; x_wconf 86' lang='lat' dir='ltr'><strong>mihi</strong></span> <span class='ocrx_word' id='word_1_227' title='bbox 370 2502 379 2526; x_wconf 93' lang='lat'>:</span> <span class='ocrx_word' id='word_1_228' title='bbox 402 2504 419 2525; x_wconf 71' lang='lat' dir='ltr'>n</span> <span class='ocrx_word' id='word_1_229' title='bbox 447 2501 536 2528; x_wconf 89' lang='lat' dir='ltr'><strong>ecce</strong></span> <span class='ocrx_word' id='word_1_230' title='bbox 561 2489 717 2538; x_wconf 88' lang='lat' dir='ltr'><strong>spiritus</strong></span> <span class='ocrx_word' id='word_1_231' title='bbox 746 2489 1009 2535; x_wconf 65' lang='lat' dir='ltr'><strong>intelligentiae</strong></span> <span class='ocrx_word' id='word_1_232' title='bbox 1037 2487 1273 2525; x_wconf 83' lang='lat' dir='ltr'><strong>attractivus.</strong></span> 
     </span>
     <span class='ocr_line' id='line_1_37' title="bbox 250 2550 1277 2590; baseline -0.004 -1"><span class='ocrx_word' id='word_1_233' title='bbox 250 2555 300 2589; x_wconf 88' lang='lat' dir='ltr'><strong>De</strong></span> <span class='ocrx_word' id='word_1_234' title='bbox 314 2552 488 2590; x_wconf 86' lang='lat' dir='ltr'><strong>secundo</strong></span> <span class='ocrx_word' id='word_1_235' title='bbox 507 2553 520 2574; x_wconf 78' lang='lat'>⁵</span> <span class='ocrx_word' id='word_1_236' title='bbox 543 2565 551 2589; x_wconf 92' lang='lat'>:</span> <span class='ocrx_word' id='word_1_237' title='bbox 578 2565 595 2586; x_wconf 89' lang='lat'>«</span> <span class='ocrx_word' id='word_1_238' title='bbox 615 2552 798 2589; x_wconf 91' lang='lat' dir='ltr'><strong>Omnium</strong></span> <span class='ocrx_word' id='word_1_239' title='bbox 819 2551 953 2588; x_wconf 66' lang='lat' dir='ltr'><strong>artifex</strong></span> <span class='ocrx_word' id='word_1_240' title='bbox 977 2550 1111 2587; x_wconf 79' lang='lat' dir='ltr'><strong>docuit</strong></span> <span class='ocrx_word' id='word_1_241' title='bbox 1130 2561 1192 2586; x_wconf 85' lang='lat' dir='ltr'><strong>mc</strong></span> <span class='ocrx_word' id='word_1_242' title='bbox 1219 2560 1277 2586; x_wconf 83' lang='lat' dir='ltr'><strong>sa-</strong></span> 
     </span>
     <span class='ocr_line' id='line_1_38' title="bbox 249 2611 1278 2662; baseline -0.003 -11"><span class='ocrx_word' id='word_1_243' title='bbox 249 2615 419 2662; x_wconf 86' lang='lat' dir='ltr'><strong>pientia3</strong></span> <span class='ocrx_word' id='word_1_244' title='bbox 451 2616 507 2652; x_wconf 90' lang='lat' dir='ltr'><strong>est</strong></span> <span class='ocrx_word' id='word_1_245' title='bbox 537 2615 643 2651; x_wconf 88' lang='lat' dir='ltr'><strong>enim</strong></span> <span class='ocrx_word' id='word_1_246' title='bbox 668 2615 709 2650; x_wconf 90' lang='lat' dir='ltr'><strong>in</strong></span> <span class='ocrx_word' id='word_1_247' title='bbox 734 2614 803 2650; x_wconf 86' lang='lat' dir='ltr'><strong>illa</strong></span> <span class='ocrx_word' id='word_1_248' title='bbox 831 2613 986 2661; x_wconf 83' lang='lat' dir='ltr'><strong>spiritus</strong></span> <span class='ocrx_word' id='word_1_249' title='bbox 1012 2611 1278 2658; x_wconf 62' lang='lat' dir='ltr'><strong>intelligentiae</strong></span> 
     </span>
     <span class='ocr_line' id='line_1_39' title="bbox 251 2674 1276 2724; baseline -0.002 -12"><span class='ocrx_word' id='word_1_250' title='bbox 251 2679 428 2723; x_wconf 82' lang='lat' dir='ltr'><strong>sanctus,</strong></span> <span class='ocrx_word' id='word_1_251' title='bbox 446 2676 606 2723; x_wconf 82' lang='lat' dir='ltr'><strong>unicus,</strong></span> <span class='ocrx_word' id='word_1_252' title='bbox 628 2675 833 2724; x_wconf 75' lang='lat' dir='ltr'><strong>multiplex</strong></span> <span class='ocrx_word' id='word_1_253' title='bbox 863 2687 870 2711; x_wconf 93' lang='lat'>:</span> <span class='ocrx_word' id='word_1_254' title='bbox 894 2688 912 2710; x_wconf 84' lang='lat'>»</span> <span class='ocrx_word' id='word_1_255' title='bbox 937 2685 1024 2711; x_wconf 84' lang='lat' dir='ltr'><strong>ecce</strong></span> <span class='ocrx_word' id='word_1_256' title='bbox 1046 2674 1201 2722; x_wconf 85' lang='lat' dir='ltr'><strong>spiritus</strong></span> <span class='ocrx_word' id='word_1_257' title='bbox 1223 2674 1276 2710; x_wconf 90' lang='lat' dir='ltr'><strong>in-</strong></span> 
     </span>
     <span class='ocr_line' id='line_1_40' title="bbox 252 2736 1276 2786; baseline -0.003 -11"><span class='ocrx_word' id='word_1_258' title='bbox 252 2738 473 2785; x_wconf 82' lang='lat' dir='ltr'><strong>telligentiae</strong></span> <span class='ocrx_word' id='word_1_259' title='bbox 492 2739 542 2775; x_wconf 92' lang='lat' dir='ltr'><strong>de</strong></span> <span class='ocrx_word' id='word_1_260' title='bbox 561 2738 760 2786; x_wconf 84' lang='lat' dir='ltr'><strong>profundo</strong></span> <span class='ocrx_word' id='word_1_261' title='bbox 787 2736 985 2785; x_wconf 85' lang='lat' dir='ltr'><strong>sapientiae</strong></span> <span class='ocrx_word' id='word_1_262' title='bbox 1010 2736 1276 2773; x_wconf 74' lang='lat' dir='ltr'><strong>attrahendus.</strong></span> 
     </span>
     <span class='ocr_line' id='line_1_41' title="bbox 254 2799 1279 2848; baseline -0.001 -13"><span class='ocrx_word' id='word_1_263' title='bbox 254 2802 302 2836; x_wconf 88' lang='lat' dir='ltr'><strong>De</strong></span> <span class='ocrx_word' id='word_1_264' title='bbox 322 2800 435 2837; x_wconf 86' lang='lat' dir='ltr'><strong>tertio</strong></span> <span class='ocrx_word' id='word_1_265' title='bbox 459 2802 472 2822; x_wconf 79' lang='lat'><strong>⁶</strong></span> <span class='ocrx_word' id='word_1_266' title='bbox 495 2813 503 2836; x_wconf 91' lang='lat'>:</span> <span class='ocrx_word' id='word_1_267' title='bbox 531 2812 548 2834; x_wconf 77' lang='grc' dir='ltr'><strong>ι(</strong></span> <span class='ocrx_word' id='word_1_268' title='bbox 567 2800 721 2848; x_wconf 79' lang='lat' dir='ltr'><strong>Aperiet</strong></span> <span class='ocrx_word' id='word_1_269' title='bbox 747 2810 790 2836; x_wconf 89' lang='lat' dir='ltr'><strong>os</strong></span> <span class='ocrx_word' id='word_1_270' title='bbox 817 2810 931 2836; x_wconf 90' lang='lat' dir='ltr'><strong>suum</strong></span> <span class='ocrx_word' id='word_1_271' title='bbox 958 2800 999 2835; x_wconf 87' lang='lat' dir='ltr'><strong>in</strong></span> <span class='ocrx_word' id='word_1_272' title='bbox 1025 2799 1220 2843; x_wconf 77' lang='lat' dir='ltr'><strong>oratione,</strong></span> <span class='ocrx_word' id='word_1_273' title='bbox 1244 2801 1279 2835; x_wconf 88' lang='lat' dir='ltr'><strong>ct</strong></span> 
     </span>
     <span class='ocr_line' id='line_1_42' title="bbox 253 2861 1277 2909; baseline -0.002 -11"><span class='ocrx_word' id='word_1_274' title='bbox 253 2872 325 2909; x_wconf 83' lang='lat' dir='ltr'><strong>pro</strong></span> <span class='ocrx_word' id='word_1_275' title='bbox 348 2861 498 2898; x_wconf 85' lang='lat' dir='ltr'><strong>delictis</strong></span> <span class='ocrx_word' id='word_1_276' title='bbox 522 2862 601 2898; x_wconf 90' lang='lat' dir='ltr'><strong>suis</strong></span> <span class='ocrx_word' id='word_1_277' title='bbox 627 2861 914 2909; x_wconf 78' lang='lat' dir='ltr'><strong>deprecabitur.</strong></span> <span class='ocrx_word' id='word_1_278' title='bbox 946 2862 979 2898; x_wconf 88' lang='lat' dir='ltr'><strong>Si</strong></span> <span class='ocrx_word' id='word_1_279' title='bbox 1015 2861 1119 2897; x_wconf 88' lang='lat' dir='ltr'><strong>enim</strong></span> <span class='ocrx_word' id='word_1_280' title='bbox 1150 2861 1277 2897; x_wconf 84' lang='lat' dir='ltr'><strong>Domi-</strong></span> 
     </span>
     <span class='ocr_line' id='line_1_43' title="bbox 251 2924 1278 2972; baseline 0 -12"><span class='ocrx_word' id='word_1_281' title='bbox 251 2935 325 2960; x_wconf 87' lang='lat' dir='ltr'><strong>nus</strong></span> <span class='ocrx_word' id='word_1_282' title='bbox 355 2934 524 2971; x_wconf 86' lang='lat' dir='ltr'><strong>magnus</strong></span> <span class='ocrx_word' id='word_1_283' title='bbox 548 2924 736 2970; x_wconf 87' lang='lat' dir='ltr'><strong>voluerit,</strong></span> <span class='ocrx_word' id='word_1_284' title='bbox 764 2925 902 2972; x_wconf 85' lang='lat' dir='ltr'><strong>spiritu</strong></span> <span class='ocrx_word' id='word_1_285' title='bbox 930 2924 1192 2970; x_wconf 75' lang='lat' dir='ltr'><strong>intelligentiae</strong></span> <span class='ocrx_word' id='word_1_286' title='bbox 1219 2935 1278 2961; x_wconf 86' lang='lat' dir='ltr'><strong>re-</strong></span> 
     </span>
     <span class='ocr_line' id='line_1_44' title="bbox 252 2985 1279 3033; baseline 0 -11"><span class='ocrx_word' id='word_1_287' title='bbox 252 2985 377 3033; x_wconf 89' lang='lat' dir='ltr'><strong>plebit</strong></span> <span class='ocrx_word' id='word_1_288' title='bbox 405 2985 544 3031; x_wconf 89' lang='lat' dir='ltr'><strong>illum,</strong></span> <span class='ocrx_word' id='word_1_289' title='bbox 576 2987 612 3021; x_wconf 90' lang='lat' dir='ltr'><strong>et</strong></span> <span class='ocrx_word' id='word_1_290' title='bbox 643 2985 726 3032; x_wconf 85' lang='lat' dir='ltr'><strong>ipse</strong></span> <span class='ocrx_word' id='word_1_291' title='bbox 757 2988 945 3033; x_wconf 78' lang='lat' dir='ltr'><strong>tanquam</strong></span> <span class='ocrx_word' id='word_1_292' title='bbox 976 2986 1122 3022; x_wconf 79' lang='lat' dir='ltr'><strong>imbres</strong></span> <span class='ocrx_word' id='word_1_293' title='bbox 1156 2986 1279 3022; x_wconf 87' lang='lat' dir='ltr'><strong>mittet</strong></span> 
     </span>
     <span class='ocr_line' id='line_1_45' title="bbox 253 3046 1279 3095; baseline 0 -11"><span class='ocrx_word' id='word_1_294' title='bbox 253 3047 412 3095; x_wconf 84' lang='lat' dir='ltr'><strong>eloquia</strong></span> <span class='ocrx_word' id='word_1_295' title='bbox 435 3046 634 3095; x_wconf 83' lang='lat' dir='ltr'><strong>sapientiae</strong></span> <span class='ocrx_word' id='word_1_296' title='bbox 662 3057 742 3083; x_wconf 82' lang='lat' dir='ltr'><strong>suae</strong></span> <span class='ocrx_word' id='word_1_297' title='bbox 766 3059 774 3083; x_wconf 91' lang='lat'>:</span> <span class='ocrx_word' id='word_1_298' title='bbox 799 3061 816 3080; x_wconf 75' lang='grc' dir='ltr'><strong>ιι</strong></span> <span class='ocrx_word' id='word_1_299' title='bbox 844 3058 931 3084; x_wconf 85' lang='lat' dir='ltr'><strong>ecce</strong></span> <span class='ocrx_word' id='word_1_300' title='bbox 957 3047 1113 3095; x_wconf 83' lang='lat' dir='ltr'><strong>spiritus</strong></span> <span class='ocrx_word' id='word_1_301' title='bbox 1141 3047 1279 3085; x_wconf 85' lang='lat' dir='ltr'><strong>intelli-</strong></span> 
     </span>
     <span class='ocr_line' id='line_1_46' title="bbox 253 3110 604 3157; baseline -0.003 -11"><span class='ocrx_word' id='word_1_302' title='bbox 253 3110 390 3157; x_wconf 82' lang='lat' dir='ltr'><strong>gentiae</strong></span> <span class='ocrx_word' id='word_1_303' title='bbox 409 3111 604 3147; x_wconf 88' lang='lat' dir='ltr'><strong>attractus.</strong></span> 
     </span>
    </p>
   </div>
   <div class='ocr_carea' id='block_1_5' title="bbox 584 3216 949 3252">
    <p class='ocr_par' dir='ltr' id='par_1_5' title="bbox 584 3216 949 3252">
     <span class='ocr_line' id='line_1_47' title="bbox 584 3216 949 3252; baseline -0.005 -1"><span class='ocrx_word' id='word_1_304' title='bbox 584 3216 772 3252; x_wconf 78' lang='lat' dir='ltr'><strong>Articulus</strong></span> <span class='ocrx_word' id='word_1_305' title='bbox 809 3216 949 3250; x_wconf 79' lang='lat' dir='ltr'><strong>tertius.</strong></span> 
     </span>
    </p>
   </div>
   <div class='ocr_carea' id='block_1_6' title="bbox 255 3295 1282 3407">
    <p class='ocr_par' dir='ltr' id='par_1_6' title="bbox 255 3295 1282 3407">
     <span class='ocr_line' id='line_1_48' title="bbox 305 3295 1282 3346; baseline -0.002 -10"><span class='ocrx_word' id='word_1_306' title='bbox 305 3300 594 3336; x_wconf 83' lang='lat' dir='ltr'><strong>Demonstratur</strong></span> <span class='ocrx_word' id='word_1_307' title='bbox 624 3308 785 3346; x_wconf 84' lang='lat' dir='ltr'><strong>quoque</strong></span> <span class='ocrx_word' id='word_1_308' title='bbox 812 3295 1069 3334; x_wconf 87' lang='lat' dir='ltr'><strong>ministerium</strong></span> <span class='ocrx_word' id='word_1_309' title='bbox 1099 3306 1282 3334; x_wconf 65' lang='lat' dir='ltr'><strong>caeremo-</strong></span> 
     </span>
     <span class='ocr_line' id='line_1_49' title="bbox 255 3358 1282 3407; baseline -0.003 -9"><span class='ocrx_word' id='word_1_310' title='bbox 255 3361 383 3407; x_wconf 85' lang='lat' dir='ltr'><strong>niale,</strong></span> <span class='ocrx_word' id='word_1_311' title='bbox 411 3372 501 3398; x_wconf 92' lang='lat' dir='ltr'><strong>cum</strong></span> <span class='ocrx_word' id='word_1_312' title='bbox 529 3360 738 3398; x_wconf 88' lang='lat' dir='ltr'><strong>subditur:</strong></span> <span class='ocrx_word' id='word_1_313' title='bbox 764 3360 857 3403; x_wconf 76' lang='lat' dir='ltr'><strong>Quia</strong></span> <span class='ocrx_word' id='word_1_314' title='bbox 882 3358 1057 3395; x_wconf 75' lang='lat' dir='ltr'><strong>mandata</strong></span> <span class='ocrx_word' id='word_1_315' title='bbox 1085 3361 1159 3393; x_wconf 75' lang='lat' dir='ltr'><strong>tua.</strong></span> <span class='ocrx_word' id='word_1_316' title='bbox 1191 3359 1282 3402; x_wconf 80' lang='lat' dir='ltr'><strong>Quae</strong></span> 
     </span>
    </p>
   </div>
   <div class='ocr_carea' id='block_1_7' title="bbox 261 3442 1279 3531">
    <p class='ocr_par' dir='ltr' id='par_1_7' title="bbox 261 3442 1279 3531">
     <span class='ocr_line' id='line_1_50' title="bbox 301 3442 1279 3484; baseline -0.002 -9"><span class='ocrx_word' id='word_1_317' title='bbox 301 3445 311 3466; x_wconf 86' lang='lat'>¹</span> <span class='ocrx_word' id='word_1_318' title='bbox 339 3443 470 3483; x_wconf 64' lang='lat' dir='ltr'><strong>Ezech„</strong></span> <span class='ocrx_word' id='word_1_319' title='bbox 501 3452 565 3484; x_wconf 86' lang='lat'><strong>111,</strong></span> <span class='ocrx_word' id='word_1_320' title='bbox 592 3446 622 3476; x_wconf 76' lang='lat'><strong>2.</strong></span> <span class='ocrx_word' id='word_1_321' title='bbox 648 3461 688 3468; x_wconf 89' lang='lat'>—</span> <span class='ocrx_word' id='word_1_322' title='bbox 716 3444 726 3461; x_wconf 86' lang='lat'>²</span> <span class='ocrx_word' id='word_1_323' title='bbox 752 3442 843 3474; x_wconf 81' lang='lat' dir='ltr'><strong>Psal.</strong></span> <span class='ocrx_word' id='word_1_324' title='bbox 874 3449 1009 3482; x_wconf 74' lang='lat' dir='ltr'><strong>Lxxvn,</strong></span> <span class='ocrx_word' id='word_1_325' title='bbox 1035 3443 1065 3474; x_wconf 75' lang='lat'><strong>2.</strong></span> <span class='ocrx_word' id='word_1_326' title='bbox 1092 3459 1131 3465; x_wconf 95' lang='lat'><strong>—</strong></span> <span class='ocrx_word' id='word_1_327' title='bbox 1159 3442 1170 3461; x_wconf 81' lang='lat'>³</span> <span class='ocrx_word' id='word_1_328' title='bbox 1189 3442 1279 3474; x_wconf 76' lang='lat' dir='ltr'><strong>Psal.</strong></span> 
     </span>
     <span class='ocr_line' id='line_1_51' title="bbox 261 3490 1277 3531; baseline -0.001 -9"><span class='ocrx_word' id='word_1_329' title='bbox 261 3498 409 3528; x_wconf 51' lang='lat' dir='ltr'><strong>imvm,</strong></span> <span class='ocrx_word' id='word_1_330' title='bbox 440 3493 488 3523; x_wconf 79' lang='lat'><strong>10.</strong></span> <span class='ocrx_word' id='word_1_331' title='bbox 513 3508 553 3514; x_wconf 93' lang='lat'>—</span> <span class='ocrx_word' id='word_1_332' title='bbox 581 3492 588 3509; x_wconf 70' lang='lat'>⁶</span> <span class='ocrx_word' id='word_1_333' title='bbox 614 3490 684 3529; x_wconf 71' lang='lat' dir='ltr'><strong>lob,</strong></span> <span class='ocrx_word' id='word_1_334' title='bbox 712 3497 775 3531; x_wconf 69' lang='lat' dir='ltr'><strong>xx,</strong></span> <span class='ocrx_word' id='word_1_335' title='bbox 803 3492 835 3522; x_wconf 84' lang='lat'><strong>3.</strong></span> <span class='ocrx_word' id='word_1_336' title='bbox 854 3506 893 3513; x_wconf 91' lang='lat'>—</span> <span class='ocrx_word' id='word_1_337' title='bbox 925 3491 934 3509; x_wconf 75' lang='lat'><strong>&#39;³</strong></span> <span class='ocrx_word' id='word_1_338' title='bbox 964 3490 1056 3529; x_wconf 63' lang='lat' dir='ltr'><strong>Sem,</strong></span> <span class='ocrx_word' id='word_1_339' title='bbox 1083 3497 1149 3527; x_wconf 76' lang='lat' dir='ltr'><strong>vu,</strong></span> <span class='ocrx_word' id='word_1_340' title='bbox 1170 3491 1220 3522; x_wconf 68' lang='lat'><strong>22.</strong></span> <span class='ocrx_word' id='word_1_341' title='bbox 1245 3507 1277 3512; x_wconf 80' lang='lat'>—</span> 
     </span>
    </p>
   </div>
   <div class='ocr_carea' id='block_1_8' title="bbox 934 221 1674 266">
    <p class='ocr_par' dir='ltr' id='par_1_8' title="bbox 934 221 1674 266">
     <span class='ocr_line' id='line_1_52' title="bbox 934 221 1674 266; baseline -0.001 0"><span class='ocrx_word' id='word_1_342' title='bbox 934 223 1206 266; x_wconf 67' lang='lat' dir='ltr'><strong>Expostho</strong></span> <span class='ocrx_word' id='word_1_343' title='bbox 1241 221 1290 263; x_wconf 87' lang='grc' dir='ltr'><strong>ΙΝ</strong></span> <span class='ocrx_word' id='word_1_344' title='bbox 1323 222 1674 266; x_wconf 77' lang='lat' dir='ltr'><strong>PSALTERIUM.</strong></span> 
     </span>
    </p>
   </div>
   <div class='ocr_carea' id='block_1_9' title="bbox 1340 313 2415 1603">
    <p class='ocr_par' dir='ltr' id='par_1_9' title="bbox 1340 313 2415 1603">
     <span class='ocr_line' id='line_1_53' title="bbox 1340 313 2369 365; baseline 0.009 -16"><span class='ocrx_word' id='word_1_345' title='bbox 1340 313 1551 360; x_wconf 77' lang='lat' dir='ltr'><strong>mandata,</strong></span> <span class='ocrx_word' id='word_1_346' title='bbox 1593 313 1665 350; x_wconf 87' lang='lat' dir='ltr'><strong>nisi</strong></span> <span class='ocrx_word' id='word_1_347' title='bbox 1705 314 1991 351; x_wconf 80' lang='lat' dir='ltr'><strong>caeremonialia</strong></span> <span class='ocrx_word' id='word_1_348' title='bbox 2005 342 2017 360; x_wconf 90' lang='lat'><strong>,</strong></span> <span class='ocrx_word' id='word_1_349' title='bbox 2055 327 2122 353; x_wconf 87' lang='lat' dir='ltr'><strong>seu</strong></span> <span class='ocrx_word' id='word_1_350' title='bbox 2160 318 2369 365; x_wconf 79' lang='lat' dir='ltr'><strong>figuralia?</strong></span> 
     </span>
     <span class='ocr_line' id='line_1_54' title="bbox 1342 376 2368 428; baseline 0.008 -17"><span class='ocrx_word' id='word_1_351' title='bbox 1342 385 1510 422; x_wconf 91' lang='lat' dir='ltr'><strong>quorum</strong></span> <span class='ocrx_word' id='word_1_352' title='bbox 1548 379 1727 424; x_wconf 86' lang='lat' dir='ltr'><strong>apertum</strong></span> <span class='ocrx_word' id='word_1_353' title='bbox 1764 376 2046 423; x_wconf 87' lang='lat' dir='ltr'><strong>ministerium,</strong></span> <span class='ocrx_word' id='word_1_354' title='bbox 2083 378 2154 415; x_wconf 89' lang='lat' dir='ltr'><strong>sed</strong></span> <span class='ocrx_word' id='word_1_355' title='bbox 2189 384 2368 428; x_wconf 86' lang='lat' dir='ltr'><strong>opertum</strong></span> 
     </span>
     <span class='ocr_line' id='line_1_55' title="bbox 1342 437 2369 486; baseline 0.007 -13"><span class='ocrx_word' id='word_1_356' title='bbox 1342 438 1571 484; x_wconf 74' lang='lat' dir='ltr'><strong>mysterium</strong></span> <span class='ocrx_word' id='word_1_357' title='bbox 1590 438 1754 486; x_wconf 87' lang='lat' dir='ltr'><strong>requirit</strong></span> <span class='ocrx_word' id='word_1_358' title='bbox 1774 437 1963 475; x_wconf 87' lang='lat' dir='ltr'><strong>disertum</strong></span> <span class='ocrx_word' id='word_1_359' title='bbox 1983 438 2275 478; x_wconf 85' lang='lat' dir='ltr'><strong>dilucidationis</strong></span> <span class='ocrx_word' id='word_1_360' title='bbox 2290 453 2369 481; x_wconf 86' lang='lat' dir='ltr'><strong>ma-</strong></span> 
     </span>
     <span class='ocr_line' id='line_1_56' title="bbox 1342 499 2369 547; baseline 0.007 -12"><span class='ocrx_word' id='word_1_361' title='bbox 1342 499 1544 545; x_wconf 89' lang='lat' dir='ltr'><strong>gisterium</strong></span> <span class='ocrx_word' id='word_1_362' title='bbox 1573 512 1580 536; x_wconf 93' lang='lat'><strong>:</strong></span> <span class='ocrx_word' id='word_1_363' title='bbox 1603 500 1685 537; x_wconf 87' lang='lat' dir='ltr'><strong>haec</strong></span> <span class='ocrx_word' id='word_1_364' title='bbox 1711 500 1899 538; x_wconf 86' lang='lat' dir='ltr'><strong>mandata</strong></span> <span class='ocrx_word' id='word_1_365' title='bbox 1920 500 2104 547; x_wconf 87' lang='lat' dir='ltr'><strong>leguntur</strong></span> <span class='ocrx_word' id='word_1_366' title='bbox 2129 504 2369 542; x_wconf 73' lang='lat' dir='ltr'><strong>caeremoniis</strong></span> 
     </span>
     <span class='ocr_line' id='line_1_57' title="bbox 1341 562 2367 612; baseline 0.007 -15"><span class='ocrx_word' id='word_1_367' title='bbox 1341 564 1572 608; x_wconf 83' lang='lat' dir='ltr'><strong>aggregata,</strong></span> <span class='ocrx_word' id='word_1_368' title='bbox 1599 564 1641 598; x_wconf 90' lang='lat' dir='ltr'><strong>ut</strong></span> <span class='ocrx_word' id='word_1_369' title='bbox 1666 562 1934 609; x_wconf 85' lang='lat' dir='ltr'><strong>intelligantur</strong></span> <span class='ocrx_word' id='word_1_370' title='bbox 1961 562 2012 599; x_wconf 88' lang='lat' dir='ltr'><strong>ab</strong></span> <span class='ocrx_word' id='word_1_371' title='bbox 2039 563 2125 600; x_wconf 90' lang='lat' dir='ltr'><strong>aliis</strong></span> <span class='ocrx_word' id='word_1_372' title='bbox 2152 569 2367 612; x_wconf 85' lang='lat' dir='ltr'><strong>segregata.</strong></span> 
     </span>
     <span class='ocr_line' id='line_1_58' title="bbox 1342 623 2369 676; baseline 0.006 -17"><span class='ocrx_word' id='word_1_373' title='bbox 1342 624 1486 659; x_wconf 79' lang='lat' dir='ltr'><strong>Horum</strong></span> <span class='ocrx_word' id='word_1_374' title='bbox 1509 623 1625 660; x_wconf 88' lang='lat' dir='ltr'><strong>etiam</strong></span> <span class='ocrx_word' id='word_1_375' title='bbox 1654 623 1870 660; x_wconf 84' lang='lat' dir='ltr'><strong>ministeria</strong></span> <span class='ocrx_word' id='word_1_376' title='bbox 1894 628 2155 672; x_wconf 83' lang='lat' dir='ltr'><strong>recesserunt,</strong></span> <span class='ocrx_word' id='word_1_377' title='bbox 2174 626 2245 664; x_wconf 87' lang='lat' dir='ltr'><strong>sed</strong></span> <span class='ocrx_word' id='word_1_378' title='bbox 2263 638 2369 676; x_wconf 88' lang='lat' dir='ltr'><strong>mys-</strong></span> 
     </span>
     <span class='ocr_line' id='line_1_59' title="bbox 1341 685 2370 728; baseline 0.007 -7"><span class='ocrx_word' id='word_1_379' title='bbox 1341 686 1437 721; x_wconf 86' lang='lat' dir='ltr'><strong>teria</strong></span> <span class='ocrx_word' id='word_1_380' title='bbox 1462 688 1745 722; x_wconf 85' lang='lat' dir='ltr'><strong>remanserunt.</strong></span> <span class='ocrx_word' id='word_1_381' title='bbox 1766 685 1874 722; x_wconf 90' lang='lat' dir='ltr'><strong>Unde</strong></span> <span class='ocrx_word' id='word_1_382' title='bbox 1893 687 2113 725; x_wconf 87' lang='lat' dir='ltr'><strong>notandum</strong></span> <span class='ocrx_word' id='word_1_383' title='bbox 2133 688 2182 725; x_wconf 88' lang='lat' dir='ltr'><strong>de</strong></span> <span class='ocrx_word' id='word_1_384' title='bbox 2204 690 2370 728; x_wconf 88' lang='lat' dir='ltr'><strong>manda·</strong></span> 
     </span>
     <span class='ocr_line' id='line_1_60' title="bbox 1340 746 2368 794; baseline 0.007 -12"><span class='ocrx_word' id='word_1_385' title='bbox 1340 746 1387 782; x_wconf 84' lang='lat' dir='ltr'><strong>tis</strong></span> <span class='ocrx_word' id='word_1_386' title='bbox 1407 746 1570 792; x_wconf 74' lang='lat' dir='ltr'><strong>talib11S,</strong></span> <span class='ocrx_word' id='word_1_387' title='bbox 1592 746 1703 794; x_wconf 85' lang='lat' dir='ltr'><strong>quod</strong></span> <span class='ocrx_word' id='word_1_388' title='bbox 1731 757 1777 784; x_wconf 89' lang='lat' dir='ltr'><strong>ea</strong></span> <span class='ocrx_word' id='word_1_389' title='bbox 1802 747 2007 785; x_wconf 82' lang='lat' dir='ltr'><strong>mandavit</strong></span> <span class='ocrx_word' id='word_1_390' title='bbox 2033 749 2221 787; x_wconf 89' lang='lat' dir='ltr'><strong>Dominus</strong></span> <span class='ocrx_word' id='word_1_391' title='bbox 2241 754 2368 789; x_wconf 89' lang='lat' dir='ltr'><strong>custo-</strong></span> 
     </span>
     <span class='ocr_line' id='line_1_61' title="bbox 1342 807 2367 860; baseline 0.008 -18"><span class='ocrx_word' id='word_1_392' title='bbox 1342 807 1415 843; x_wconf 71' lang='lat' dir='ltr'><strong>‹11ae</strong></span> <span class='ocrx_word' id='word_1_393' title='bbox 1453 807 1615 855; x_wconf 82' lang='lat' dir='ltr'><strong>triplici,</strong></span> <span class='ocrx_word' id='word_1_394' title='bbox 1654 808 1840 846; x_wconf 85' lang='lat' dir='ltr'><strong>videlicet</strong></span> <span class='ocrx_word' id='word_1_395' title='bbox 1875 809 2086 858; x_wconf 89' lang='lat' dir='ltr'><strong>populari,</strong></span> <span class='ocrx_word' id='word_1_396' title='bbox 2124 811 2367 860; x_wconf 86' lang='lat' dir='ltr'><strong>prophetali,</strong></span> 
     </span>
     <span class='ocr_line' id='line_1_62' title="bbox 1340 868 2368 923; baseline 0.009 -19"><span class='ocrx_word' id='word_1_397' title='bbox 1340 868 1461 915; x_wconf 87' lang='lat' dir='ltr'><strong>regali</strong></span> <span class='ocrx_word' id='word_1_398' title='bbox 1488 881 1496 905; x_wconf 90' lang='lat'><strong>:</strong></span> <span class='ocrx_word' id='word_1_399' title='bbox 1519 872 1562 906; x_wconf 92' lang='lat' dir='ltr'><strong>ut</strong></span> <span class='ocrx_word' id='word_1_400' title='bbox 1585 870 1743 908; x_wconf 88' lang='lat' dir='ltr'><strong>doceret</strong></span> <span class='ocrx_word' id='word_1_401' title='bbox 1769 871 2042 918; x_wconf 85' lang='lat' dir='ltr'><strong>agendorum,</strong></span> <span class='ocrx_word' id='word_1_402' title='bbox 2063 873 2368 923; x_wconf 74' lang='lat' dir='ltr'><strong>credendorum,</strong></span> 
     </span>
     <span class='ocr_line' id='line_1_63' title="bbox 1341 930 2369 983; baseline 0.009 -17"><span class='ocrx_word' id='word_1_403' title='bbox 1341 930 1629 978; x_wconf 86' lang='lat' dir='ltr'><strong>sperandorum</strong></span> <span class='ocrx_word' id='word_1_404' title='bbox 1648 933 1834 980; x_wconf 69' lang='lat' dir='ltr'><strong>mysteria</strong></span> <span class='ocrx_word' id='word_1_405' title='bbox 1849 933 2043 971; x_wconf 88' lang='lat' dir='ltr'><strong>meditari.</strong></span> <span class='ocrx_word' id='word_1_406' title='bbox 2067 936 2118 972; x_wconf 90' lang='lat' dir='ltr'><strong>De</strong></span> <span class='ocrx_word' id='word_1_407' title='bbox 2137 935 2282 983; x_wconf 91' lang='lat' dir='ltr'><strong>primo,</strong></span> <span class='ocrx_word' id='word_1_408' title='bbox 2297 937 2369 975; x_wconf 91' lang='lat' dir='ltr'><strong>ubi</strong></span> 
     </span>
     <span class='ocr_line' id='line_1_64' title="bbox 1342 992 2369 1042; baseline 0.01 -14"><span class='ocrx_word' id='word_1_409' title='bbox 1342 992 1434 1029; x_wconf 84' lang='lat' dir='ltr'><strong>dicit</strong></span> <span class='ocrx_word' id='word_1_410' title='bbox 1463 995 1612 1041; x_wconf 89' lang='lat' dir='ltr'><strong>Moyses</strong></span> <span class='ocrx_word' id='word_1_411' title='bbox 1643 995 1793 1042; x_wconf 89' lang='lat' dir='ltr'><strong>populo</strong></span> <span class='ocrx_word' id='word_1_412' title='bbox 1821 997 1834 1018; x_wconf 74' lang='lat'>⁷</span> <span class='ocrx_word' id='word_1_413' title='bbox 1864 1007 1872 1031; x_wconf 92' lang='lat'>:</span> <span class='ocrx_word' id='word_1_414' title='bbox 1907 1010 1923 1029; x_wconf 91' lang='lat'>«</span> <span class='ocrx_word' id='word_1_415' title='bbox 1952 997 2154 1035; x_wconf 85' lang='lat' dir='ltr'><strong>Custodias</strong></span> <span class='ocrx_word' id='word_1_416' title='bbox 2182 999 2369 1038; x_wconf 86' lang='lat' dir='ltr'><strong>mandata</strong></span> 
     </span>
     <span class='ocr_line' id='line_1_65' title="bbox 1341 1054 2415 1104; baseline 0.008 -14"><span class='ocrx_word' id='word_1_417' title='bbox 1341 1054 1516 1102; x_wconf 85' lang='lat' dir='ltr'><strong>Domini,</strong></span> <span class='ocrx_word' id='word_1_418' title='bbox 1539 1058 1575 1092; x_wconf 90' lang='lat' dir='ltr'><strong>et</strong></span> <span class='ocrx_word' id='word_1_419' title='bbox 1595 1057 1844 1094; x_wconf 74' lang='lat' dir='ltr'><strong>caeremonias</strong></span> <span class='ocrx_word' id='word_1_420' title='bbox 1870 1058 1953 1104; x_wconf 77' lang='lat' dir='ltr'><strong>eJus</strong></span> <span class='ocrx_word' id='word_1_421' title='bbox 1975 1070 1984 1094; x_wconf 74' lang='grc' dir='ltr'>ς</span> <span class='ocrx_word' id='word_1_422' title='bbox 2006 1071 2024 1093; x_wconf 86' lang='lat'>»</span> <span class='ocrx_word' id='word_1_423' title='bbox 2049 1068 2138 1096; x_wconf 86' lang='lat' dir='ltr'><strong>ecce</strong></span> <span class='ocrx_word' id='word_1_424' title='bbox 2163 1060 2369 1098; x_wconf 88' lang='lat' dir='ltr'><strong>mandato·</strong></span> <span class='ocrx_word' id='word_1_425' title='bbox 2408 1061 2415 1066; x_wconf 81' lang='grc'><strong><em>’</em></strong></span> 
     </span>
     <span class='ocr_line' id='line_1_66' title="bbox 1340 1117 2364 1168; baseline 0.007 -16"><span class='ocrx_word' id='word_1_426' title='bbox 1340 1127 1427 1152; x_wconf 92' lang='lat' dir='ltr'><strong>rum</strong></span> <span class='ocrx_word' id='word_1_427' title='bbox 1449 1117 1623 1155; x_wconf 88' lang='lat' dir='ltr'><strong>custodia</strong></span> <span class='ocrx_word' id='word_1_428' title='bbox 1640 1118 1859 1166; x_wconf 81' lang='lat' dir='ltr'><strong>popularis,</strong></span> <span class='ocrx_word' id='word_1_429' title='bbox 1880 1119 2099 1157; x_wconf 87' lang='lat' dir='ltr'><strong>admonens</strong></span> <span class='ocrx_word' id='word_1_430' title='bbox 2119 1121 2167 1157; x_wconf 89' lang='lat' dir='ltr'><strong>de</strong></span> <span class='ocrx_word' id='word_1_431' title='bbox 2189 1122 2364 1168; x_wconf 81' lang='lat' dir='ltr'><strong>agendis.</strong></span> 
     </span>
     <span class='ocr_line' id='line_1_67' title="bbox 1341 1179 2368 1230; baseline 0.007 -16"><span class='ocrx_word' id='word_1_432' title='bbox 1341 1180 1392 1215; x_wconf 90' lang='lat' dir='ltr'><strong>De</strong></span> <span class='ocrx_word' id='word_1_433' title='bbox 1412 1179 1587 1216; x_wconf 86' lang='lat' dir='ltr'><strong>secundo</strong></span> <span class='ocrx_word' id='word_1_434' title='bbox 1608 1180 1620 1199; x_wconf 67' lang='lat'>⁸</span> <span class='ocrx_word' id='word_1_435' title='bbox 1638 1192 1646 1215; x_wconf 92' lang='grc'>;</span> <span class='ocrx_word' id='word_1_436' title='bbox 1669 1192 1687 1214; x_wconf 91' lang='lat'>«</span> <span class='ocrx_word' id='word_1_437' title='bbox 1706 1180 1878 1218; x_wconf 73' lang='lat' dir='ltr'><strong>vanitate</strong></span> <span class='ocrx_word' id='word_1_438' title='bbox 1898 1182 2046 1219; x_wconf 89' lang='lat' dir='ltr'><strong>seducti</strong></span> <span class='ocrx_word' id='word_1_439' title='bbox 2066 1194 2215 1230; x_wconf 80' lang='lat' dir='ltr'><strong>sumUS,</strong></span> <span class='ocrx_word' id='word_1_440' title='bbox 2232 1186 2269 1220; x_wconf 81' lang='lat' dir='ltr'><strong>ct</strong></span> <span class='ocrx_word' id='word_1_441' title='bbox 2287 1194 2368 1221; x_wconf 91' lang='lat' dir='ltr'><strong>non</strong></span> 
     </span>
     <span class='ocr_line' id='line_1_68' title="bbox 1341 1241 2365 1289; baseline 0.004 -13"><span class='ocrx_word' id='word_1_442' title='bbox 1341 1241 1622 1278; x_wconf 80' lang='lat' dir='ltr'><strong>custodivimus</strong></span> <span class='ocrx_word' id='word_1_443' title='bbox 1658 1242 1914 1289; x_wconf 88' lang='lat' dir='ltr'><strong>mandatum,</strong></span> <span class='ocrx_word' id='word_1_444' title='bbox 1948 1247 1985 1282; x_wconf 90' lang='lat' dir='ltr'><strong>et</strong></span> <span class='ocrx_word' id='word_1_445' title='bbox 2022 1246 2274 1283; x_wconf 61' lang='lat' dir='ltr'><strong>caeremonias</strong></span> <span class='ocrx_word' id='word_1_446' title='bbox 2306 1258 2314 1282; x_wconf 92' lang='lat'><strong>:</strong></span> <span class='ocrx_word' id='word_1_447' title='bbox 2347 1259 2365 1280; x_wconf 73' lang='grc' dir='ltr'><strong>ι)</strong></span> 
     </span>
     <span class='ocr_line' id='line_1_69' title="bbox 1341 1303 2368 1355; baseline 0.006 -16"><span class='ocrx_word' id='word_1_448' title='bbox 1341 1312 1428 1340; x_wconf 90' lang='lat' dir='ltr'><strong>ecce</strong></span> <span class='ocrx_word' id='word_1_449' title='bbox 1461 1303 1740 1341; x_wconf 88' lang='lat' dir='ltr'><strong>mandatorum</strong></span> <span class='ocrx_word' id='word_1_450' title='bbox 1770 1304 1948 1342; x_wconf 89' lang='lat' dir='ltr'><strong>custodia</strong></span> <span class='ocrx_word' id='word_1_451' title='bbox 1978 1307 2242 1354; x_wconf 88' lang='lat' dir='ltr'><strong>prophetalis,</strong></span> <span class='ocrx_word' id='word_1_452' title='bbox 2271 1318 2368 1355; x_wconf 84' lang='lat' dir='ltr'><strong>prae-</strong></span> 
     </span>
     <span class='ocr_line' id='line_1_70' title="bbox 1340 1365 2369 1415; baseline 0.005 -14"><span class='ocrx_word' id='word_1_453' title='bbox 1340 1375 1506 1402; x_wconf 89' lang='lat' dir='ltr'><strong>monens</strong></span> <span class='ocrx_word' id='word_1_454' title='bbox 1526 1365 1575 1402; x_wconf 89' lang='lat' dir='ltr'><strong>de</strong></span> <span class='ocrx_word' id='word_1_455' title='bbox 1596 1365 1814 1403; x_wconf 87' lang='lat' dir='ltr'><strong>credendis.</strong></span> <span class='ocrx_word' id='word_1_456' title='bbox 1834 1369 1885 1404; x_wconf 90' lang='lat' dir='ltr'><strong>De</strong></span> <span class='ocrx_word' id='word_1_457' title='bbox 1902 1368 2028 1415; x_wconf 88' lang='lat' dir='ltr'><strong>tertio,</strong></span> <span class='ocrx_word' id='word_1_458' title='bbox 2042 1368 2110 1406; x_wconf 92' lang='lat' dir='ltr'><strong>ubi</strong></span> <span class='ocrx_word' id='word_1_459' title='bbox 2133 1368 2226 1406; x_wconf 89' lang='lat' dir='ltr'><strong>dicit</strong></span> <span class='ocrx_word' id='word_1_460' title='bbox 2248 1369 2369 1406; x_wconf 79' lang='lat' dir='ltr'><strong>David</strong></span> 
     </span>
     <span class='ocr_line' id='line_1_71' title="bbox 1340 1427 2367 1479; baseline 0.005 -16"><span class='ocrx_word' id='word_1_461' title='bbox 1340 1427 1423 1464; x_wconf 87' lang='lat' dir='ltr'><strong>filio</strong></span> <span class='ocrx_word' id='word_1_462' title='bbox 1449 1439 1542 1474; x_wconf 90' lang='lat' dir='ltr'><strong>suo,</strong></span> <span class='ocrx_word' id='word_1_463' title='bbox 1570 1428 1631 1464; x_wconf 90' lang='lat' dir='ltr'><strong>cui</strong></span> <span class='ocrx_word' id='word_1_464' title='bbox 1661 1427 1763 1465; x_wconf 87' lang='lat' dir='ltr'><strong>sacta</strong></span> <span class='ocrx_word' id='word_1_465' title='bbox 1791 1428 1862 1466; x_wconf 84' lang='lat' dir='ltr'><strong>fuit</strong></span> <span class='ocrx_word' id='word_1_466' title='bbox 1891 1430 2004 1477; x_wconf 87' lang='lat' dir='ltr'><strong>regni</strong></span> <span class='ocrx_word' id='word_1_467' title='bbox 2036 1431 2290 1479; x_wconf 84' lang='lat' dir='ltr'><strong>repromissio</strong></span> <span class='ocrx_word' id='word_1_468' title='bbox 2315 1431 2329 1453; x_wconf 80' lang='lat'>⁹</span> <span class='ocrx_word' id='word_1_469' title='bbox 2358 1443 2367 1468; x_wconf 76' lang='lat' dir='ltr'><strong><em>z</em></strong></span> 
     </span>
     <span class='ocr_line' id='line_1_72' title="bbox 1346 1490 2369 1539; baseline 0.004 -13"><span class='ocrx_word' id='word_1_470' title='bbox 1346 1501 1362 1522; x_wconf 89' lang='lat'>«</span> <span class='ocrx_word' id='word_1_471' title='bbox 1382 1490 1584 1527; x_wconf 76' lang='lat' dir='ltr'><strong>Custodiae</strong></span> <span class='ocrx_word' id='word_1_472' title='bbox 1604 1490 1792 1528; x_wconf 87' lang='lat' dir='ltr'><strong>mandata</strong></span> <span class='ocrx_word' id='word_1_473' title='bbox 1813 1491 1965 1529; x_wconf 89' lang='lat' dir='ltr'><strong>Domini</strong></span> <span class='ocrx_word' id='word_1_474' title='bbox 1989 1493 2054 1530; x_wconf 89' lang='lat' dir='ltr'><strong>Dei</strong></span> <span class='ocrx_word' id='word_1_475' title='bbox 2076 1493 2146 1539; x_wconf 90' lang='lat' dir='ltr'><strong>tui,</strong></span> <span class='ocrx_word' id='word_1_476' title='bbox 2169 1495 2211 1529; x_wconf 88' lang='lat' dir='ltr'><strong>ut</strong></span> <span class='ocrx_word' id='word_1_477' title='bbox 2229 1493 2369 1531; x_wconf 89' lang='lat' dir='ltr'><strong>ambu-</strong></span> 
     </span>
     <span class='ocr_line' id='line_1_73' title="bbox 1341 1551 2364 1603; baseline 0.002 -16"><span class='ocrx_word' id='word_1_478' title='bbox 1341 1551 1396 1588; x_wconf 90' lang='lat' dir='ltr'><strong>les</strong></span> <span class='ocrx_word' id='word_1_479' title='bbox 1417 1552 1456 1588; x_wconf 83' lang='lat' dir='ltr'><strong>in</strong></span> <span class='ocrx_word' id='word_1_480' title='bbox 1476 1552 1548 1588; x_wconf 88' lang='lat' dir='ltr'><strong>viis</strong></span> <span class='ocrx_word' id='word_1_481' title='bbox 1568 1553 1664 1599; x_wconf 75' lang='lat' dir='ltr'><strong>ers,</strong></span> <span class='ocrx_word' id='word_1_482' title='bbox 1685 1556 1722 1590; x_wconf 82' lang='lat' dir='ltr'><strong>et</strong></span> <span class='ocrx_word' id='word_1_483' title='bbox 1741 1554 1938 1591; x_wconf 83' lang='lat' dir='ltr'><strong>custodias</strong></span> <span class='ocrx_word' id='word_1_484' title='bbox 1958 1555 2210 1592; x_wconf 83' lang='lat' dir='ltr'><strong>caeremonias</strong></span> <span class='ocrx_word' id='word_1_485' title='bbox 2228 1556 2330 1603; x_wconf 84' lang='lat' dir='ltr'><strong>ejus:</strong></span> <span class='ocrx_word' id='word_1_486' title='bbox 2347 1570 2364 1590; x_wconf 90' lang='lat'>»</span> 
     </span>
    </p>
   </div>
   <div class='ocr_carea' id='block_1_10' title="bbox 1342 1614 2370 1723">
    <p class='ocr_par' dir='ltr' id='par_1_10' title="bbox 1342 1614 2370 1723">
     <span class='ocr_line' id='line_1_74' title="bbox 1342 1614 2370 1665; baseline 0.005 -16"><span class='ocrx_word' id='word_1_487' title='bbox 1342 1624 1429 1650; x_wconf 85' lang='lat' dir='ltr'><strong>ecce</strong></span> <span class='ocrx_word' id='word_1_488' title='bbox 1446 1614 1724 1652; x_wconf 84' lang='lat' dir='ltr'><strong>mandatorum</strong></span> <span class='ocrx_word' id='word_1_489' title='bbox 1744 1616 1922 1654; x_wconf 87' lang='lat' dir='ltr'><strong>custodia</strong></span> <span class='ocrx_word' id='word_1_490' title='bbox 1940 1617 2098 1665; x_wconf 83' lang='lat' dir='ltr'><strong>regaliS,</strong></span> <span class='ocrx_word' id='word_1_491' title='bbox 2114 1627 2370 1655; x_wconf 87' lang='lat' dir='ltr'><strong>commonens</strong></span> 
     </span>
     <span class='ocr_line' id='line_1_75' title="bbox 1343 1675 1629 1723; baseline 0.007 -12"><span class='ocrx_word' id='word_1_492' title='bbox 1343 1675 1392 1712; x_wconf 89' lang='lat' dir='ltr'><strong>de</strong></span> <span class='ocrx_word' id='word_1_493' title='bbox 1411 1676 1629 1723; x_wconf 86' lang='lat' dir='ltr'><strong>sperandis.</strong></span> 
     </span>
    </p>
   </div>
   <div class='ocr_carea' id='block_1_11' title="bbox 1668 1776 2046 1822">
    <p class='ocr_par' dir='ltr' id='par_1_11' title="bbox 1668 1776 2046 1822">
     <span class='ocr_line' id='line_1_76' title="bbox 1668 1776 2046 1822; baseline 0.005 -11"><span class='ocrx_word' id='word_1_494' title='bbox 1668 1776 1856 1812; x_wconf 72' lang='lat' dir='ltr'><strong>Articulus</strong></span> <span class='ocrx_word' id='word_1_495' title='bbox 1882 1780 2046 1822; x_wconf 77' lang='lat' dir='ltr'><strong>quartus.</strong></span> 
     </span>
    </p>
   </div>
   <div class='ocr_carea' id='block_1_12' title="bbox 1344 1865 2383 3344">
    <p class='ocr_par' dir='ltr' id='par_1_12' title="bbox 1344 1865 2383 3344">
     <span class='ocr_line' id='line_1_77' title="bbox 1393 1865 2373 1913; baseline 0.003 -13"><span class='ocrx_word' id='word_1_496' title='bbox 1393 1866 1681 1901; x_wconf 87' lang='lat' dir='ltr'><strong>Demonstratur</strong></span> <span class='ocrx_word' id='word_1_497' title='bbox 1720 1865 1892 1912; x_wconf 87' lang='lat' dir='ltr'><strong>denique</strong></span> <span class='ocrx_word' id='word_1_498' title='bbox 1930 1865 2160 1913; x_wconf 89' lang='lat' dir='ltr'><strong>mysterium</strong></span> <span class='ocrx_word' id='word_1_499' title='bbox 2198 1866 2373 1904; x_wconf 86' lang='lat' dir='ltr'><strong>intellec-</strong></span> 
     </span>
     <span class='ocr_line' id='line_1_78' title="bbox 1344 1926 2374 1977; baseline 0.004 -15"><span class='ocrx_word' id='word_1_500' title='bbox 1344 1926 1469 1972; x_wconf 88' lang='lat' dir='ltr'><strong>tuale,</strong></span> <span class='ocrx_word' id='word_1_501' title='bbox 1499 1937 1589 1963; x_wconf 89' lang='lat' dir='ltr'><strong>cum</strong></span> <span class='ocrx_word' id='word_1_502' title='bbox 1617 1927 1894 1974; x_wconf 88' lang='lat' dir='ltr'><strong>superadditur</strong></span> <span class='ocrx_word' id='word_1_503' title='bbox 1923 1939 1931 1964; x_wconf 89' lang='lat'>:</span> <span class='ocrx_word' id='word_1_504' title='bbox 1966 1928 2239 1976; x_wconf 54' lang='lat' dir='ltr'><strong>Desidet-abam</strong></span> <span class='ocrx_word' id='word_1_505' title='bbox 2273 1939 2374 1977; x_wconf 85' lang='lat' dir='ltr'><strong>quo-</strong></span> 
     </span>
     <span class='ocr_line' id='line_1_79' title="bbox 1345 1988 2377 2039; baseline 0.005 -16"><span class='ocrx_word' id='word_1_506' title='bbox 1345 1988 1452 2024; x_wconf 86' lang='lat' dir='ltr'><strong>niam</strong></span> <span class='ocrx_word' id='word_1_507' title='bbox 1472 1988 1512 2024; x_wconf 88' lang='lat' dir='ltr'><strong>in</strong></span> <span class='ocrx_word' id='word_1_508' title='bbox 1531 1988 1728 2026; x_wconf 88' lang='lat' dir='ltr'><strong>mandatis</strong></span> <span class='ocrx_word' id='word_1_509' title='bbox 1746 1989 1822 2026; x_wconf 89' lang='lat' dir='ltr'><strong>illis</strong></span> <span class='ocrx_word' id='word_1_510' title='bbox 1843 1989 2068 2027; x_wconf 86' lang='lat' dir='ltr'><strong>carnalibus</strong></span> <span class='ocrx_word' id='word_1_511' title='bbox 2088 1993 2125 2028; x_wconf 88' lang='lat' dir='ltr'><strong>et</strong></span> <span class='ocrx_word' id='word_1_512' title='bbox 2150 1990 2377 2039; x_wconf 85' lang='lat' dir='ltr'><strong>temporali-</strong></span> 
     </span>
     <span class='ocr_line' id='line_1_80' title="bbox 1345 2050 2379 2099; baseline 0.004 -13"><span class='ocrx_word' id='word_1_513' title='bbox 1345 2050 1443 2096; x_wconf 87' lang='lat' dir='ltr'><strong>bus,</strong></span> <span class='ocrx_word' id='word_1_514' title='bbox 1464 2053 1656 2098; x_wconf 81' lang='lat' dir='ltr'><strong>quantum</strong></span> <span class='ocrx_word' id='word_1_515' title='bbox 1677 2051 1728 2088; x_wconf 88' lang='lat' dir='ltr'><strong>ad</strong></span> <span class='ocrx_word' id='word_1_516' title='bbox 1747 2051 2009 2089; x_wconf 87' lang='lat' dir='ltr'><strong>ministerium</strong></span> <span class='ocrx_word' id='word_1_517' title='bbox 2020 2065 2032 2099; x_wconf 80' lang='lat'>3</span> <span class='ocrx_word' id='word_1_518' title='bbox 2051 2051 2121 2089; x_wconf 91' lang='lat' dir='ltr'><strong>sed</strong></span> <span class='ocrx_word' id='word_1_519' title='bbox 2145 2053 2185 2089; x_wconf 89' lang='lat' dir='ltr'><strong>in</strong></span> <span class='ocrx_word' id='word_1_520' title='bbox 2205 2052 2379 2090; x_wconf 84' lang='lat' dir='ltr'><strong>intellec·</strong></span> 
     </span>
     <span class='ocr_line' id='line_1_81' title="bbox 1349 2113 2377 2164; baseline 0.003 -15"><span class='ocrx_word' id='word_1_521' title='bbox 1349 2113 1519 2150; x_wconf 88' lang='lat' dir='ltr'><strong>tualibus</strong></span> <span class='ocrx_word' id='word_1_522' title='bbox 1554 2115 1592 2150; x_wconf 87' lang='lat' dir='ltr'><strong>et</strong></span> <span class='ocrx_word' id='word_1_523' title='bbox 1624 2114 1898 2161; x_wconf 79' lang='lat' dir='ltr'><strong>aeternalibUS,</strong></span> <span class='ocrx_word' id='word_1_524' title='bbox 1927 2117 2118 2162; x_wconf 86' lang='lat' dir='ltr'><strong>quantum</strong></span> <span class='ocrx_word' id='word_1_525' title='bbox 2151 2115 2204 2152; x_wconf 84' lang='lat' dir='ltr'><strong>ad</strong></span> <span class='ocrx_word' id='word_1_526' title='bbox 2234 2117 2377 2164; x_wconf 88' lang='lat' dir='ltr'><strong>myste-</strong></span> 
     </span>
     <span class='ocr_line' id='line_1_82' title="bbox 1346 2175 2376 2224; baseline 0.005 -14"><span class='ocrx_word' id='word_1_527' title='bbox 1346 2175 1463 2221; x_wconf 85' lang='lat' dir='ltr'><strong>rium,</strong></span> <span class='ocrx_word' id='word_1_528' title='bbox 1480 2175 1582 2211; x_wconf 86' lang='lat' dir='ltr'><strong>illud</strong></span> <span class='ocrx_word' id='word_1_529' title='bbox 1596 2178 1677 2212; x_wconf 87' lang='lat' dir='ltr'><strong>erat</strong></span> <span class='ocrx_word' id='word_1_530' title='bbox 1697 2175 1972 2222; x_wconf 85' lang='lat' dir='ltr'><strong>desiderabile,</strong></span> <span class='ocrx_word' id='word_1_531' title='bbox 1989 2177 2100 2224; x_wconf 87' lang='lat' dir='ltr'><strong>quod</strong></span> <span class='ocrx_word' id='word_1_532' title='bbox 2115 2177 2376 2216; x_wconf 86' lang='lat' dir='ltr'><strong>intellectuale</strong></span> 
     </span>
     <span class='ocr_line' id='line_1_83' title="bbox 1349 2237 2378 2286; baseline 0.004 -14"><span class='ocrx_word' id='word_1_533' title='bbox 1349 2239 1385 2272; x_wconf 89' lang='lat' dir='ltr'><strong>et</strong></span> <span class='ocrx_word' id='word_1_534' title='bbox 1404 2237 1599 2284; x_wconf 77' lang='lat' dir='ltr'><strong>aeternaIe,</strong></span> <span class='ocrx_word' id='word_1_535' title='bbox 1615 2238 1747 2285; x_wconf 90' lang='lat' dir='ltr'><strong>potius</strong></span> <span class='ocrx_word' id='word_1_536' title='bbox 1766 2248 1885 2285; x_wconf 88' lang='lat' dir='ltr'><strong>quam</strong></span> <span class='ocrx_word' id='word_1_537' title='bbox 1904 2238 2022 2284; x_wconf 89' lang='lat' dir='ltr'><strong>illud,</strong></span> <span class='ocrx_word' id='word_1_538' title='bbox 2042 2239 2153 2286; x_wconf 85' lang='lat' dir='ltr'><strong>quod</strong></span> <span class='ocrx_word' id='word_1_539' title='bbox 2169 2239 2324 2276; x_wconf 84' lang='lat' dir='ltr'><strong>carnale</strong></span> <span class='ocrx_word' id='word_1_540' title='bbox 2341 2241 2378 2276; x_wconf 88' lang='lat' dir='ltr'><strong>et</strong></span> 
     </span>
     <span class='ocr_line' id='line_1_84' title="bbox 1348 2299 2374 2348; baseline 0.003 -14"><span class='ocrx_word' id='word_1_541' title='bbox 1348 2299 1580 2345; x_wconf 88' lang='lat' dir='ltr'><strong>temporale.</strong></span> <span class='ocrx_word' id='word_1_542' title='bbox 1614 2301 1656 2335; x_wconf 83' lang='lat' dir='ltr'><strong>Et</strong></span> <span class='ocrx_word' id='word_1_543' title='bbox 1686 2301 1779 2336; x_wconf 87' lang='lat' dir='ltr'><strong>nota</strong></span> <span class='ocrx_word' id='word_1_544' title='bbox 1812 2300 1861 2336; x_wconf 91' lang='lat' dir='ltr'><strong>de</strong></span> <span class='ocrx_word' id='word_1_545' title='bbox 1900 2300 2177 2348; x_wconf 85' lang='lat' dir='ltr'><strong>mysteriorum</strong></span> <span class='ocrx_word' id='word_1_546' title='bbox 2214 2300 2374 2348; x_wconf 88' lang='lat' dir='ltr'><strong>notitia,</strong></span> 
     </span>
     <span class='ocr_line' id='line_1_85' title="bbox 1349 2360 2377 2408; baseline 0.003 -12"><span class='ocrx_word' id='word_1_547' title='bbox 1349 2360 1459 2408; x_wconf 85' lang='lat' dir='ltr'><strong>quod</strong></span> <span class='ocrx_word' id='word_1_548' title='bbox 1480 2360 1724 2398; x_wconf 82' lang='lat' dir='ltr'><strong>desideratur</strong></span> <span class='ocrx_word' id='word_1_549' title='bbox 1744 2362 1795 2398; x_wconf 90' lang='lat' dir='ltr'><strong>ab</strong></span> <span class='ocrx_word' id='word_1_550' title='bbox 1816 2361 1963 2407; x_wconf 87' lang='lat' dir='ltr'><strong>anima,</strong></span> <span class='ocrx_word' id='word_1_551' title='bbox 1983 2362 2082 2399; x_wconf 88' lang='lat' dir='ltr'><strong>sicut</strong></span> <span class='ocrx_word' id='word_1_552' title='bbox 2100 2362 2256 2405; x_wconf 87' lang='lat' dir='ltr'><strong>umbra,</strong></span> <span class='ocrx_word' id='word_1_553' title='bbox 2279 2362 2377 2400; x_wconf 89' lang='lat' dir='ltr'><strong>sicut</strong></span> 
     </span>
     <span class='ocr_line' id='line_1_86' title="bbox 1349 2422 2376 2472; baseline 0.004 -14"><span class='ocrx_word' id='word_1_554' title='bbox 1349 2423 1493 2470; x_wconf 83' lang='lat' dir='ltr'><strong>gratia,</strong></span> <span class='ocrx_word' id='word_1_555' title='bbox 1523 2422 1621 2459; x_wconf 85' lang='lat' dir='ltr'><strong>sicut</strong></span> <span class='ocrx_word' id='word_1_556' title='bbox 1649 2434 1752 2471; x_wconf 86' lang='lat' dir='ltr'><strong>aqua</strong></span> <span class='ocrx_word' id='word_1_557' title='bbox 1762 2436 1772 2470; x_wconf 86' lang='lat'>3</span> <span class='ocrx_word' id='word_1_558' title='bbox 1805 2424 1900 2471; x_wconf 85' lang='lat' dir='ltr'><strong>quia</strong></span> <span class='ocrx_word' id='word_1_559' title='bbox 1929 2427 2078 2461; x_wconf 88' lang='lat' dir='ltr'><strong>recreat</strong></span> <span class='ocrx_word' id='word_1_560' title='bbox 2107 2425 2191 2471; x_wconf 86' lang='lat' dir='ltr'><strong>ejus</strong></span> <span class='ocrx_word' id='word_1_561' title='bbox 2219 2427 2376 2472; x_wconf 79' lang='lat' dir='ltr'><strong>aestum,</strong></span> 
     </span>
     <span class='ocr_line' id='line_1_87' title="bbox 1351 2485 2378 2533; baseline 0.003 -12"><span class='ocrx_word' id='word_1_562' title='bbox 1351 2485 1516 2522; x_wconf 89' lang='lat' dir='ltr'><strong>delectat</strong></span> <span class='ocrx_word' id='word_1_563' title='bbox 1537 2485 1739 2531; x_wconf 85' lang='lat' dir='ltr'><strong>intuitum,</strong></span> <span class='ocrx_word' id='word_1_564' title='bbox 1759 2485 1872 2522; x_wconf 86' lang='lat' dir='ltr'><strong>satiat</strong></span> <span class='ocrx_word' id='word_1_565' title='bbox 1890 2486 2120 2533; x_wconf 88' lang='lat' dir='ltr'><strong>appetitum.</strong></span> <span class='ocrx_word' id='word_1_566' title='bbox 2143 2486 2258 2523; x_wconf 87' lang='lat' dir='ltr'><strong>Primi</strong></span> <span class='ocrx_word' id='word_1_567' title='bbox 2277 2486 2378 2524; x_wconf 88' lang='lat' dir='ltr'><strong>desi-</strong></span> 
     </span>
     <span class='ocr_line' id='line_1_88' title="bbox 1351 2547 2381 2595; baseline 0.004 -12"><span class='ocrx_word' id='word_1_568' title='bbox 1351 2547 1449 2584; x_wconf 86' lang='lat' dir='ltr'><strong>derii</strong></span> <span class='ocrx_word' id='word_1_569' title='bbox 1476 2547 1707 2594; x_wconf 86' lang='lat' dir='ltr'><strong>praenotatio</strong></span> <span class='ocrx_word' id='word_1_570' title='bbox 1739 2549 1868 2595; x_wconf 80' lang='lat' dir='ltr'><strong>patet,</strong></span> <span class='ocrx_word' id='word_1_571' title='bbox 1887 2547 1957 2584; x_wconf 90' lang='lat' dir='ltr'><strong>ubi</strong></span> <span class='ocrx_word' id='word_1_572' title='bbox 1991 2547 2132 2585; x_wconf 90' lang='lat' dir='ltr'><strong>dicitur</strong></span> <span class='ocrx_word' id='word_1_573' title='bbox 2157 2549 2212 2584; x_wconf 92' lang='lat'><strong>¹⁰:</strong></span> <span class='ocrx_word' id='word_1_574' title='bbox 2241 2561 2258 2583; x_wconf 79' lang='grc' dir='ltr'>α</span> <span class='ocrx_word' id='word_1_575' title='bbox 2279 2549 2381 2587; x_wconf 89' lang='lat' dir='ltr'><strong>Sicut</strong></span> 
     </span>
     <span class='ocr_line' id='line_1_89' title="bbox 1352 2609 2380 2656; baseline 0.003 -11"><span class='ocrx_word' id='word_1_576' title='bbox 1352 2620 1489 2645; x_wconf 82' lang='lat' dir='ltr'><strong>cervus</strong></span> <span class='ocrx_word' id='word_1_577' title='bbox 1510 2609 1706 2646; x_wconf 86' lang='lat' dir='ltr'><strong>desiderat</strong></span> <span class='ocrx_word' id='word_1_578' title='bbox 1724 2610 1924 2656; x_wconf 86' lang='lat' dir='ltr'><strong>umbram,</strong></span> <span class='ocrx_word' id='word_1_579' title='bbox 1943 2611 1979 2646; x_wconf 90' lang='lat' dir='ltr'><strong>et</strong></span> <span class='ocrx_word' id='word_1_580' title='bbox 1998 2609 2097 2647; x_wconf 89' lang='lat' dir='ltr'><strong>sicut</strong></span> <span class='ocrx_word' id='word_1_581' title='bbox 2115 2611 2380 2648; x_wconf 82' lang='lat' dir='ltr'><strong>mercenarius</strong></span> 
     </span>
     <span class='ocr_line' id='line_1_90' title="bbox 1351 2671 2380 2720; baseline 0.004 -13"><span class='ocrx_word' id='word_1_582' title='bbox 1351 2671 1596 2719; x_wconf 63' lang='lat' dir='ltr'><strong>praestolatur</strong></span> <span class='ocrx_word' id='word_1_583' title='bbox 1619 2671 1739 2709; x_wconf 88' lang='lat' dir='ltr'><strong>finem</strong></span> <span class='ocrx_word' id='word_1_584' title='bbox 1761 2671 1821 2708; x_wconf 90' lang='lat' dir='ltr'><strong>sui</strong></span> <span class='ocrx_word' id='word_1_585' title='bbox 1848 2672 2001 2720; x_wconf 89' lang='lat' dir='ltr'><strong>operis,</strong></span> <span class='ocrx_word' id='word_1_586' title='bbox 2024 2672 2078 2709; x_wconf 91' lang='lat' dir='ltr'><strong>sic</strong></span> <span class='ocrx_word' id='word_1_587' title='bbox 2104 2674 2140 2710; x_wconf 90' lang='lat' dir='ltr'><strong>et</strong></span> <span class='ocrx_word' id='word_1_588' title='bbox 2165 2683 2237 2720; x_wconf 86' lang='lat' dir='ltr'><strong>ego</strong></span> <span class='ocrx_word' id='word_1_589' title='bbox 2257 2673 2380 2711; x_wconf 86' lang='lat' dir='ltr'><strong>habui</strong></span> 
     </span>
     <span class='ocr_line' id='line_1_91' title="bbox 1352 2733 2379 2780; baseline 0.003 -11"><span class='ocrx_word' id='word_1_590' title='bbox 1352 2744 1506 2770; x_wconf 88' lang='lat' dir='ltr'><strong>menses</strong></span> <span class='ocrx_word' id='word_1_591' title='bbox 1523 2744 1685 2780; x_wconf 60' lang='lat' dir='ltr'><strong>vacum,</strong></span> <span class='ocrx_word' id='word_1_592' title='bbox 1707 2735 1744 2770; x_wconf 93' lang='lat' dir='ltr'><strong>et</strong></span> <span class='ocrx_word' id='word_1_593' title='bbox 1762 2735 1898 2770; x_wconf 89' lang='lat' dir='ltr'><strong>noctes</strong></span> <span class='ocrx_word' id='word_1_594' title='bbox 1913 2733 2133 2771; x_wconf 87' lang='lat' dir='ltr'><strong>laboriosas</strong></span> <span class='ocrx_word' id='word_1_595' title='bbox 2152 2736 2379 2772; x_wconf 86' lang='lat' dir='ltr'><strong>enumeravi</strong></span> 
     </span>
     <span class='ocr_line' id='line_1_92' title="bbox 1353 2797 2378 2844; baseline 0.003 -11"><span class='ocrx_word' id='word_1_596' title='bbox 1353 2797 1470 2833; x_wconf 84' lang='lat' dir='ltr'><strong>mihi:</strong></span> <span class='ocrx_word' id='word_1_597' title='bbox 1490 2810 1506 2833; x_wconf 64' lang='lat'><strong>&gt;³</strong></span> <span class='ocrx_word' id='word_1_598' title='bbox 1525 2797 1589 2834; x_wconf 90' lang='lat' dir='ltr'><strong>hic</strong></span> <span class='ocrx_word' id='word_1_599' title='bbox 1609 2799 1858 2844; x_wconf 84' lang='lat' dir='ltr'><strong>comparatur</strong></span> <span class='ocrx_word' id='word_1_600' title='bbox 1878 2797 2033 2834; x_wconf 86' lang='lat' dir='ltr'><strong>animus</strong></span> <span class='ocrx_word' id='word_1_601' title='bbox 2049 2797 2245 2835; x_wconf 89' lang='lat' dir='ltr'><strong>studiosus</strong></span> <span class='ocrx_word' id='word_1_602' title='bbox 2262 2809 2378 2836; x_wconf 90' lang='lat' dir='ltr'><strong>cervo</strong></span> 
     </span>
     <span class='ocr_line' id='line_1_93' title="bbox 1354 2858 2381 2907; baseline 0.001 -12"><span class='ocrx_word' id='word_1_603' title='bbox 1354 2858 1582 2905; x_wconf 82' lang='lat' dir='ltr'><strong>celerrimo,</strong></span> <span class='ocrx_word' id='word_1_604' title='bbox 1604 2861 1640 2895; x_wconf 90' lang='lat' dir='ltr'><strong>et</strong></span> <span class='ocrx_word' id='word_1_605' title='bbox 1666 2858 1908 2896; x_wconf 88' lang='lat' dir='ltr'><strong>mercenario</strong></span> <span class='ocrx_word' id='word_1_606' title='bbox 1939 2858 2216 2907; x_wconf 87' lang='lat' dir='ltr'><strong>pauperrimo,</strong></span> <span class='ocrx_word' id='word_1_607' title='bbox 2235 2869 2306 2907; x_wconf 89' lang='lat' dir='ltr'><strong>per</strong></span> <span class='ocrx_word' id='word_1_608' title='bbox 2327 2859 2381 2897; x_wconf 88' lang='lat' dir='ltr'><strong>la-</strong></span> 
     </span>
     <span class='ocr_line' id='line_1_94' title="bbox 1353 2920 2380 2970; baseline 0.003 -13"><span class='ocrx_word' id='word_1_609' title='bbox 1353 2921 1499 2958; x_wconf 86' lang='lat' dir='ltr'><strong>borum</strong></span> <span class='ocrx_word' id='word_1_610' title='bbox 1530 2920 1882 2968; x_wconf 87' lang='lat' dir='ltr'><strong>supervacuitatem</strong></span> <span class='ocrx_word' id='word_1_611' title='bbox 1920 2924 1956 2958; x_wconf 91' lang='lat' dir='ltr'><strong>et</strong></span> <span class='ocrx_word' id='word_1_612' title='bbox 1993 2924 2216 2970; x_wconf 86' lang='lat' dir='ltr'><strong>temporum</strong></span> <span class='ocrx_word' id='word_1_613' title='bbox 2245 2933 2380 2970; x_wconf 87' lang='lat' dir='ltr'><strong>super-</strong></span> 
     </span>
     <span class='ocr_line' id='line_1_95' title="bbox 1354 2983 2379 3031; baseline 0.004 -12"><span class='ocrx_word' id='word_1_614' title='bbox 1354 2984 1541 3021; x_wconf 87' lang='lat' dir='ltr'><strong>fluitatem</strong></span> <span class='ocrx_word' id='word_1_615' title='bbox 1575 2983 1821 3020; x_wconf 83' lang='lat' dir='ltr'><strong>currentibus</strong></span> <span class='ocrx_word' id='word_1_616' title='bbox 1849 2984 1900 3020; x_wconf 90' lang='lat' dir='ltr'><strong>ad</strong></span> <span class='ocrx_word' id='word_1_617' title='bbox 1930 2983 2082 3020; x_wconf 90' lang='lat' dir='ltr'><strong>ardoris</strong></span> <span class='ocrx_word' id='word_1_618' title='bbox 2111 2984 2379 3031; x_wconf 85' lang='lat' dir='ltr'><strong>refrigerium,</strong></span> 
     </span>
     <span class='ocr_line' id='line_1_96' title="bbox 1355 3046 2381 3095; baseline 0 -11"><span class='ocrx_word' id='word_1_619' title='bbox 1355 3050 1391 3084; x_wconf 90' lang='lat' dir='ltr'><strong>et</strong></span> <span class='ocrx_word' id='word_1_620' title='bbox 1428 3047 1556 3095; x_wconf 82' lang='lat' dir='ltr'><strong>operis</strong></span> <span class='ocrx_word' id='word_1_621' title='bbox 1599 3047 1947 3095; x_wconf 87' lang='lat' dir='ltr'><strong>complementum.</strong></span> <span class='ocrx_word' id='word_1_622' title='bbox 1987 3046 2154 3084; x_wconf 86' lang='lat' dir='ltr'><strong>Secundi</strong></span> <span class='ocrx_word' id='word_1_623' title='bbox 2199 3046 2381 3085; x_wconf 86' lang='lat' dir='ltr'><strong>desiderii</strong></span> 
     </span>
     <span class='ocr_line' id='line_1_97' title="bbox 1355 3109 2382 3158; baseline 0 -12"><span class='ocrx_word' id='word_1_624' title='bbox 1355 3111 1579 3148; x_wconf 79' lang='lat' dir='ltr'><strong>subnotatio</strong></span> <span class='ocrx_word' id='word_1_625' title='bbox 1602 3110 1727 3158; x_wconf 87' lang='lat' dir='ltr'><strong>liquet</strong></span> <span class='ocrx_word' id='word_1_626' title='bbox 1744 3110 1771 3132; x_wconf 88' lang='lat'><strong>¹¹</strong></span> <span class='ocrx_word' id='word_1_627' title='bbox 1796 3122 1804 3146; x_wconf 91' lang='lat'>:</span> <span class='ocrx_word' id='word_1_628' title='bbox 1832 3123 1849 3144; x_wconf 84' lang='lat'>«</span> <span class='ocrx_word' id='word_1_629' title='bbox 1870 3109 2052 3155; x_wconf 86' lang='lat' dir='ltr'><strong>Gratiam,</strong></span> <span class='ocrx_word' id='word_1_630' title='bbox 2075 3109 2218 3157; x_wconf 90' lang='lat' dir='ltr'><strong>inquit,</strong></span> <span class='ocrx_word' id='word_1_631' title='bbox 2241 3111 2277 3145; x_wconf 89' lang='lat' dir='ltr'><strong>ct</strong></span> <span class='ocrx_word' id='word_1_632' title='bbox 2295 3119 2382 3157; x_wconf 87' lang='lat' dir='ltr'><strong>spe-</strong></span> 
     </span>
     <span class='ocr_line' id='line_1_98' title="bbox 1356 3169 2383 3210; baseline -0.001 -2"><span class='ocrx_word' id='word_1_633' title='bbox 1356 3173 1454 3209; x_wconf 86' lang='lat' dir='ltr'><strong>ciem</strong></span> <span class='ocrx_word' id='word_1_634' title='bbox 1484 3172 1724 3210; x_wconf 83' lang='lat' dir='ltr'><strong>desiderabit</strong></span> <span class='ocrx_word' id='word_1_635' title='bbox 1755 3171 1904 3209; x_wconf 89' lang='lat' dir='ltr'><strong>oculus.</strong></span> <span class='ocrx_word' id='word_1_636' title='bbox 1934 3185 1952 3206; x_wconf 89' lang='lat'>»</span> <span class='ocrx_word' id='word_1_637' title='bbox 1977 3171 2095 3209; x_wconf 89' lang='lat' dir='ltr'><strong>Plane</strong></span> <span class='ocrx_word' id='word_1_638' title='bbox 2120 3171 2218 3208; x_wconf 90' lang='lat' dir='ltr'><strong>sicut</strong></span> <span class='ocrx_word' id='word_1_639' title='bbox 2245 3169 2383 3208; x_wconf 86' lang='lat' dir='ltr'><strong>oculus</strong></span> 
     </span>
     <span class='ocr_line' id='line_1_99' title="bbox 1356 3233 2382 3281; baseline -0.003 -10"><span class='ocrx_word' id='word_1_640' title='bbox 1356 3235 1524 3272; x_wconf 81' lang='lat' dir='ltr'><strong>exterior</strong></span> <span class='ocrx_word' id='word_1_641' title='bbox 1545 3234 1742 3271; x_wconf 88' lang='lat' dir='ltr'><strong>desiderat</strong></span> <span class='ocrx_word' id='word_1_642' title='bbox 1760 3234 1974 3281; x_wconf 88' lang='lat' dir='ltr'><strong>gratiosam</strong></span> <span class='ocrx_word' id='word_1_643' title='bbox 1994 3233 2292 3280; x_wconf 87' lang='lat' dir='ltr'><strong>speciositatem,</strong></span> <span class='ocrx_word' id='word_1_644' title='bbox 2312 3242 2382 3268; x_wconf 86' lang='lat' dir='ltr'><strong>seu</strong></span> 
     </span>
     <span class='ocr_line' id='line_1_100' title="bbox 1355 3292 2378 3344; baseline -0.003 -12"><span class='ocrx_word' id='word_1_645' title='bbox 1355 3297 1574 3344; x_wconf 85' lang='lat' dir='ltr'><strong>speciosam</strong></span> <span class='ocrx_word' id='word_1_646' title='bbox 1593 3296 1873 3344; x_wconf 85' lang='lat' dir='ltr'><strong>gratiositatem</strong></span> <span class='ocrx_word' id='word_1_647' title='bbox 1899 3295 2122 3333; x_wconf 81' lang='lat' dir='ltr'><strong>substantiae</strong></span> <span class='ocrx_word' id='word_1_648' title='bbox 2145 3292 2359 3341; x_wconf 77' lang='lat' dir='ltr'><strong>corporalis</strong></span> <span class='ocrx_word' id='word_1_649' title='bbox 2366 3305 2378 3339; x_wconf 89' lang='lat'>;</span> 
     </span>
    </p>
   </div>
   <div class='ocr_carea' id='block_1_13' title="bbox 1356 3391 2379 3528">
    <p class='ocr_par' dir='ltr' id='par_1_13' title="bbox 1356 3391 2379 3528">
     <span class='ocr_line' id='line_1_101' title="bbox 1356 3391 2379 3436; baseline -0.005 -9"><span class='ocrx_word' id='word_1_650' title='bbox 1356 3396 1368 3416; x_wconf 70' lang='lat'><strong>‘³</strong></span> <span class='ocrx_word' id='word_1_651' title='bbox 1388 3395 1507 3436; x_wconf 63' lang='lat' dir='ltr'><strong>an-li„</strong></span> <span class='ocrx_word' id='word_1_652' title='bbox 1528 3403 1650 3436; x_wconf 65' lang='lat' dir='ltr'><strong>xxxix,</strong></span> <span class='ocrx_word' id='word_1_653' title='bbox 1674 3397 1704 3436; x_wconf 85' lang='lat'><strong>7,</strong></span> <span class='ocrx_word' id='word_1_654' title='bbox 1727 3397 1757 3427; x_wconf 89' lang='lat'><strong>8.</strong></span> <span class='ocrx_word' id='word_1_655' title='bbox 1772 3411 1812 3418; x_wconf 87' lang='lat'><strong>—-</strong></span> <span class='ocrx_word' id='word_1_656' title='bbox 1834 3397 1842 3414; x_wconf 88' lang='lat'>⁷</span> <span class='ocrx_word' id='word_1_657' title='bbox 1863 3395 1974 3434; x_wconf 65' lang='lat' dir='ltr'><strong>Dent„</strong></span> <span class='ocrx_word' id='word_1_658' title='bbox 1997 3401 2033 3435; x_wconf 87' lang='lat' dir='ltr'><strong>x,</strong></span> <span class='ocrx_word' id='word_1_659' title='bbox 2056 3395 2106 3426; x_wconf 90' lang='lat'><strong>13.</strong></span> <span class='ocrx_word' id='word_1_660' title='bbox 2124 3409 2166 3416; x_wconf 94' lang='lat'><strong>—-</strong></span> <span class='ocrx_word' id='word_1_661' title='bbox 2188 3393 2198 3411; x_wconf 80' lang='lat'>⁸</span> <span class='ocrx_word' id='word_1_662' title='bbox 2219 3392 2245 3424; x_wconf 83' lang='grc' dir='ltr'><strong>ΙΙ</strong></span> <span class='ocrx_word' id='word_1_663' title='bbox 2265 3391 2379 3433; x_wconf 67' lang='lat' dir='ltr'><strong>Esdr„</strong></span> 
     </span>
     <span class='ocr_line' id='line_1_102' title="bbox 1358 3438 2379 3484; baseline -0.003 -11"><span class='ocrx_word' id='word_1_664' title='bbox 1358 3451 1379 3481; x_wconf 79' lang='lat' dir='ltr'><strong>t,</strong></span> <span class='ocrx_word' id='word_1_665' title='bbox 1403 3445 1434 3473; x_wconf 84' lang='lat'><strong>7.</strong></span> <span class='ocrx_word' id='word_1_666' title='bbox 1458 3444 1523 3466; x_wconf 60' lang='lat' dir='ltr'><strong>—f·</strong></span> <span class='ocrx_word' id='word_1_667' title='bbox 1547 3444 1586 3475; x_wconf 85' lang='grc' dir='ltr'><strong>ΙΙΙ</strong></span> <span class='ocrx_word' id='word_1_668' title='bbox 1608 3443 1697 3484; x_wconf 69' lang='lat' dir='ltr'><strong>Rey„</strong></span> <span class='ocrx_word' id='word_1_669' title='bbox 1721 3450 1759 3481; x_wconf 80' lang='lat'><strong>11,</strong></span> <span class='ocrx_word' id='word_1_670' title='bbox 1781 3444 1808 3475; x_wconf 92' lang='lat'><strong>3.</strong></span> <span class='ocrx_word' id='word_1_671' title='bbox 1835 3459 1870 3465; x_wconf 94' lang='lat'>—</span> <span class='ocrx_word' id='word_1_672' title='bbox 1893 3442 1919 3464; x_wconf 85' lang='lat'><strong>¹⁰</strong></span> <span class='ocrx_word' id='word_1_673' title='bbox 1933 3441 2006 3482; x_wconf 85' lang='lat' dir='ltr'><strong>Job,</strong></span> <span class='ocrx_word' id='word_1_674' title='bbox 2027 3448 2091 3481; x_wconf 82' lang='lat' dir='ltr'><strong>vn,</strong></span> <span class='ocrx_word' id='word_1_675' title='bbox 2111 3441 2142 3472; x_wconf 81' lang='lat'><strong>2.</strong></span> <span class='ocrx_word' id='word_1_676' title='bbox 2160 3456 2199 3463; x_wconf 93' lang='lat'><strong>—</strong></span> <span class='ocrx_word' id='word_1_677' title='bbox 2221 3439 2242 3458; x_wconf 91' lang='lat'><strong>¹¹</strong></span> <span class='ocrx_word' id='word_1_678' title='bbox 2263 3438 2379 3479; x_wconf 62' lang='lat' dir='ltr'><strong>Eccli„</strong></span> 
     </span>
     <span class='ocr_line' id='line_1_103' title="bbox 1358 3492 1483 3528; baseline -0.008 -7"><span class='ocrx_word' id='word_1_679' title='bbox 1358 3498 1413 3528; x_wconf 59' lang='lat' dir='ltr'><strong>XL,</strong></span> <span class='ocrx_word' id='word_1_680' title='bbox 1433 3492 1483 3521; x_wconf 71' lang='lat'><strong>132.</strong></span> 
     </span>
    </p>
   </div>
  </div>
 </body>
</html>
