2633 3878
1129 133 1299 175 CAPUT
1331 134 1399 174 ill.

198 223 414 271 Quantum
436 223 568 275 igitur
587 223 640 264 ad
658 225 825 275 tempus
845 222 1156 274 prosperitatis,
1178 223 1224 262 in

198 305 283 345 quo
307 293 552 344 ridendum;
585 296 626 334 et
655 293 920 333 adversitatis
935 325 944 341 ,
968 293 1011 332 in
1031 304 1117 345 quo
1138 293 1226 344 plo-

199 363 400 414 randum,
432 364 558 405 dicit:
598 365 776 415 Tempus
798 362 949 415 flendi.
976 362 1022 402 In
1042 362 1228 402 adversi-

203 435 283 475 tate
305 438 314 458 ¹
336 449 345 475 :
369 449 388 473 ε(
411 435 556 475 Omnis
578 434 755 475 maritus
777 433 957 486 sumpsit
976 433 1227 482 lamentum,

200 506 241 543 et
267 516 363 556 quae
395 505 595 545 sedebant
629 505 674 545 in
703 505 826 545 thoro
861 503 1068 553 maritali,
1105 502 1229 553 luge-

201 574 314 614 bant.
338 589 357 612 ›)
381 574 432 615 Et
450 576 463 596 ²
484 590 492 615 ε
521 590 540 614 (ι
565 575 741 616 Plorans
770 575 951 628 ploravit
971 574 1014 614 in
1037 576 1182 622 nocte,
1208 586 1227 610 ›>

200 644 241 684 id
263 647 347 694 est,
372 645 413 684 in
444 645 720 696 adversitate,
749 661 767 684 α
788 648 829 686 et
848 646 1048 698 lacrymae
1078 645 1171 696 ejus
1191 643 1232 683 in

201 714 386 755 maxillis
405 716 440 768 ej
451 728 511 756 us.
534 731 554 753 n
573 716 635 758 Et
655 720 818 768 tempus
834 715 1035 766 ridendi,
1057 715 1101 755 in
1122 726 1236 768 pros-

203 787 378 838 peritate
397 787 440 827 ³:
467 801 486 825 (‹
504 786 661 828 ludaeis
691 799 802 828 nova
832 787 908 827 lux
941 786 1041 826 oriri
1070 786 1237 827 videba-

203 859 290 907 tur,
312 860 353 898 et
375 857 599 909 gaudium,
616 860 743 910 atque
761 856 1010 909 tripudium.
1036 871 1054 895 ))
1071 856 1121 897 Et
1135 868 1239 909 prae-

205 928 331 968 mittit
350 928 497 969 ssetum
517 929 639 978 risui,
663 928 729 969 vel
749 927 848 981 quia
873 927 1073 980 praecedit
1094 939 1240 968 secun—

205 999 309 1040 dum
335 1002 533 1040 naturam
565 999 725 1052 lapsam
745 999 788 1039 ¹⁰:
822 1015 841 1038 (ι
874 999 1063 1040 Primam
1093 1011 1240 1040 vocem

206 1071 386 1111 similem
405 1071 606 1112 omnibus
630 1071 751 1111 emisi
780 1070 977 1124 plorans3
1004 1084 1023 1107 »
1050 1069 1118 1110 vel
1143 1069 1243 1122 quia

205 1141 343 1193 primo
363 1141 618 1193 dolendum,
643 1141 744 1194 quia
764 1144 802 1181 ⁵:
832 1156 851 1179 (ι
870 1140 1009 1192 Beati,
1033 1141 1107 1193 qui
1128 1152 1244 1180 nunc

206 1211 336 1262 fletis,
358 1211 459 1264 quia
490 1212 698 1263 ridebitis3
726 1227 745 1251 n
762 1225 784 1253 e
805 1214 950 1253 contra
980 1212 1032 1253 de
1061 1211 1185 1252 malis
1202 1211 1242 1251 ⁶:

214 1297 232 1320 «
254 1282 377 1323 Risus
397 1282 539 1324 dolore
560 1284 819 1325 miscebitur.
848 1298 866 1321 n

264 1354 478 1404 Quantum
497 1355 549 1396 ad
564 1355 843 1408 jucunditatis
862 1357 1034 1404 statum,
1056 1356 1097 1394 et
1119 1365 1247 1394 suum

211 1425 472 1478 oppositum,
494 1426 591 1466 dicit
615 1426 676 1479 (v.
698 1427 740 1479 4)
758 1441 767 1467 :
796 1427 976 1478 Tempus
990 1423 1245 1477 plauyeudi,

211 1500 250 1538 ec
271 1499 433 1548 tempus
455 1497 666 1540 saltandi.
690 1498 836 1539 Differt
861 1498 1079 1550 planctUS,
1111 1500 1151 1537 et
1180 1496 1251 1536 sse-

212 1570 298 1618 tus,
321 1566 446 1618 risus,
469 1570 510 1608 et
529 1568 684 1618 saltus3
708 1569 809 1621 quia
828 1569 952 1609 fletus
970 1570 1032 1608 est
1054 1568 1098 1607 in
1117 1567 1250 1619 lacry-

213 1637 316 1689 mis,
338 1637 533 1690 planctus
549 1639 593 1679 in
613 1651 731 1689 voce,
761 1639 870 1679 risus
891 1639 936 1679 in
957 1639 1096 1690 signo,
1119 1638 1251 1678 saltus

214 1709 259 1749 in
277 1710 463 1762 corporis
478 1710 726 1752 elevatione.
747 1710 803 1751 De
822 1710 994 1763 planctu
1012 1714 1051 1749 ⁷:
1072 1724 1091 1748 «
1108 1708 1251 1750 Planc‘

216 1783 285 1821 tus
303 1793 491 1832 magnus
511 1784 574 1822 est
592 1781 668 1822 iste
697 1780 934 1834 AEgyptiis,
955 1795 975 1819 »
1002 1781 1082 1821 hoc
1115 1782 1178 1821 est
1200 1780 1253 1821 ad

217 1851 440 1904 exequias;
474 1851 546 1892 sed
578 1851 708 1892 saltus
740 1851 790 1892 ad
827 1851 1113 1892 solemnitates
1141 1862 1250 1903 prae-

218 1922 377 1973 claras,
408 1922 523 1963 unde
552 1921 705 1962 dicitur
733 1925 761 1971 8,
795 1922 908 1974 quod
935 1921 980 1962 in
1009 1921 1075 1962 die
1103 1921 1254 1962 natalis

219 1993 394 2035 Herodis
413 1993 590 2035 intravit
609 1994 697 2033 filia
716 1993 978 2044 Herodiadis‚
1001 1995 1048 2033 ut
1068 1993 1251 2034 saltaret.

273 2064 488 2114 Quantum
529 2064 580 2105 ad
611 2066 779 2118 tempus
816 2065 1077 2114 securitatis,
1113 2066 1154 2105 et
1188 2065 1255 2105 sui

217 2136 412 2189 oppositi,
438 2136 536 2177 dicit
561 2135 624 2189 (v.
641 2136 713 2189 5):
747 2136 924 2189 Tempus
944 2134 1178 2188 sparqendz'
1196 2135 1256 2177 la-

216 2206 362 2260 pides,
387 2207 541 2247 scilicet
573 2209 634 2247 est
661 2207 864 2247 securitas
883 2210 926 2247 ⁹:
955 2221 974 2245 (‹
997 2206 1090 2247 Non
1118 2209 1259 2247 sumet

220 2291 327 2331 gens
345 2279 573 2319 adversum
597 2281 771 2331 gentem
801 2278 1047 2330 gladium.»
1079 2278 1257 2331 Tempus

222 2349 471 2402 colliqeudi,
509 2349 562 2390 ad
594 2349 903 2389 extructionem
943 2349 1255 2399 munitionum,

224 2420 381 2461 scilicet
405 2419 575 2473 quando
595 2419 646 2460 de
664 2419 860 2460 hostibus
887 2422 951 2460 est
977 2419 1181 2461 timiditas
1202 2424 1255 2460 ¹⁰:

231 2507 249 2530 «
264 2490 503 2532 AEdificavit
517 2502 689 2531 omnem
705 2502 896 2541 murum,
907 2490 981 2543 qui
991 2490 1128 2531 fuerat
1141 2490 1261 2531 dissi·

224 2566 370 2617 patus,
392 2564 433 2602 et
455 2561 646 2603 extruxit
664 2566 817 2602 turres.
841 2575 860 2598 n
887 2561 1087 2614 Sequitur
1105 2576 1113 2602 :
1141 2561 1259 2604 Tem-

223 2645 306 2687 pus
338 2632 638 2685 amplexandi.
675 2631 814 2673 Posita
849 2632 1054 2674 varietate
1093 2635 1257 2686 tempo--

226 2717 340 2756 rum,
363 2716 459 2758 quae
480 2703 650 2757 respicit
670 2706 812 2744 ortum
827 2706 867 2744 et
883 2716 1081 2745 occasum
1094 2716 1258 2756 rerum,

228 2780 268 2818 et
298 2776 424 2817 etiam
456 2777 640 2825 statum3
675 2775 849 2827 ponitur
879 2775 950 2816 hic
980 2776 1130 2824 tertio,
1164 2787 1262 2828 quae

227 2847 398 2900 respicit
417 2858 567 2897 usum,
591 2848 631 2886 et
650 2846 731 2886 hoc
752 2846 834 2887 sub
856 2845 1123 2899 quadruplici
1141 2845 1259 2887 diffe-

229 2917 387 2959 rentia:
413 2916 569 2958 scilicet
588 2919 796 2969 quantum
822 2917 876 2958 ad
903 2928 1031 2957 usum
1055 2928 1259 2967 uxorum,

230 3000 328 3043 quae
353 2987 541 3029 consistit
560 2988 606 3028 in
633 2988 898 3041 copulatione
926 2987 1082 3028 carnali
1110 2987 1162 3028 ad
1183 2999 1263 3039 ge-

230 3059 493 3100 nerationem
526 3059 678 3112 prolis,
711 3061 752 3099 et
781 3058 910 3099 dicit:
951 3058 1132 3111 Tempus
1168 3069 1262 3100 am-

228 3129 457 3183 plexandi,
481 3132 520 3172 et
539 3132 702 3182 tempus
719 3129 836 3182 lonae
857 3129 956 3181 fieri
979 3128 1031 3171 ab
1051 3128 1266 3182 amplexi-

232 3202 322 3245 bus.
339 3204 365 3227 ¹¹
382 3217 400 3239 «
419 3200 647 3254 Reliquum
661 3202 738 3252 est,
759 3202 807 3241 ut
825 3199 899 3253 qui
914 3200 1073 3241 habent
1091 3213 1262 3253 uxores,

276 3287 311 3317 ¹1
334 3285 457 3326 Maeli„
477 3292 501 3326 1,
517 3286 568 3317 28.
585 3285 652 3309 —2
671 3284 801 3324 Thren„
819 3292 842 3324 1,
865 3286 895 3316 2.
909 3301 947 3308 -
965 3283 1103 3326 ⁸Estlz.‚
1121 3292 1196 3326 v111,
1216 3287 1263 3319 16.

232 3333 300 3357 -δ
320 3333 412 3374 Sap„
434 3340 496 3373 vn,
517 3334 547 3365 3.
567 3349 607 3355 -—
624 3333 635 3351 ⁵
650 3332 741 3372 Luc„
762 3339 809 3371 v1,
827 3333 880 3363 21.
898 3349 938 3355 —
960 3332 971 3350 ⁶
987 3334 1096 3371 Prov„
1121 3339 1192 3374 xiv,
1215 3334 1265 3365 13.

232 3395 274 3403 ——
297 3380 306 3400 ⁷
326 3380 420 3422 Gen„
440 3388 473 3420 L,
496 3383 549 3413 Η.
567 3397 602 3402 -
622 3379 636 3401 ⁸
654 3380 772 3417 Marc„
793 3386 841 3419 Vl,
861 3380 912 3410 21.
937 3397 972 3402 -
994 3380 1005 3398 ⁹
1025 3379 1140 3420 Micia„
1160 3387 1209 3420 IV,
1235 3381 1265 3413 3.

234 3444 274 3450 —
305 3426 332 3450 ¹⁰
361 3428 386 3459 ll
412 3426 576 3469 paralip„
604 3433 722 3466 xxxu,
742 3428 773 3458 5.
800 3443 837 3451 —
865 3425 889 3448 ¹¹
917 3427 926 3458 l
953 3426 1044 3467 Cor.,
1067 3434 1134 3467 vn,
1155 3428 1208 3459 29.
1227 3444 1268 3451 —

395 3498 493 3527 TOM.
524 3499 584 3527 lx.

2249 145 2326 183 609

1301 223 1386 263 sint
1407 226 1607 275 tanquam
1637 236 1724 264 nou
1744 225 1960 266 habentes.
1983 242 2002 263 »
2026 227 2075 268 Et
2094 228 2247 270 iterum
2271 234 2326 272 ¹²:

1309 308 1328 330 «
1347 293 1480 334 Nolite
1496 294 1692 335 fraudare
1711 295 1916 347 invicem,
1938 298 2017 337 nisi
2036 299 2141 341 sorte
2157 312 2211 341 ex
2229 313 2330 343 con-

1305 376 1431 405 sensu
1452 365 1502 405 ad
1522 368 1706 418 tempus,
1729 369 1776 406 ut
1799 368 1955 408 vacetis
1976 370 2170 422 orationi,
2192 375 2233 413 et
2252 373 2331 414 ite·

1305 446 1403 475 rum
1424 436 1689 477 revertimini
1712 436 1756 477 in
1776 437 1976 490 idipsum.
1997 454 2016 476 »

1369 505 1583 554 Quantum
1619 507 1668 548 ad
1714 520 1841 548 usum
1888 511 2201 561 possessionum
2217 545 2230 564 ,
2271 515 2337 555 di-

1308 575 1363 614 cit
1387 576 1453 626 (v.
1476 577 1549 628 6):
1591 577 1768 629 Tempus
1801 579 2070 632 acquirendi,
2103 586 2143 625 ec
2174 587 2338 637 tempus

1307 646 1527 699 perdendi.
1549 648 1824 700 Acquirimus
1850 663 1924 703 per
1956 651 2236 706 industriam,
2269 657 2340 697 sed

1311 718 1528 771 perdimus
1548 730 1622 770 per
1642 719 1876 771 pigritiam.
1900 721 1932 744 ¹³
1958 736 1976 760 (ι
1994 721 2171 775 Sapiens
2187 726 2343 768 mulier

1312 788 1492 829 aedificat
1510 788 1685 829 domum
1707 801 1853 839 suam;
1876 791 2080 844 insipiens
2102 797 2341 838 extructam

1314 872 1484 913 quoque
1497 860 1695 900 manibus
1709 860 1909 902 destruet.
1921 862 2023 903 »Vel
2035 866 2279 917 acquirendi
2299 868 2346 909 in

1314 930 1427 980 vita,
1447 930 1648 983 perdendi
1669 931 1713 970 in
1745 934 1881 973 morte
1901 933 1927 954 ¹⁶
1947 947 1955 973 ;
1985 948 2004 973 ε(
2022 933 2195 977 DivitIas
2209 969 2219 989 ,
2241 951 2347 991 quas

1316 1000 1551 1050 devoravit,
1576 1004 1794 1043 evomet.»

1372 1071 1587 1121 Quantum
1608 1072 1660 1112 ad
1686 1085 1812 1113 usum
1833 1073 2132 1118 thesaurorum
2146 1110 2156 1129 ,
2177 1079 2345 1123 subdit:

1323 1143 1498 1195 Tempus
1518 1143 1810 1194 custodiendi,
1843 1147 2013 1198 quando
2040 1150 2103 1189 est
2123 1150 2350 1192 abundan-

1320 1213 1400 1264 tia3
1424 1216 1462 1255 ec
1487 1216 1649 1265 tempus
1677 1213 1934 1269 abjiciendi,
1960 1219 2129 1270 quando
2154 1223 2216 1262 est
2243 1234 2349 1275 pau-

1321 1296 1472 1336 perum
1505 1284 1773 1337 indigentia:
1809 1287 2055 1341 exemplum
2087 1290 2138 1332 de
2169 1292 2350 1346 loseph,

1321 1355 1397 1408 qui
1423 1355 1650 1397 custodivit
1676 1356 1721 1395 in
1751 1356 1989 1409 fertilitate,
2023 1362 2065 1401 et
2089 1361 2284 1415 dispersit
2309 1365 2355 1406 in

1323 1428 1525 1477 egestate.
1547 1425 1840 1468 Custodiendae
1860 1430 1973 1470 enim
1996 1435 2095 1473 sunt
2115 1433 2288 1486 divitiae,
2305 1438 2355 1476 ut

1323 1496 1647 1549 dispergantur3
1664 1498 1776 1539 unde
1796 1499 1822 1524 ¹⁵
1834 1513 1842 1539 :
1855 1515 1875 1538 (ι
1893 1500 2108 1555 Dispersit,
2127 1505 2240 1547 dedit
2252 1519 2356 1559 pau-

1326 1567 1513 1620 peribus.
1545 1582 1564 1604 ))
1596 1567 1813 1616 Quantum
1841 1570 1891 1611 ad
1922 1584 2051 1613 usum
2079 1576 2358 1619 vestimento-

1325 1649 1439 1688 rum,
1461 1638 1602 1679 subdit
1625 1640 1687 1690 (v.
1707 1639 1750 1692 7)
1771 1652 1780 1680 :
1808 1640 1984 1694 Tempus
2000 1645 2241 1699 scindendi,
2260 1661 2358 1690 cum

1326 1708 1602 1749 devastantur
1614 1724 1623 1759 3
1649 1712 1688 1752 et
1706 1713 1868 1763 tempus
1889 1716 2136 1768 consuendi,
2158 1718 2260 1770 quia
2272 1731 2362 1762 ves-

1327 1780 1502 1821 timenta
1527 1783 1672 1822 nostra
1702 1783 1890 1835 quotidie
1919 1785 2196 1830 devastantur
2227 1794 2269 1832 et
2293 1804 2359 1833 re-

1328 1853 1558 1902 novantur,
1588 1852 1671 1892 nisi
1695 1853 1801 1895 forte
1826 1855 1971 1898 divino
1999 1859 2227 1912 miraculo,
2255 1862 2363 1904 sicut

1329 1922 1534 1975 scriptum
1559 1926 1620 1964 est
1640 1924 1668 1946 ¹⁴³
1691 1938 1699 1965 :
1729 1924 2071 1970 «Vestimentum
2097 1933 2244 1984 tuum,
2276 1945 2362 1987 quo

1330 1994 1600 2047 operiebaris,
1624 2007 1894 2049 nequaquam
1916 2001 2123 2042 vetustate
2140 2003 2312 2045 defecit:
2335 2020 2355 2043 »
2377 2007 2380 2012 ’

1331 2065 1402 2106 sed
1416 2068 1559 2107 nostra.
1572 2066 1653 2107 cito
1673 2072 1981 2111 consumuntur
1996 2071 2048 2124 (a)
2069 2087 2077 2112 ε
2095 2073 2189 2115 ideo
2207 2087 2360 2127 parum

1331 2139 1392 2176 est
1423 2137 1660 2178 curandum
1682 2140 1741 2179 ¹⁷:
1772 2139 2024 2183 «Habentes
2057 2144 2277 2197 alimenta,
2322 2150 2364 2188 et

1331 2207 1487 2259 quibus
1505 2210 1722 2260 tegamur,
1744 2209 1811 2250 his
1831 2213 2016 2254 contenti
2035 2214 2182 2256 simus.
2203 2231 2223 2255 ›)

1390 2278 1567 2331 Tempus
1591 2280 1776 2322 tacendi.
1806 2280 1883 2322 Hic
1910 2283 2083 2335 ponitur
2107 2290 2257 2339 quarta
2288 2301 2365 2331 va-

1332 2348 1458 2390 rietas
1477 2350 1700 2403 temporis,
1731 2363 1830 2405 quae
1859 2355 2029 2407 respicit
2054 2356 2243 2399 debitum
2263 2371 2366 2401 con-

1334 2420 1531 2461 versandi
1556 2421 1750 2471 modum,
1769 2435 1865 2475 quae
1886 2425 2114 2466 attenditur
2133 2429 2365 2471 secundum

1334 2490 1541 2543 triplicem
1589 2494 1762 2534 actuum
1816 2493 2135 2538 alternationem
2152 2529 2162 2548 ‚
2211 2499 2367 2542 scilicet

1334 2563 1543 2614 quantum
1564 2561 1616 2602 ad
1636 2564 1781 2604 actum
1809 2565 2090 2619 rationabilis,
2119 2568 2195 2621 qui
2223 2573 2285 2611 est
2302 2571 2366 2612 lo-

1335 2633 1431 2686 qui;
1456 2634 1813 2687 concupiscibilis,
1844 2637 1918 2690 qui
1942 2640 2005 2679 est
2025 2650 2170 2681 amare
2184 2655 2194 2691 ;
2216 2641 2367 2684 irasci-

1335 2704 1451 2755 bilis,
1479 2705 1602 2757 cujus
1628 2708 1691 2746 est
1717 2706 1896 2758 bellare3
1923 2710 1964 2749 et
1990 2713 2200 2762 quantum
2219 2713 2272 2755 ad
2290 2727 2369 2756 sua

1336 2774 1544 2827 opposita.
1580 2774 1793 2824 Quantum
1825 2790 1930 2831 ergo
1964 2780 2018 2822 ad
2046 2781 2367 2827 alternationem

1337 2844 1572 2897 locutionis,
1593 2846 1713 2888 dicit:
1737 2848 1916 2902 Tempus
1936 2852 2119 2904 tacendi,
2140 2858 2182 2898 et
2205 2859 2370 2909 tempus

1338 2916 1540 2968 loquendi
1550 2929 1567 2970 ,·
1586 2919 1688 2971 quia
1706 2931 1794 2961 non
1813 2933 1980 2976 semper
1999 2923 2274 2979 loquendum,
2291 2940 2369 2970 nec

1339 3000 1506 3041 semper
1528 2990 1754 3032 tacendum
1768 2996 1822 3033 ¹⁸:
1842 3008 1861 3032 «
1875 2993 2012 3036 Homo
2032 2996 2198 3048 sapiens
2217 2999 2371 3042 tacebIt

1339 3070 1475 3112 usque
1494 3059 1546 3101 ad
1563 3062 1756 3114 tempus;
1778 3063 1964 3106 lascivus
1986 3067 2129 3107 autem
2150 3069 2191 3108 et
2212 3068 2371 3122 impru-

1339 3128 1442 3170 dens
1463 3142 1549 3171 non
1568 3131 1755 3173 servabit
1774 3135 1991 3186 tempus.»
2015 3135 2131 3178 Unde
2153 3141 2183 3164 ¹⁹
2204 3152 2244 3179 x«
2263 3139 2373 3183 Mala

1341 3213 1470 3242 aurea
1496 3201 1540 3242 in
1565 3201 1682 3242 lectis
1707 3204 1946 3255 argenteis,
1974 3205 2046 3258 qui
2067 3206 2255 3261 loquitur
2272 3223 2371 3254 ver-

1343 3284 1370 3308 ¹²
1392 3285 1491 3326 ibid„
1514 3286 1544 3317 5.
1562 3302 1604 3308 —
1630 3285 1654 3307 ¹⁸
1674 3285 1877 3327 Prov.‚x1v‚
1906 3291 1934 3320 l.
1957 3304 1996 3312 -
2022 3289 2050 3311 ¹⁴
2069 3289 2149 3330 Job,
2171 3298 2237 3333 xx,
2264 3295 2312 3326 ⁴5.
2334 3312 2375 3319 —

1343 3333 1366 3350 ¹⁵
1386 3332 1476 3363 Psal.
1497 3340 1566 3372 cxi,
1587 3334 1668 3364 9.—
1687 3333 1712 3354 ¹⁵
1732 3333 1842 3372 Dent„
1862 3341 1938 3376 vm,
1962 3336 1992 3367 4.
2019 3353 2054 3358 —-
2080 3335 2104 3355 ¹⁷
2127 3338 2136 3369 Ι
2157 3338 2254 3382 Tim.,
2275 3349 2321 3382 vi,
2342 3343 2373 3375 8.

1343 3396 1382 3403 —
1404 3379 1428 3401 ¹⁸
1449 3378 1568 3418 Eccli.,
1590 3387 1648 3419 xx,
1669 3381 1698 3410 7.
1723 3397 1758 3402 ——
1785 3380 1806 3398 ¹⁹
1822 3381 1933 3422 Pron„
1949 3389 2029 3423 xxv,
2047 3386 2140 3416 11.—
2163 3385 2208 3427 (a)
2227 3387 2281 3420 Al.
2295 3397 2377 3421 con·

1344 3426 1568 3458 summantur.

2168 3496 2217 3534 39
