<?xml version="1.0" encoding="UTF-8"?>
<!DOCTYPE html PUBLIC "-//W3C//DTD XHTML 1.0 Transitional//EN"
    "http://www.w3.org/TR/xhtml1/DTD/xhtml1-transitional.dtd">
<html xmlns="http://www.w3.org/1999/xhtml" xml:lang="en" lang="en">
 <head>
  <title>
</title>
<meta http-equiv="Content-Type" content="text/html;charset=utf-8" />
  <meta name='ocr-system' content='tesseract 3.04.00' />
  <meta name='ocr-capabilities' content='ocr_page ocr_carea ocr_par ocr_line ocrx_word'/>
</head>
<body>
  <div class='ocr_page' id='page_1' title='image "./operaomniasixtiv09bonauoft/operaomniasixtiv09bonauoft_0128.png"; bbox 0 0 2633 3878; ppageno 0'>
   <div class='ocr_carea' id='block_1_1' title="bbox 261 235 1308 3146">
    <p class='ocr_par' dir='ltr' id='par_1_1' title="bbox 261 235 1308 3146">
     <span class='ocr_line' id='line_1_1' title="bbox 264 235 340 273; baseline 0 0"><span class='ocrx_word' id='word_1_1' title='bbox 264 235 340 273; x_wconf 73' lang='lat'>10⁶2</span> 
     </span>
     <span class='ocr_line' id='line_1_2' title="bbox 263 313 1289 372; baseline -0.009 -11"><span class='ocrx_word' id='word_1_2' title='bbox 263 318 566 372; x_wconf 78' lang='lat' dir='ltr'>expositionem</span> <span class='ocrx_word' id='word_1_3' title='bbox 586 324 858 355; x_wconf 90' lang='lat' dir='ltr'>communem</span> <span class='ocrx_word' id='word_1_4' title='bbox 880 313 1147 366; x_wconf 82' lang='lat' dir='ltr'>aliquorum3</span> <span class='ocrx_word' id='word_1_5' title='bbox 1173 315 1213 353; x_wconf 91' lang='lat' dir='ltr'>et</span> <span class='ocrx_word' id='word_1_6' title='bbox 1232 313 1289 353; x_wconf 89' lang='lat' dir='ltr'>sic</span> 
     </span>
     <span class='ocr_line' id='line_1_3' title="bbox 264 382 1289 440; baseline -0.007 -11"><span class='ocrx_word' id='word_1_7' title='bbox 264 394 427 440; x_wconf 86' lang='lat' dir='ltr'>tempus</span> <span class='ocrx_word' id='word_1_8' title='bbox 446 385 649 427; x_wconf 78' lang='lat' dir='ltr'>dividitur</span> <span class='ocrx_word' id='word_1_9' title='bbox 673 384 718 424; x_wconf 90' lang='lat' dir='ltr'>iu</span> <span class='ocrx_word' id='word_1_10' title='bbox 744 386 836 425; x_wconf 91' lang='lat' dir='ltr'>octo</span> <span class='ocrx_word' id='word_1_11' title='bbox 867 387 1024 424; x_wconf 75' lang='lat' dir='ltr'>aetates.</span> <span class='ocrx_word' id='word_1_12' title='bbox 1047 382 1289 423; x_wconf 88' lang='lat' dir='ltr'>Secundum</span> 
     </span>
     <span class='ocr_line' id='line_1_4' title="bbox 263 454 1288 508; baseline -0.004 -10"><span class='ocrx_word' id='word_1_13' title='bbox 263 459 364 498; x_wconf 79' lang='lat' dir='ltr'>alios</span> <span class='ocrx_word' id='word_1_14' title='bbox 385 456 599 496; x_wconf 76' lang='lat' dir='ltr'>reducitur</span> <span class='ocrx_word' id='word_1_15' title='bbox 627 458 796 508; x_wconf 81' lang='lat' dir='ltr'>tempus</span> <span class='ocrx_word' id='word_1_16' title='bbox 819 455 870 495; x_wconf 89' lang='lat' dir='ltr'>ad</span> <span class='ocrx_word' id='word_1_17' title='bbox 898 454 1108 507; x_wconf 76' lang='lat' dir='ltr'>quinque,</span> <span class='ocrx_word' id='word_1_18' title='bbox 1139 456 1179 494; x_wconf 87' lang='lat' dir='ltr'>et</span> <span class='ocrx_word' id='word_1_19' title='bbox 1208 455 1288 494; x_wconf 88' lang='lat' dir='ltr'>hoc.</span> 
     </span>
     <span class='ocr_line' id='line_1_5' title="bbox 261 524 1286 579; baseline -0.003 -14"><span class='ocrx_word' id='word_1_20' title='bbox 261 527 375 579; x_wconf 87' lang='lat' dir='ltr'>pouit</span> <span class='ocrx_word' id='word_1_21' title='bbox 405 525 612 576; x_wconf 87' lang='lat' dir='ltr'>Christus,</span> <span class='ocrx_word' id='word_1_22' title='bbox 646 525 718 578; x_wconf 92' lang='lat' dir='ltr'>qui</span> <span class='ocrx_word' id='word_1_23' title='bbox 751 524 868 577; x_wconf 90' lang='lat' dir='ltr'>ponit</span> <span class='ocrx_word' id='word_1_24' title='bbox 893 524 1082 576; x_wconf 81' lang='lat' dir='ltr'>quinque</span> <span class='ocrx_word' id='word_1_25' title='bbox 1105 524 1286 564; x_wconf 82' lang='lat' dir='ltr'>vocatio-</span> 
     </span>
     <span class='ocr_line' id='line_1_6' title="bbox 261 594 1287 647; baseline -0.003 -10"><span class='ocrx_word' id='word_1_26' title='bbox 261 609 335 637; x_wconf 84' lang='lat' dir='ltr'>nes</span> <span class='ocrx_word' id='word_1_27' title='bbox 357 601 365 623; x_wconf 93' lang='lat'><strong>¹</strong></span> <span class='ocrx_word' id='word_1_28' title='bbox 386 612 394 637; x_wconf 74' lang='grc' dir='ltr'>ε</span> <span class='ocrx_word' id='word_1_29' title='bbox 424 612 442 635; x_wconf 71' lang='grc' dir='ltr'>(ι</span> <span class='ocrx_word' id='word_1_30' title='bbox 466 596 610 637; x_wconf 85' lang='lat' dir='ltr'>Simile</span> <span class='ocrx_word' id='word_1_31' title='bbox 636 599 695 637; x_wconf 88' lang='lat' dir='ltr'>est</span> <span class='ocrx_word' id='word_1_32' title='bbox 721 607 905 647; x_wconf 83' lang='lat' dir='ltr'>regnum</span> <span class='ocrx_word' id='word_1_33' title='bbox 927 594 1130 635; x_wconf 84' lang='lat' dir='ltr'>coelorum</span> <span class='ocrx_word' id='word_1_34' title='bbox 1159 594 1287 647; x_wconf 86' lang='lat' dir='ltr'>patri-</span> 
     </span>
     <span class='ocr_line' id='line_1_7' title="bbox 262 666 1290 720; baseline -0.004 -11"><span class='ocrx_word' id='word_1_35' title='bbox 262 668 462 718; x_wconf 77' lang='lat' dir='ltr'>familias,</span> <span class='ocrx_word' id='word_1_36' title='bbox 485 668 556 720; x_wconf 90' lang='lat' dir='ltr'>qui</span> <span class='ocrx_word' id='word_1_37' title='bbox 582 668 685 708; x_wconf 80' lang='lat' dir='ltr'>exiit</span> <span class='ocrx_word' id='word_1_38' title='bbox 704 666 935 707; x_wconf 72' lang='lat' dir='ltr'>conducere.</span> <span class='ocrx_word' id='word_1_39' title='bbox 961 666 1172 718; x_wconf 84' lang='lat' dir='ltr'>operarios</span> <span class='ocrx_word' id='word_1_40' title='bbox 1193 678 1290 706; x_wconf 90' lang='lat' dir='ltr'>suos</span> 
     </span>
     <span class='ocr_line' id='line_1_8' title="bbox 263 737 1285 790; baseline -0.004 -10"><span class='ocrx_word' id='word_1_41' title='bbox 263 741 305 780; x_wconf 90' lang='lat' dir='ltr'>in</span> <span class='ocrx_word' id='word_1_42' title='bbox 320 740 486 780; x_wconf 81' lang='lat' dir='ltr'>vineam</span> <span class='ocrx_word' id='word_1_43' title='bbox 500 751 622 780; x_wconf 80' lang='lat' dir='ltr'>suain</span> <span class='ocrx_word' id='word_1_44' title='bbox 634 754 650 775; x_wconf 73' lang='lat' dir='ltr'>n</span> <span class='ocrx_word' id='word_1_45' title='bbox 665 739 769 779; x_wconf 89' lang='lat' dir='ltr'>hora</span> <span class='ocrx_word' id='word_1_46' title='bbox 783 738 933 790; x_wconf 87' lang='lat' dir='ltr'>prima,</span> <span class='ocrx_word' id='word_1_47' title='bbox 949 737 1103 777; x_wconf 75' lang='lat' dir='ltr'>scilicet</span> <span class='ocrx_word' id='word_1_48' title='bbox 1115 753 1134 775; x_wconf 86' lang='lat'>«</span> <span class='ocrx_word' id='word_1_49' title='bbox 1148 749 1285 783; x_wconf 86' lang='lat' dir='ltr'>manc,</span> 
     </span>
     <span class='ocr_line' id='line_1_9' title="bbox 263 807 1292 860; baseline -0.004 -9"><span class='ocrx_word' id='word_1_50' title='bbox 263 811 403 860; x_wconf 86' lang='lat' dir='ltr'>tertia,</span> <span class='ocrx_word' id='word_1_51' title='bbox 435 813 569 859; x_wconf 80' lang='lat' dir='ltr'>sexta,</span> <span class='ocrx_word' id='word_1_52' title='bbox 601 821 732 859; x_wconf 87' lang='lat' dir='ltr'>nona,</span> <span class='ocrx_word' id='word_1_53' title='bbox 763 808 1002 849; x_wconf 87' lang='lat' dir='ltr'>undecima.</span> <span class='ocrx_word' id='word_1_54' title='bbox 1027 822 1045 845; x_wconf 84' lang='lat'>›&gt;</span> <span class='ocrx_word' id='word_1_55' title='bbox 1072 807 1193 848; x_wconf 86' lang='lat' dir='ltr'>Mane</span> <span class='ocrx_word' id='word_1_56' title='bbox 1211 808 1292 848; x_wconf 89' lang='lat' dir='ltr'>fuit</span> 
     </span>
     <span class='ocr_line' id='line_1_10' title="bbox 265 878 1289 933; baseline -0.005 -10"><span class='ocrx_word' id='word_1_57' title='bbox 265 882 430 923; x_wconf 90' lang='lat' dir='ltr'>initium</span> <span class='ocrx_word' id='word_1_58' title='bbox 460 883 683 930; x_wconf 58' lang='lat' dir='ltr'>creaturae,</span> <span class='ocrx_word' id='word_1_59' title='bbox 709 880 809 933; x_wconf 87' lang='lat' dir='ltr'>quia</span> <span class='ocrx_word' id='word_1_60' title='bbox 828 880 993 920; x_wconf 86' lang='lat' dir='ltr'>vocavit</span> <span class='ocrx_word' id='word_1_61' title='bbox 1020 879 1131 919; x_wconf 88' lang='lat' dir='ltr'>Deus</span> <span class='ocrx_word' id='word_1_62' title='bbox 1150 878 1289 919; x_wconf 90' lang='lat' dir='ltr'>homi-</span> 
     </span>
     <span class='ocr_line' id='line_1_11' title="bbox 265 950 1293 1004; baseline -0.004 -11"><span class='ocrx_word' id='word_1_63' title='bbox 265 966 359 993; x_wconf 87' lang='lat' dir='ltr'>nem</span> <span class='ocrx_word' id='word_1_64' title='bbox 373 953 421 993; x_wconf 90' lang='lat' dir='ltr'>de</span> <span class='ocrx_word' id='word_1_65' title='bbox 435 952 645 1002; x_wconf 72' lang='lat' dir='ltr'>paradiso,</span> <span class='ocrx_word' id='word_1_66' title='bbox 661 954 700 992; x_wconf 88' lang='lat' dir='ltr'>et</span> <span class='ocrx_word' id='word_1_67' title='bbox 714 950 912 1004; x_wconf 59' lang='lat' dir='ltr'>praecepit</span> <span class='ocrx_word' id='word_1_68' title='bbox 923 953 938 974; x_wconf 74' lang='lat'><em>2</em></span> <span class='ocrx_word' id='word_1_69' title='bbox 955 966 974 989; x_wconf 87' lang='lat'>«</span> <span class='ocrx_word' id='word_1_70' title='bbox 987 955 1035 991; x_wconf 90' lang='lat' dir='ltr'>ut</span> <span class='ocrx_word' id='word_1_71' title='bbox 1047 952 1293 1003; x_wconf 77' lang='lat' dir='ltr'>operaretur</span> 
     </span>
     <span class='ocr_line' id='line_1_12' title="bbox 265 1020 1288 1072; baseline -0.005 -7"><span class='ocrx_word' id='word_1_72' title='bbox 265 1028 304 1065; x_wconf 90' lang='lat' dir='ltr'>et</span> <span class='ocrx_word' id='word_1_73' title='bbox 330 1023 554 1065; x_wconf 76' lang='lat' dir='ltr'>custodiret</span> <span class='ocrx_word' id='word_1_74' title='bbox 577 1022 713 1063; x_wconf 88' lang='lat' dir='ltr'>illum.</span> <span class='ocrx_word' id='word_1_75' title='bbox 737 1036 756 1059; x_wconf 65' lang='lat'>&gt;³</span> <span class='ocrx_word' id='word_1_76' title='bbox 783 1021 934 1063; x_wconf 84' lang='lat' dir='ltr'><strong>Adhuc</strong></span> <span class='ocrx_word' id='word_1_77' title='bbox 954 1024 1095 1062; x_wconf 90' lang='lat' dir='ltr'>tamen</span> <span class='ocrx_word' id='word_1_78' title='bbox 1114 1020 1288 1072; x_wconf 84' lang='lat' dir='ltr'>lignum</span> 
     </span>
     <span class='ocr_line' id='line_1_13' title="bbox 265 1092 1292 1144; baseline -0.006 -7"><span class='ocrx_word' id='word_1_79' title='bbox 265 1108 349 1137; x_wconf 87' lang='lat' dir='ltr'>non</span> <span class='ocrx_word' id='word_1_80' title='bbox 377 1094 555 1136; x_wconf 90' lang='lat' dir='ltr'>habebat</span> <span class='ocrx_word' id='word_1_81' title='bbox 574 1092 813 1142; x_wconf 79' lang='lat' dir='ltr'>surculum3</span> <span class='ocrx_word' id='word_1_82' title='bbox 839 1092 890 1133; x_wconf 89' lang='lat' dir='ltr'>de</span> <span class='ocrx_word' id='word_1_83' title='bbox 909 1092 1040 1144; x_wconf 88' lang='lat' dir='ltr'>lignis</span> <span class='ocrx_word' id='word_1_84' title='bbox 1064 1094 1208 1132; x_wconf 87' lang='lat' dir='ltr'>tamen</span> <span class='ocrx_word' id='word_1_85' title='bbox 1228 1092 1292 1132; x_wconf 88' lang='lat' dir='ltr'>fa-</span> 
     </span>
     <span class='ocr_line' id='line_1_14' title="bbox 266 1162 1294 1220; baseline -0.005 -13"><span class='ocrx_word' id='word_1_86' title='bbox 266 1179 358 1207; x_wconf 85' lang='lat' dir='ltr'>cere</span> <span class='ocrx_word' id='word_1_87' title='bbox 378 1167 558 1220; x_wconf 85' lang='lat' dir='ltr'>poterat,</span> <span class='ocrx_word' id='word_1_88' title='bbox 586 1176 681 1217; x_wconf 64' lang='lat' dir='ltr'>quae</span> <span class='ocrx_word' id='word_1_89' title='bbox 709 1164 789 1204; x_wconf 89' lang='lat' dir='ltr'>sibi</span> <span class='ocrx_word' id='word_1_90' title='bbox 810 1163 1075 1204; x_wconf 70' lang='lat' dir='ltr'>obediebant.</span> <span class='ocrx_word' id='word_1_91' title='bbox 1098 1162 1294 1203; x_wconf 87' lang='lat' dir='ltr'>Secunda</span> 
     </span>
     <span class='ocr_line' id='line_1_15' title="bbox 265 1234 1296 1290; baseline -0.006 -11"><span class='ocrx_word' id='word_1_92' title='bbox 265 1239 428 1279; x_wconf 88' lang='lat' dir='ltr'>vocatio</span> <span class='ocrx_word' id='word_1_93' title='bbox 448 1238 527 1278; x_wconf 87' lang='lat' dir='ltr'>fuit</span> <span class='ocrx_word' id='word_1_94' title='bbox 545 1249 618 1290; x_wconf 90' lang='lat' dir='ltr'>per</span> <span class='ocrx_word' id='word_1_95' title='bbox 640 1235 883 1287; x_wconf 86' lang='lat' dir='ltr'>flagellum,</span> <span class='ocrx_word' id='word_1_96' title='bbox 902 1235 1014 1288; x_wconf 86' lang='lat' dir='ltr'>quod</span> <span class='ocrx_word' id='word_1_97' title='bbox 1035 1234 1296 1288; x_wconf 73' lang='lat' dir='ltr'>praedicabat</span> 
     </span>
     <span class='ocr_line' id='line_1_16' title="bbox 266 1305 1294 1359; baseline -0.005 -10"><span class='ocrx_word' id='word_1_98' title='bbox 266 1309 344 1350; x_wconf 90' lang='lat' dir='ltr'>sub</span> <span class='ocrx_word' id='word_1_99' title='bbox 374 1308 474 1357; x_wconf 77' lang='lat' dir='ltr'>Noe,</span> <span class='ocrx_word' id='word_1_100' title='bbox 506 1311 553 1349; x_wconf 89' lang='lat' dir='ltr'>ut</span> <span class='ocrx_word' id='word_1_101' title='bbox 580 1309 778 1349; x_wconf 78' lang='lat' dir='ltr'>caverent</span> <span class='ocrx_word' id='word_1_102' title='bbox 798 1319 828 1357; x_wconf 46' lang='lat' dir='ltr'>,a</span> <span class='ocrx_word' id='word_1_103' title='bbox 845 1309 1028 1359; x_wconf 90' lang='lat' dir='ltr'>peccato.</span> <span class='ocrx_word' id='word_1_104' title='bbox 1050 1305 1190 1346; x_wconf 87' lang='lat' dir='ltr'>Tertia</span> <span class='ocrx_word' id='word_1_105' title='bbox 1217 1305 1294 1345; x_wconf 90' lang='lat' dir='ltr'>suh</span> 
     </span>
     <span class='ocr_line' id='line_1_17' title="bbox 265 1376 1294 1431; baseline -0.004 -11"><span class='ocrx_word' id='word_1_106' title='bbox 265 1380 500 1430; x_wconf 86' lang='lat' dir='ltr'>Abraham,</span> <span class='ocrx_word' id='word_1_107' title='bbox 522 1379 595 1431; x_wconf 88' lang='lat' dir='ltr'>qui</span> <span class='ocrx_word' id='word_1_108' title='bbox 614 1378 693 1419; x_wconf 87' lang='lat' dir='ltr'>fuit</span> <span class='ocrx_word' id='word_1_109' title='bbox 717 1378 853 1418; x_wconf 89' lang='lat' dir='ltr'>cultor</span> <span class='ocrx_word' id='word_1_110' title='bbox 878 1377 971 1428; x_wconf 90' lang='lat' dir='ltr'>Dei,</span> <span class='ocrx_word' id='word_1_111' title='bbox 994 1379 1035 1417; x_wconf 88' lang='lat' dir='ltr'>et</span> <span class='ocrx_word' id='word_1_112' title='bbox 1056 1379 1216 1417; x_wconf 78' lang='lat' dir='ltr'>erector</span> <span class='ocrx_word' id='word_1_113' title='bbox 1234 1376 1294 1416; x_wconf 88' lang='lat' dir='ltr'>al-</span> 
     </span>
     <span class='ocr_line' id='line_1_18' title="bbox 266 1448 1296 1502; baseline -0.004 -10"><span class='ocrx_word' id='word_1_114' title='bbox 266 1452 444 1501; x_wconf 86' lang='lat' dir='ltr'>tarium;</span> <span class='ocrx_word' id='word_1_115' title='bbox 480 1454 520 1491; x_wconf 92' lang='lat' dir='ltr'>et</span> <span class='ocrx_word' id='word_1_116' title='bbox 550 1450 631 1491; x_wconf 89' lang='lat' dir='ltr'>hoc</span> <span class='ocrx_word' id='word_1_117' title='bbox 661 1462 798 1502; x_wconf 89' lang='lat' dir='ltr'>usque</span> <span class='ocrx_word' id='word_1_118' title='bbox 831 1449 883 1490; x_wconf 87' lang='lat' dir='ltr'>ad</span> <span class='ocrx_word' id='word_1_119' title='bbox 917 1448 1105 1502; x_wconf 84' lang='lat' dir='ltr'>Moysen.</span> <span class='ocrx_word' id='word_1_120' title='bbox 1138 1448 1296 1498; x_wconf 86' lang='lat' dir='ltr'>Quarta</span> 
     </span>
     <span class='ocr_line' id='line_1_19' title="bbox 268 1520 1296 1576; baseline -0.003 -13"><span class='ocrx_word' id='word_1_121' title='bbox 268 1523 346 1564; x_wconf 86' lang='lat' dir='ltr'>sub</span> <span class='ocrx_word' id='word_1_122' title='bbox 367 1522 508 1576; x_wconf 73' lang='lat' dir='ltr'>Moyse</span> <span class='ocrx_word' id='word_1_123' title='bbox 528 1534 603 1574; x_wconf 90' lang='lat' dir='ltr'>per</span> <span class='ocrx_word' id='word_1_124' title='bbox 622 1521 763 1573; x_wconf 85' lang='lat' dir='ltr'>legem</span> <span class='ocrx_word' id='word_1_125' title='bbox 779 1553 788 1571; x_wconf 90' lang='lat'>,</span> <span class='ocrx_word' id='word_1_126' title='bbox 820 1523 861 1561; x_wconf 90' lang='lat' dir='ltr'>et</span> <span class='ocrx_word' id='word_1_127' title='bbox 888 1520 1113 1570; x_wconf 82' lang='lat' dir='ltr'>miracula3</span> <span class='ocrx_word' id='word_1_128' title='bbox 1145 1523 1185 1560; x_wconf 90' lang='lat' dir='ltr'>et</span> <span class='ocrx_word' id='word_1_129' title='bbox 1216 1520 1296 1560; x_wconf 90' lang='lat' dir='ltr'>hoc</span> 
     </span>
     <span class='ocr_line' id='line_1_20' title="bbox 268 1585 1298 1647; baseline -0.004 -12"><span class='ocrx_word' id='word_1_130' title='bbox 268 1606 401 1647; x_wconf 89' lang='lat' dir='ltr'>usque</span> <span class='ocrx_word' id='word_1_131' title='bbox 430 1594 481 1634; x_wconf 89' lang='lat' dir='ltr'>ad</span> <span class='ocrx_word' id='word_1_132' title='bbox 507 1593 733 1634; x_wconf 80' lang='lat' dir='ltr'>Christum.</span> <span class='ocrx_word' id='word_1_133' title='bbox 767 1591 920 1641; x_wconf 82' lang='lat' dir='ltr'>Quinta</span> <span class='ocrx_word' id='word_1_134' title='bbox 947 1585 1042 1632; x_wconf 77' lang='lat' dir='ltr'>suh&#39;</span> <span class='ocrx_word' id='word_1_135' title='bbox 1060 1590 1223 1632; x_wconf 87' lang='lat' dir='ltr'>Christo</span> <span class='ocrx_word' id='word_1_136' title='bbox 1257 1594 1298 1631; x_wconf 88' lang='lat' dir='ltr'>et</span> 
     </span>
     <span class='ocr_line' id='line_1_21' title="bbox 270 1662 1297 1719; baseline -0.004 -13"><span class='ocrx_word' id='word_1_137' title='bbox 270 1678 344 1719; x_wconf 85' lang='lat' dir='ltr'>per</span> <span class='ocrx_word' id='word_1_138' title='bbox 380 1664 613 1715; x_wconf 83' lang='lat' dir='ltr'>Christum,</span> <span class='ocrx_word' id='word_1_139' title='bbox 647 1676 721 1717; x_wconf 89' lang='lat' dir='ltr'>per</span> <span class='ocrx_word' id='word_1_140' title='bbox 756 1663 1049 1716; x_wconf 67' lang='lat' dir='ltr'>poenitentiam</span> <span class='ocrx_word' id='word_1_141' title='bbox 1080 1662 1132 1703; x_wconf 89' lang='lat' dir='ltr'>ad</span> <span class='ocrx_word' id='word_1_142' title='bbox 1165 1675 1297 1715; x_wconf 89' lang='lat' dir='ltr'>quam</span> 
     </span>
     <span class='ocr_line' id='line_1_22' title="bbox 270 1734 1298 1788; baseline -0.005 -10"><span class='ocrx_word' id='word_1_143' title='bbox 270 1749 347 1778; x_wconf 91' lang='lat' dir='ltr'>nos</span> <span class='ocrx_word' id='word_1_144' title='bbox 369 1736 547 1784; x_wconf 79' lang='lat' dir='ltr'>vocavit,</span> <span class='ocrx_word' id='word_1_145' title='bbox 572 1739 612 1776; x_wconf 90' lang='lat' dir='ltr'>et</span> <span class='ocrx_word' id='word_1_146' title='bbox 630 1736 681 1776; x_wconf 89' lang='lat' dir='ltr'>ad</span> <span class='ocrx_word' id='word_1_147' title='bbox 701 1735 884 1788; x_wconf 79' lang='lat' dir='ltr'>nuptias.</span> <span class='ocrx_word' id='word_1_148' title='bbox 908 1734 1147 1775; x_wconf 88' lang='lat' dir='ltr'>Secundum</span> <span class='ocrx_word' id='word_1_149' title='bbox 1172 1734 1298 1775; x_wconf 88' lang='lat' dir='ltr'>Sanc-</span> 
     </span>
     <span class='ocr_line' id='line_1_23' title="bbox 272 1805 1300 1859; baseline -0.003 -11"><span class='ocrx_word' id='word_1_150' title='bbox 272 1812 333 1849; x_wconf 89' lang='lat' dir='ltr'>tos</span> <span class='ocrx_word' id='word_1_151' title='bbox 349 1808 572 1848; x_wconf 87' lang='lat' dir='ltr'>modernos</span> <span class='ocrx_word' id='word_1_152' title='bbox 590 1811 630 1848; x_wconf 89' lang='lat' dir='ltr'>et</span> <span class='ocrx_word' id='word_1_153' title='bbox 649 1807 857 1859; x_wconf 86' lang='lat' dir='ltr'>antiquos,</span> <span class='ocrx_word' id='word_1_154' title='bbox 880 1806 1205 1858; x_wconf 81' lang='lat' dir='ltr'>distinguuntur</span> <span class='ocrx_word' id='word_1_155' title='bbox 1219 1805 1300 1845; x_wconf 84' lang='lat' dir='ltr'>tria</span> 
     </span>
     <span class='ocr_line' id='line_1_24' title="bbox 271 1877 1296 1933; baseline -0.003 -13"><span class='ocrx_word' id='word_1_156' title='bbox 271 1884 474 1933; x_wconf 76' lang='lat' dir='ltr'>tempora,</span> <span class='ocrx_word' id='word_1_157' title='bbox 492 1879 649 1920; x_wconf 90' lang='lat' dir='ltr'>scilicet</span> <span class='ocrx_word' id='word_1_158' title='bbox 662 1878 770 1931; x_wconf 87' lang='lat' dir='ltr'>legis</span> <span class='ocrx_word' id='word_1_159' title='bbox 786 1881 966 1929; x_wconf 82' lang='lat' dir='ltr'>naturae,</span> <span class='ocrx_word' id='word_1_160' title='bbox 984 1878 1092 1930; x_wconf 85' lang='lat' dir='ltr'>legis</span> <span class='ocrx_word' id='word_1_161' title='bbox 1113 1877 1296 1930; x_wconf 74' lang='lat' dir='ltr'>scriptae,</span> 
     </span>
     <span class='ocr_line' id='line_1_25' title="bbox 271 1950 1300 2004; baseline -0.003 -11"><span class='ocrx_word' id='word_1_162' title='bbox 271 1956 311 1993; x_wconf 89' lang='lat' dir='ltr'>et</span> <span class='ocrx_word' id='word_1_163' title='bbox 348 1952 453 2004; x_wconf 85' lang='lat' dir='ltr'>legis</span> <span class='ocrx_word' id='word_1_164' title='bbox 491 1952 657 2004; x_wconf 67' lang='lat' dir='ltr'>gratiae.</span> <span class='ocrx_word' id='word_1_165' title='bbox 698 1950 970 2004; x_wconf 88' lang='lat' dir='ltr'>Septenarius</span> <span class='ocrx_word' id='word_1_166' title='bbox 1003 1950 1300 2003; x_wconf 78' lang='lat' dir='ltr'>appropriatur</span> 
     </span>
     <span class='ocr_line' id='line_1_26' title="bbox 272 2025 1301 2080; baseline -0.003 -13"><span class='ocrx_word' id='word_1_167' title='bbox 272 2027 446 2080; x_wconf 87' lang='lat' dir='ltr'>Spiritui</span> <span class='ocrx_word' id='word_1_168' title='bbox 475 2029 631 2077; x_wconf 85' lang='lat' dir='ltr'>sancto,</span> <span class='ocrx_word' id='word_1_169' title='bbox 662 2029 832 2078; x_wconf 85' lang='lat' dir='ltr'>propter</span> <span class='ocrx_word' id='word_1_170' title='bbox 861 2025 1113 2065; x_wconf 85' lang='lat' dir='ltr'>charismata</span> <span class='ocrx_word' id='word_1_171' title='bbox 1141 2025 1301 2077; x_wconf 86' lang='lat' dir='ltr'>gratia-</span> 
     </span>
     <span class='ocr_line' id='line_1_27' title="bbox 272 2096 1301 2151; baseline -0.003 -12"><span class='ocrx_word' id='word_1_172' title='bbox 272 2110 370 2139; x_wconf 90' lang='lat' dir='ltr'>rum</span> <span class='ocrx_word' id='word_1_173' title='bbox 389 2101 566 2151; x_wconf 89' lang='lat' dir='ltr'>septem;</span> <span class='ocrx_word' id='word_1_174' title='bbox 589 2096 814 2150; x_wconf 87' lang='lat' dir='ltr'>quinarius</span> <span class='ocrx_word' id='word_1_175' title='bbox 832 2096 958 2146; x_wconf 87' lang='lat' dir='ltr'>Filio,</span> <span class='ocrx_word' id='word_1_176' title='bbox 981 2099 1149 2149; x_wconf 89' lang='lat' dir='ltr'>propter</span> <span class='ocrx_word' id='word_1_177' title='bbox 1175 2097 1301 2149; x_wconf 87' lang='lat' dir='ltr'>quin—</span> 
     </span>
     <span class='ocr_line' id='line_1_28' title="bbox 273 2167 1301 2222; baseline -0.002 -13"><span class='ocrx_word' id='word_1_178' title='bbox 273 2182 355 2222; x_wconf 91' lang='lat' dir='ltr'>que</span> <span class='ocrx_word' id='word_1_179' title='bbox 396 2182 542 2210; x_wconf 85' lang='lat' dir='ltr'>sensus</span> <span class='ocrx_word' id='word_1_180' title='bbox 579 2168 840 2222; x_wconf 82' lang='lat' dir='ltr'>spirituales:</span> <span class='ocrx_word' id='word_1_181' title='bbox 881 2168 925 2207; x_wconf 88' lang='lat' dir='ltr'>iu</span> <span class='ocrx_word' id='word_1_182' title='bbox 959 2168 1089 2220; x_wconf 86' lang='lat' dir='ltr'>&#39;nujus</span> <span class='ocrx_word' id='word_1_183' title='bbox 1127 2167 1301 2219; x_wconf 86' lang='lat' dir='ltr'>signum</span> 
     </span>
     <span class='ocr_line' id='line_1_29' title="bbox 275 2239 1296 2292; baseline -0.005 -11"><span class='ocrx_word' id='word_1_184' title='bbox 275 2241 433 2282; x_wconf 85' lang='lat' dir='ltr'>cherub</span> <span class='ocrx_word' id='word_1_185' title='bbox 454 2241 497 2281; x_wconf 90' lang='lat' dir='ltr'>in</span> <span class='ocrx_word' id='word_1_186' title='bbox 515 2241 581 2281; x_wconf 82' lang='lat' dir='ltr'>ala</span> <span class='ocrx_word' id='word_1_187' title='bbox 595 2243 609 2265; x_wconf 76' lang='lat'>³</span> <span class='ocrx_word' id='word_1_188' title='bbox 629 2256 647 2279; x_wconf 87' lang='lat'>«</span> <span class='ocrx_word' id='word_1_189' title='bbox 663 2240 845 2281; x_wconf 86' lang='lat' dir='ltr'>habebat</span> <span class='ocrx_word' id='word_1_190' title='bbox 864 2240 1052 2292; x_wconf 88' lang='lat' dir='ltr'>quinque</span> <span class='ocrx_word' id='word_1_191' title='bbox 1075 2239 1256 2289; x_wconf 82' lang='lat' dir='ltr'>cubitos;</span> <span class='ocrx_word' id='word_1_192' title='bbox 1277 2254 1296 2276; x_wconf 88' lang='lat'>»</span> 
     </span>
     <span class='ocr_line' id='line_1_30' title="bbox 273 2311 1304 2365; baseline -0.001 -14"><span class='ocrx_word' id='word_1_193' title='bbox 273 2312 482 2353; x_wconf 84' lang='lat' dir='ltr'>ternarius</span> <span class='ocrx_word' id='word_1_194' title='bbox 513 2311 646 2362; x_wconf 87' lang='lat' dir='ltr'>Patri,</span> <span class='ocrx_word' id='word_1_195' title='bbox 674 2311 776 2365; x_wconf 89' lang='lat' dir='ltr'>quia</span> <span class='ocrx_word' id='word_1_196' title='bbox 808 2311 1019 2351; x_wconf 87' lang='lat' dir='ltr'>ternarius</span> <span class='ocrx_word' id='word_1_197' title='bbox 1054 2313 1115 2351; x_wconf 89' lang='lat' dir='ltr'>est</span> <span class='ocrx_word' id='word_1_198' title='bbox 1146 2311 1304 2363; x_wconf 89' lang='lat' dir='ltr'>princi-</span> 
     </span>
     <span class='ocr_line' id='line_1_31' title="bbox 275 2381 1300 2435; baseline 0.001 -13"><span class='ocrx_word' id='word_1_199' title='bbox 275 2383 396 2435; x_wconf 89' lang='lat' dir='ltr'>pium</span> <span class='ocrx_word' id='word_1_200' title='bbox 427 2383 721 2435; x_wconf 87' lang='lat' dir='ltr'>perfectorum.</span> <span class='ocrx_word' id='word_1_201' title='bbox 749 2384 851 2422; x_wconf 87' lang='lat' dir='ltr'>Item</span> <span class='ocrx_word' id='word_1_202' title='bbox 883 2381 1019 2421; x_wconf 87' lang='lat' dir='ltr'>omnis</span> <span class='ocrx_word' id='word_1_203' title='bbox 1048 2381 1225 2434; x_wconf 86' lang='lat' dir='ltr'>prolatio</span> <span class='ocrx_word' id='word_1_204' title='bbox 1248 2381 1300 2433; x_wconf 76' lang='lat' dir='ltr'>(a)</span> 
     </span>
     <span class='ocr_line' id='line_1_32' title="bbox 277 2452 1298 2505; baseline -0.001 -12"><span class='ocrx_word' id='word_1_205' title='bbox 277 2453 510 2494; x_wconf 84' lang='lat' dir='ltr'>necessario</span> <span class='ocrx_word' id='word_1_206' title='bbox 533 2465 555 2493; x_wconf 88' lang='lat' dir='ltr'>a</span> <span class='ocrx_word' id='word_1_207' title='bbox 581 2453 764 2493; x_wconf 84' lang='lat' dir='ltr'>ternario</span> <span class='ocrx_word' id='word_1_208' title='bbox 789 2453 955 2505; x_wconf 79' lang='lat' dir='ltr'>incipit,</span> <span class='ocrx_word' id='word_1_209' title='bbox 986 2455 1027 2492; x_wconf 87' lang='lat' dir='ltr'>et</span> <span class='ocrx_word' id='word_1_210' title='bbox 1056 2455 1117 2492; x_wconf 89' lang='lat' dir='ltr'>est</span> <span class='ocrx_word' id='word_1_211' title='bbox 1145 2452 1298 2505; x_wconf 85' lang='lat' dir='ltr'>prima.</span> 
     </span>
     <span class='ocr_line' id='line_1_33' title="bbox 277 2524 1301 2566; baseline -0.002 -1"><span class='ocrx_word' id='word_1_212' title='bbox 277 2524 379 2565; x_wconf 82' lang='lat' dir='ltr'>Item</span> <span class='ocrx_word' id='word_1_213' title='bbox 416 2525 537 2566; x_wconf 88' lang='lat' dir='ltr'>Pater</span> <span class='ocrx_word' id='word_1_214' title='bbox 564 2527 647 2565; x_wconf 88' lang='lat' dir='ltr'>tres</span> <span class='ocrx_word' id='word_1_215' title='bbox 678 2524 805 2565; x_wconf 76' lang='lat' dir='ltr'>habet</span> <span class='ocrx_word' id='word_1_216' title='bbox 837 2524 1028 2564; x_wconf 89' lang='lat' dir='ltr'>notiones</span> <span class='ocrx_word' id='word_1_217' title='bbox 1055 2535 1065 2564; x_wconf 79' lang='lat' dir='ltr'>t</span> <span class='ocrx_word' id='word_1_218' title='bbox 1099 2526 1161 2564; x_wconf 89' lang='lat' dir='ltr'>est</span> <span class='ocrx_word' id='word_1_219' title='bbox 1187 2524 1301 2564; x_wconf 90' lang='lat' dir='ltr'>enim</span> 
     </span>
     <span class='ocr_line' id='line_1_34' title="bbox 279 2595 1304 2648; baseline -0.001 -11"><span class='ocrx_word' id='word_1_220' title='bbox 279 2608 509 2648; x_wconf 75' lang='lat' dir='ltr'>generanS,</span> <span class='ocrx_word' id='word_1_221' title='bbox 542 2595 818 2646; x_wconf 88' lang='lat' dir='ltr'>innascibilis,</span> <span class='ocrx_word' id='word_1_222' title='bbox 851 2595 1037 2648; x_wconf 84' lang='lat' dir='ltr'>spirans:</span> <span class='ocrx_word' id='word_1_223' title='bbox 1069 2595 1221 2648; x_wconf 80' lang='lat' dir='ltr'>triplex</span> <span class='ocrx_word' id='word_1_224' title='bbox 1242 2599 1304 2636; x_wconf 85' lang='lat' dir='ltr'>est</span> 
     </span>
     <span class='ocr_line' id='line_1_35' title="bbox 277 2667 1305 2721; baseline -0.001 -14"><span class='ocrx_word' id='word_1_225' title='bbox 277 2667 372 2708; x_wconf 81' lang='lat' dir='ltr'>lex:</span> <span class='ocrx_word' id='word_1_226' title='bbox 411 2668 521 2708; x_wconf 89' lang='lat' dir='ltr'>intra</span> <span class='ocrx_word' id='word_1_227' title='bbox 552 2668 730 2721; x_wconf 88' lang='lat' dir='ltr'>scripta,</span> <span class='ocrx_word' id='word_1_228' title='bbox 770 2670 817 2708; x_wconf 90' lang='lat' dir='ltr'>ut</span> <span class='ocrx_word' id='word_1_229' title='bbox 855 2667 1143 2716; x_wconf 81' lang='lat' dir='ltr'>conscientiae3</span> <span class='ocrx_word' id='word_1_230' title='bbox 1185 2669 1305 2707; x_wconf 72' lang='lat' dir='ltr'>extra</span> 
     </span>
     <span class='ocr_line' id='line_1_36' title="bbox 281 2738 1302 2792; baseline 0 -14"><span class='ocrx_word' id='word_1_231' title='bbox 281 2738 509 2791; x_wconf 87' lang='lat' dir='ltr'>proposita,</span> <span class='ocrx_word' id='word_1_232' title='bbox 532 2741 579 2778; x_wconf 89' lang='lat' dir='ltr'>ut</span> <span class='ocrx_word' id='word_1_233' title='bbox 597 2739 703 2791; x_wconf 87' lang='lat' dir='ltr'>legis</span> <span class='ocrx_word' id='word_1_234' title='bbox 723 2738 909 2792; x_wconf 80' lang='lat' dir='ltr'>scriptae3</span> <span class='ocrx_word' id='word_1_235' title='bbox 934 2738 1114 2791; x_wconf 84' lang='lat' dir='ltr'>desuper</span> <span class='ocrx_word' id='word_1_236' title='bbox 1143 2739 1302 2789; x_wconf 84' lang='lat' dir='ltr'>infusa,</span> 
     </span>
     <span class='ocr_line' id='line_1_37' title="bbox 280 2809 1306 2862; baseline 0 -13"><span class='ocrx_word' id='word_1_237' title='bbox 280 2812 328 2849; x_wconf 90' lang='lat' dir='ltr'>ut</span> <span class='ocrx_word' id='word_1_238' title='bbox 348 2809 499 2860; x_wconf 62' lang='lat' dir='ltr'>gratiae</span> <span class='ocrx_word' id='word_1_239' title='bbox 523 2809 588 2861; x_wconf 66' lang='lat' dir='ltr'>(bl.</span> <span class='ocrx_word' id='word_1_240' title='bbox 607 2809 707 2850; x_wconf 75' lang='lat' dir='ltr'>Haec</span> <span class='ocrx_word' id='word_1_241' title='bbox 726 2813 826 2850; x_wconf 89' lang='lat' dir='ltr'>sunt</span> <span class='ocrx_word' id='word_1_242' title='bbox 846 2809 1093 2850; x_wconf 85' lang='lat' dir='ltr'>seminaria:</span> <span class='ocrx_word' id='word_1_243' title='bbox 1117 2821 1212 2862; x_wconf 75' lang='lat' dir='ltr'>quae</span> <span class='ocrx_word' id='word_1_244' title='bbox 1233 2810 1306 2862; x_wconf 86' lang='lat' dir='ltr'>qui</span> 
     </span>
     <span class='ocr_line' id='line_1_38' title="bbox 281 2879 1306 2933; baseline 0.001 -14"><span class='ocrx_word' id='word_1_245' title='bbox 281 2879 470 2932; x_wconf 82' lang='lat' dir='ltr'>ignorat,</span> <span class='ocrx_word' id='word_1_246' title='bbox 507 2880 660 2921; x_wconf 86' lang='lat' dir='ltr'>scilicet</span> <span class='ocrx_word' id='word_1_247' title='bbox 690 2880 782 2921; x_wconf 80' lang='lat' dir='ltr'>haec</span> <span class='ocrx_word' id='word_1_248' title='bbox 809 2883 1019 2933; x_wconf 83' lang='lat' dir='ltr'>tempora,</span> <span class='ocrx_word' id='word_1_249' title='bbox 1053 2892 1142 2920; x_wconf 87' lang='lat' dir='ltr'>non</span> <span class='ocrx_word' id='word_1_250' title='bbox 1171 2882 1306 2932; x_wconf 89' lang='lat' dir='ltr'>potest</span> 
     </span>
     <span class='ocr_line' id='line_1_39' title="bbox 280 2950 1306 3004; baseline 0.002 -14"><span class='ocrx_word' id='word_1_251' title='bbox 280 2950 425 2991; x_wconf 85' lang='lat' dir='ltr'>venire</span> <span class='ocrx_word' id='word_1_252' title='bbox 453 2951 503 2991; x_wconf 89' lang='lat' dir='ltr'>ad</span> <span class='ocrx_word' id='word_1_253' title='bbox 532 2951 781 3004; x_wconf 79' lang='lat' dir='ltr'>mysterium</span> <span class='ocrx_word' id='word_1_254' title='bbox 809 2951 1138 3004; x_wconf 76' lang='lat' dir='ltr'>Scripturarum.</span> <span class='ocrx_word' id='word_1_255' title='bbox 1161 2950 1306 3003; x_wconf 85' lang='lat' dir='ltr'>Junge</span> 
     </span>
     <span class='ocr_line' id='line_1_40' title="bbox 282 3023 1308 3076; baseline 0 -14"><span class='ocrx_word' id='word_1_256' title='bbox 282 3025 442 3075; x_wconf 87' lang='lat' dir='ltr'>septem</span> <span class='ocrx_word' id='word_1_257' title='bbox 479 3025 644 3072; x_wconf 75' lang='lat' dir='ltr'>aetates,</span> <span class='ocrx_word' id='word_1_258' title='bbox 688 3023 874 3076; x_wconf 83' lang='lat' dir='ltr'>quinque</span> <span class='ocrx_word' id='word_1_259' title='bbox 915 3023 1152 3063; x_wconf 79' lang='lat' dir='ltr'>vocationes</span> <span class='ocrx_word' id='word_1_260' title='bbox 1168 3055 1177 3073; x_wconf 94' lang='lat'>,</span> <span class='ocrx_word' id='word_1_261' title='bbox 1227 3023 1308 3062; x_wconf 90' lang='lat' dir='ltr'>tria</span> 
     </span>
     <span class='ocr_line' id='line_1_41' title="bbox 282 3093 1307 3146; baseline -0.001 -12"><span class='ocrx_word' id='word_1_262' title='bbox 282 3096 494 3146; x_wconf 81' lang='lat' dir='ltr'>tempora3</span> <span class='ocrx_word' id='word_1_263' title='bbox 517 3097 557 3134; x_wconf 87' lang='lat' dir='ltr'>et</span> <span class='ocrx_word' id='word_1_264' title='bbox 578 3093 707 3134; x_wconf 87' lang='lat' dir='ltr'>habes</span> <span class='ocrx_word' id='word_1_265' title='bbox 722 3093 982 3146; x_wconf 56' lang='lat' dir='ltr'>quindecim</span> <span class='ocrx_word' id='word_1_266' title='bbox 1006 3093 1080 3145; x_wconf 90' lang='lat' dir='ltr'>qui</span> <span class='ocrx_word' id='word_1_267' title='bbox 1098 3105 1307 3133; x_wconf 89' lang='lat' dir='ltr'>numerus</span> 
     </span>
    </p>
   </div>
   <div class='ocr_carea' id='block_1_2' title="bbox 284 3152 1344 3217">
    <p class='ocr_par' dir='ltr' id='par_1_2' title="bbox 284 3152 1344 3217">
     <span class='ocr_line' id='line_1_42' title="bbox 284 3152 1344 3217; baseline 0.001 -15"><span class='ocrx_word' id='word_1_268' title='bbox 284 3165 534 3217; x_wconf 71' lang='lat' dir='ltr'>mysterium</span> <span class='ocrx_word' id='word_1_269' title='bbox 550 3164 689 3214; x_wconf 88' lang='lat' dir='ltr'>habet,</span> <span class='ocrx_word' id='word_1_270' title='bbox 713 3167 759 3204; x_wconf 90' lang='lat' dir='ltr'>ut</span> <span class='ocrx_word' id='word_1_271' title='bbox 779 3164 957 3204; x_wconf 87' lang='lat' dir='ltr'>ostendit</span> <span class='ocrx_word' id='word_1_272' title='bbox 976 3163 1262 3216; x_wconf 88' lang='lat' dir='ltr'>Hieronymus</span> <span class='ocrx_word' id='word_1_273' title='bbox 1277 3164 1303 3203; x_wconf 70' lang='lat'>²⁶.</span> <span class='ocrx_word' id='word_1_274' title='bbox 1335 3152 1344 3157; x_wconf 48' lang='lat'><strong>⁴</strong></span> 
     </span>
    </p>
   </div>
   <div class='ocr_carea' id='block_1_3' title="bbox 285 3233 1309 3430">
    <p class='ocr_par' dir='ltr' id='par_1_3' title="bbox 285 3233 1309 3430">
     <span class='ocr_line' id='line_1_43' title="bbox 285 3233 1307 3288; baseline 0.002 -14"><span class='ocrx_word' id='word_1_275' title='bbox 285 3233 364 3275; x_wconf 85' lang='lat' dir='ltr'>Per</span> <span class='ocrx_word' id='word_1_276' title='bbox 382 3235 630 3275; x_wconf 87' lang='lat' dir='ltr'>descensum</span> <span class='ocrx_word' id='word_1_277' title='bbox 650 3234 832 3288; x_wconf 85' lang='lat' dir='ltr'>Spiritus</span> <span class='ocrx_word' id='word_1_278' title='bbox 847 3234 977 3275; x_wconf 89' lang='lat' dir='ltr'>sancti</span> <span class='ocrx_word' id='word_1_279' title='bbox 992 3247 1119 3287; x_wconf 87' lang='lat' dir='ltr'>super</span> <span class='ocrx_word' id='word_1_280' title='bbox 1137 3237 1307 3276; x_wconf 87' lang='lat' dir='ltr'>centum</span> 
     </span>
     <span class='ocr_line' id='line_1_44' title="bbox 286 3304 1308 3359; baseline 0.003 -16"><span class='ocrx_word' id='word_1_281' title='bbox 286 3304 440 3355; x_wconf 86' lang='lat' dir='ltr'>viginti</span> <span class='ocrx_word' id='word_1_282' title='bbox 466 3306 700 3357; x_wconf 90' lang='lat' dir='ltr'>credentes,</span> <span class='ocrx_word' id='word_1_283' title='bbox 722 3317 796 3359; x_wconf 85' lang='lat' dir='ltr'>per</span> <span class='ocrx_word' id='word_1_284' title='bbox 818 3306 918 3346; x_wconf 88' lang='lat' dir='ltr'>istos</span> <span class='ocrx_word' id='word_1_285' title='bbox 946 3306 1186 3359; x_wconf 85' lang='lat' dir='ltr'>quindecim</span> <span class='ocrx_word' id='word_1_286' title='bbox 1207 3319 1308 3358; x_wconf 78' lang='lat' dir='ltr'>gra-</span> 
     </span>
     <span class='ocr_line' id='line_1_45' title="bbox 286 3373 1309 3430; baseline 0.004 -17"><span class='ocrx_word' id='word_1_287' title='bbox 286 3373 364 3413; x_wconf 88' lang='lat' dir='ltr'>dus</span> <span class='ocrx_word' id='word_1_288' title='bbox 386 3373 511 3415; x_wconf 87' lang='lat' dir='ltr'>habet</span> <span class='ocrx_word' id='word_1_289' title='bbox 531 3375 602 3417; x_wconf 90' lang='lat' dir='ltr'>Sol</span> <span class='ocrx_word' id='word_1_290' title='bbox 620 3376 910 3429; x_wconf 70' lang='lat' dir='ltr'>intelligentiae</span> <span class='ocrx_word' id='word_1_291' title='bbox 936 3376 1160 3417; x_wconf 87' lang='lat' dir='ltr'>ascendere</span> <span class='ocrx_word' id='word_1_292' title='bbox 1180 3389 1309 3430; x_wconf 90' lang='lat' dir='ltr'>super</span> 
     </span>
    </p>
   </div>
   <div class='ocr_carea' id='block_1_4' title="bbox 288 3480 1309 3573">
    <p class='ocr_par' dir='ltr' id='par_1_4' title="bbox 288 3480 1309 3573">
     <span class='ocr_line' id='line_1_46' title="bbox 331 3480 1309 3524; baseline 0.007 -15"><span class='ocrx_word' id='word_1_293' title='bbox 331 3481 339 3499; x_wconf 84' lang='lat'><strong>¹</strong></span> <span class='ocrx_word' id='word_1_294' title='bbox 364 3480 498 3520; x_wconf 17' lang='lat' dir='ltr'>‘Mamm</span> <span class='ocrx_word' id='word_1_295' title='bbox 519 3489 576 3520; x_wconf 75' lang='lat' dir='ltr'>xx,</span> <span class='ocrx_word' id='word_1_296' title='bbox 600 3485 627 3514; x_wconf 82' lang='lat' dir='ltr'>l.</span> <span class='ocrx_word' id='word_1_297' title='bbox 645 3484 710 3505; x_wconf 79' lang='lat'>—2</span> <span class='ocrx_word' id='word_1_298' title='bbox 727 3483 876 3523; x_wconf 77' lang='lat' dir='ltr'>Geu.,11,</span> <span class='ocrx_word' id='word_1_299' title='bbox 896 3486 944 3517; x_wconf 78' lang='lat'>15.</span> <span class='ocrx_word' id='word_1_300' title='bbox 959 3501 999 3507; x_wconf 90' lang='lat'>—</span> <span class='ocrx_word' id='word_1_301' title='bbox 1013 3483 1190 3524; x_wconf 76' lang='lat' dir='ltr'>³11!Req.,</span> <span class='ocrx_word' id='word_1_302' title='bbox 1213 3488 1309 3524; x_wconf 77' lang='lat' dir='ltr'>v1,6.</span> 
     </span>
     <span class='ocr_line' id='line_1_47' title="bbox 288 3527 1309 3573; baseline 0.005 -15"><span class='ocrx_word' id='word_1_303' title='bbox 288 3545 327 3551; x_wconf 95' lang='grc'>-</span> <span class='ocrx_word' id='word_1_304' title='bbox 346 3527 358 3548; x_wconf 66' lang='lat'><strong>⁴</strong></span> <span class='ocrx_word' id='word_1_305' title='bbox 378 3527 485 3568; x_wconf 85' lang='lat' dir='ltr'>Hier.,</span> <span class='ocrx_word' id='word_1_306' title='bbox 504 3528 537 3559; x_wconf 85' lang='lat' dir='ltr'>in</span> <span class='ocrx_word' id='word_1_307' title='bbox 557 3529 689 3570; x_wconf 62' lang='lat' dir='ltr'>Ezech„</span> <span class='ocrx_word' id='word_1_308' title='bbox 708 3538 785 3571; x_wconf 85' lang='lat' dir='ltr'>va,</span> <span class='ocrx_word' id='word_1_309' title='bbox 806 3533 840 3563; x_wconf 84' lang='lat' dir='ltr'>et</span> <span class='ocrx_word' id='word_1_310' title='bbox 865 3532 900 3563; x_wconf 79' lang='lat' dir='ltr'>iu</span> <span class='ocrx_word' id='word_1_311' title='bbox 919 3532 1029 3573; x_wconf 78' lang='lat' dir='ltr'>Epist.</span> <span class='ocrx_word' id='word_1_312' title='bbox 1050 3531 1095 3563; x_wconf 88' lang='lat' dir='ltr'>ad</span> <span class='ocrx_word' id='word_1_313' title='bbox 1119 3530 1210 3572; x_wconf 64' lang='lat' dir='ltr'>Gal„</span> <span class='ocrx_word' id='word_1_314' title='bbox 1238 3539 1309 3563; x_wconf 87' lang='lat'>1.—</span> 
     </span>
    </p>
   </div>
   <div class='ocr_carea' id='block_1_5' title="bbox 961 222 1698 266">
    <p class='ocr_par' dir='ltr' id='par_1_5' title="bbox 961 222 1698 266">
     <span class='ocr_line' id='line_1_48' title="bbox 961 222 1698 266; baseline 0.004 -3"><span class='ocrx_word' id='word_1_315' title='bbox 961 222 1409 266; x_wconf 86' lang='lat' dir='ltr'>lLLUMlNATlONES</span> <span class='ocrx_word' id='word_1_316' title='bbox 1438 223 1698 266; x_wconf 87' lang='lat' dir='ltr'>ECCLESIAE</span> 
     </span>
    </p>
   </div>
   <div class='ocr_carea' id='block_1_6' title="bbox 1362 313 2440 3353">
    <p class='ocr_par' dir='ltr' id='par_1_6' title="bbox 1362 313 2440 3353">
     <span class='ocr_line' id='line_1_49' title="bbox 1362 313 2392 370; baseline 0.006 -17"><span class='ocrx_word' id='word_1_317' title='bbox 1362 314 1558 354; x_wconf 89' lang='lat' dir='ltr'>nostrum</span> <span class='ocrx_word' id='word_1_318' title='bbox 1577 313 1929 367; x_wconf 67' lang='lat' dir='ltr'>hemisphaerium</span> <span class='ocrx_word' id='word_1_319' title='bbox 1955 313 1997 353; x_wconf 90' lang='lat' dir='ltr'>in</span> <span class='ocrx_word' id='word_1_320' title='bbox 2028 326 2114 355; x_wconf 90' lang='lat' dir='ltr'>una</span> <span class='ocrx_word' id='word_1_321' title='bbox 2138 314 2267 357; x_wconf 85' lang='lat' dir='ltr'>hora:</span> <span class='ocrx_word' id='word_1_322' title='bbox 2292 317 2392 370; x_wconf 86' lang='lat' dir='ltr'>quia</span> 
     </span>
     <span class='ocr_line' id='line_1_50' title="bbox 1364 385 2388 438; baseline 0.003 -13"><span class='ocrx_word' id='word_1_323' title='bbox 1364 385 1399 424; x_wconf 89' lang='lat' dir='ltr'>si</span> <span class='ocrx_word' id='word_1_324' title='bbox 1415 385 1501 426; x_wconf 91' lang='lat' dir='ltr'>dies</span> <span class='ocrx_word' id='word_1_325' title='bbox 1514 385 1719 426; x_wconf 88' lang='lat' dir='ltr'>naturalis</span> <span class='ocrx_word' id='word_1_326' title='bbox 1736 385 1890 438; x_wconf 88' lang='lat' dir='ltr'>viginti</span> <span class='ocrx_word' id='word_1_327' title='bbox 1905 387 2088 438; x_wconf 88' lang='lat' dir='ltr'>quatuor</span> <span class='ocrx_word' id='word_1_328' title='bbox 2105 385 2232 426; x_wconf 88' lang='lat' dir='ltr'>horas</span> <span class='ocrx_word' id='word_1_329' title='bbox 2247 387 2388 437; x_wconf 87' lang='lat' dir='ltr'>habet,</span> 
     </span>
     <span class='ocr_line' id='line_1_51' title="bbox 1363 456 2393 509; baseline 0.002 -13"><span class='ocrx_word' id='word_1_330' title='bbox 1363 458 1404 496; x_wconf 88' lang='lat' dir='ltr'>et</span> <span class='ocrx_word' id='word_1_331' title='bbox 1441 457 1657 509; x_wconf 86' lang='lat' dir='ltr'>quodlibet</span> <span class='ocrx_word' id='word_1_332' title='bbox 1693 457 1871 508; x_wconf 86' lang='lat' dir='ltr'>signum</span> <span class='ocrx_word' id='word_1_333' title='bbox 1914 456 2091 509; x_wconf 85' lang='lat' dir='ltr'>triginta</span> <span class='ocrx_word' id='word_1_334' title='bbox 2132 457 2313 509; x_wconf 80' lang='lat' dir='ltr'>gradUS,</span> <span class='ocrx_word' id='word_1_335' title='bbox 2352 461 2393 498; x_wconf 90' lang='lat' dir='ltr'>et</span> 
     </span>
     <span class='ocr_line' id='line_1_52' title="bbox 1364 527 2393 580; baseline 0.002 -13"><span class='ocrx_word' id='word_1_336' title='bbox 1364 527 1551 580; x_wconf 89' lang='lat' dir='ltr'>quolibet</span> <span class='ocrx_word' id='word_1_337' title='bbox 1569 528 1635 568; x_wconf 90' lang='lat' dir='ltr'>die</span> <span class='ocrx_word' id='word_1_338' title='bbox 1656 528 1891 569; x_wconf 87' lang='lat' dir='ltr'>volvuntur</span> <span class='ocrx_word' id='word_1_339' title='bbox 1911 527 2131 568; x_wconf 88' lang='lat' dir='ltr'>duodecim</span> <span class='ocrx_word' id='word_1_340' title='bbox 2159 528 2192 568; x_wconf 92' lang='lat' dir='ltr'>si</span> <span class='ocrx_word' id='word_1_341' title='bbox 2200 540 2302 580; x_wconf 87' lang='lat' dir='ltr'>gna,</span> <span class='ocrx_word' id='word_1_342' title='bbox 2321 539 2393 569; x_wconf 90' lang='lat' dir='ltr'>ne-</span> 
     </span>
     <span class='ocr_line' id='line_1_53' title="bbox 1364 598 2395 652; baseline 0.002 -14"><span class='ocrx_word' id='word_1_343' title='bbox 1364 609 1477 638; x_wconf 87' lang='lat' dir='ltr'>cesse</span> <span class='ocrx_word' id='word_1_344' title='bbox 1496 600 1624 639; x_wconf 89' lang='lat' dir='ltr'>estut</span> <span class='ocrx_word' id='word_1_345' title='bbox 1654 599 1697 637; x_wconf 87' lang='lat' dir='ltr'>in</span> <span class='ocrx_word' id='word_1_346' title='bbox 1727 598 1834 638; x_wconf 87' lang='lat' dir='ltr'>hora</span> <span class='ocrx_word' id='word_1_347' title='bbox 1857 611 1944 639; x_wconf 87' lang='lat' dir='ltr'>una</span> <span class='ocrx_word' id='word_1_348' title='bbox 1970 598 2158 640; x_wconf 85' lang='lat' dir='ltr'>elevetur</span> <span class='ocrx_word' id='word_1_349' title='bbox 2183 598 2245 640; x_wconf 91' lang='lat' dir='ltr'>sol</span> <span class='ocrx_word' id='word_1_350' title='bbox 2269 610 2395 652; x_wconf 87' lang='lat' dir='ltr'>super</span> 
     </span>
     <span class='ocr_line' id='line_1_54' title="bbox 1364 668 2396 722; baseline 0.003 -14"><span class='ocrx_word' id='word_1_351' title='bbox 1364 668 1716 721; x_wconf 84' lang='lat' dir='ltr'>hemisphaerium</span> <span class='ocrx_word' id='word_1_352' title='bbox 1750 671 1946 709; x_wconf 87' lang='lat' dir='ltr'>nostrum</span> <span class='ocrx_word' id='word_1_353' title='bbox 1981 670 2221 722; x_wconf 88' lang='lat' dir='ltr'>quindecim</span> <span class='ocrx_word' id='word_1_354' title='bbox 2251 669 2396 722; x_wconf 85' lang='lat' dir='ltr'>gradi-</span> 
     </span>
     <span class='ocr_line' id='line_1_55' title="bbox 1365 739 2391 794; baseline 0.003 -16"><span class='ocrx_word' id='word_1_355' title='bbox 1365 739 1463 779; x_wconf 90' lang='lat' dir='ltr'>bus:</span> <span class='ocrx_word' id='word_1_356' title='bbox 1483 742 1524 779; x_wconf 89' lang='lat' dir='ltr'>et</span> <span class='ocrx_word' id='word_1_357' title='bbox 1536 739 1640 780; x_wconf 87' lang='lat' dir='ltr'>illud</span> <span class='ocrx_word' id='word_1_358' title='bbox 1658 742 1719 780; x_wconf 87' lang='lat' dir='ltr'>est</span> <span class='ocrx_word' id='word_1_359' title='bbox 1733 751 1858 780; x_wconf 89' lang='lat' dir='ltr'>mane</span> <span class='ocrx_word' id='word_1_360' title='bbox 1873 740 2207 792; x_wconf 84' lang='lat' dir='ltr'>resurrectionis,</span> <span class='ocrx_word' id='word_1_361' title='bbox 2221 740 2391 794; x_wconf 88' lang='lat' dir='ltr'>quando</span> 
     </span>
     <span class='ocr_line' id='line_1_56' title="bbox 1366 810 2398 854; baseline 0.003 -4"><span class='ocrx_word' id='word_1_362' title='bbox 1366 810 1526 851; x_wconf 85' lang='lat' dir='ltr'>erimus</span> <span class='ocrx_word' id='word_1_363' title='bbox 1559 811 1603 850; x_wconf 89' lang='lat' dir='ltr'>in</span> <span class='ocrx_word' id='word_1_364' title='bbox 1634 811 1718 851; x_wconf 89' lang='lat' dir='ltr'>fine</span> <span class='ocrx_word' id='word_1_365' title='bbox 1750 811 1909 852; x_wconf 82' lang='lat' dir='ltr'>saeculi.</span> <span class='ocrx_word' id='word_1_366' title='bbox 1941 811 2134 854; x_wconf 80' lang='lat' dir='ltr'>Psalmus</span> <span class='ocrx_word' id='word_1_367' title='bbox 2154 812 2193 852; x_wconf 73' lang='lat'>⁵:</span> <span class='ocrx_word' id='word_1_368' title='bbox 2225 826 2244 850; x_wconf 87' lang='lat'>«</span> <span class='ocrx_word' id='word_1_369' title='bbox 2273 811 2398 853; x_wconf 85' lang='lat' dir='ltr'>Mane</span> 
     </span>
     <span class='ocr_line' id='line_1_57' title="bbox 1366 882 2392 933; baseline 0.002 -12"><span class='ocrx_word' id='word_1_370' title='bbox 1366 882 1510 922; x_wconf 88' lang='lat' dir='ltr'>astabo</span> <span class='ocrx_word' id='word_1_371' title='bbox 1535 882 1634 933; x_wconf 88' lang='lat' dir='ltr'>tibi,</span> <span class='ocrx_word' id='word_1_372' title='bbox 1658 884 1697 923; x_wconf 87' lang='lat' dir='ltr'>et</span> <span class='ocrx_word' id='word_1_373' title='bbox 1716 882 1884 924; x_wconf 86' lang='lat' dir='ltr'>videbO.</span> <span class='ocrx_word' id='word_1_374' title='bbox 1906 896 1924 920; x_wconf 73' lang='lat' dir='ltr'>n</span> <span class='ocrx_word' id='word_1_375' title='bbox 1951 882 2052 923; x_wconf 86' lang='lat' dir='ltr'>Haec</span> <span class='ocrx_word' id='word_1_376' title='bbox 2070 883 2299 923; x_wconf 80' lang='lat' dir='ltr'>seminarIa</span> <span class='ocrx_word' id='word_1_377' title='bbox 2319 883 2392 923; x_wconf 88' lang='lat' dir='ltr'>ab·</span> 
     </span>
     <span class='ocr_line' id='line_1_58' title="bbox 1367 952 2397 1006; baseline 0 -12"><span class='ocrx_word' id='word_1_378' title='bbox 1367 952 1502 994; x_wconf 88' lang='lat' dir='ltr'>solute</span> <span class='ocrx_word' id='word_1_379' title='bbox 1539 953 1798 994; x_wconf 86' lang='lat' dir='ltr'>considerata</span> <span class='ocrx_word' id='word_1_380' title='bbox 1831 955 1944 994; x_wconf 86' lang='lat' dir='ltr'>sunt.</span> <span class='ocrx_word' id='word_1_381' title='bbox 1983 953 2088 995; x_wconf 86' lang='lat' dir='ltr'>Item</span> <span class='ocrx_word' id='word_1_382' title='bbox 2126 957 2397 1006; x_wconf 86' lang='lat' dir='ltr'>comparatur</span> 
     </span>
     <span class='ocr_line' id='line_1_59' title="bbox 1367 1024 2399 1077; baseline 0 -12"><span class='ocrx_word' id='word_1_383' title='bbox 1367 1024 1480 1077; x_wconf 87' lang='lat' dir='ltr'>quod</span> <span class='ocrx_word' id='word_1_384' title='bbox 1500 1024 1652 1075; x_wconf 81' lang='lat' dir='ltr'>oritur,</span> <span class='ocrx_word' id='word_1_385' title='bbox 1685 1024 1738 1065; x_wconf 86' lang='lat' dir='ltr'>ad</span> <span class='ocrx_word' id='word_1_386' title='bbox 1766 1036 1910 1065; x_wconf 89' lang='lat' dir='ltr'>semen</span> <span class='ocrx_word' id='word_1_387' title='bbox 1928 1024 1979 1066; x_wconf 90' lang='lat' dir='ltr'>de</span> <span class='ocrx_word' id='word_1_388' title='bbox 1999 1037 2085 1077; x_wconf 85' lang='lat' dir='ltr'>quo</span> <span class='ocrx_word' id='word_1_389' title='bbox 2105 1024 2262 1076; x_wconf 84' lang='lat' dir='ltr'>oritur,</span> <span class='ocrx_word' id='word_1_390' title='bbox 2289 1026 2330 1065; x_wconf 87' lang='lat' dir='ltr'>et</span> <span class='ocrx_word' id='word_1_391' title='bbox 2347 1025 2399 1066; x_wconf 88' lang='lat' dir='ltr'>ad</span> 
     </span>
     <span class='ocr_line' id='line_1_60' title="bbox 1368 1096 2401 1149; baseline 0.002 -14"><span class='ocrx_word' id='word_1_392' title='bbox 1368 1096 1560 1136; x_wconf 81' lang='lat' dir='ltr'>arborem</span> <span class='ocrx_word' id='word_1_393' title='bbox 1588 1096 1638 1137; x_wconf 93' lang='lat' dir='ltr'>de</span> <span class='ocrx_word' id='word_1_394' title='bbox 1667 1108 1750 1149; x_wconf 90' lang='lat' dir='ltr'>qua</span> <span class='ocrx_word' id='word_1_395' title='bbox 1779 1108 1924 1137; x_wconf 88' lang='lat' dir='ltr'>semen</span> <span class='ocrx_word' id='word_1_396' title='bbox 1954 1096 2105 1137; x_wconf 90' lang='lat' dir='ltr'>oritur.</span> <span class='ocrx_word' id='word_1_397' title='bbox 2136 1096 2204 1137; x_wconf 87' lang='lat' dir='ltr'>Sic</span> <span class='ocrx_word' id='word_1_398' title='bbox 2229 1108 2401 1149; x_wconf 85' lang='lat' dir='ltr'>compa-</span> 
     </span>
     <span class='ocr_line' id='line_1_61' title="bbox 1368 1167 2400 1217; baseline 0.002 -11"><span class='ocrx_word' id='word_1_399' title='bbox 1368 1168 1488 1206; x_wconf 88' lang='lat' dir='ltr'>ratur</span> <span class='ocrx_word' id='word_1_400' title='bbox 1501 1178 1662 1207; x_wconf 89' lang='lat' dir='ltr'>novum</span> <span class='ocrx_word' id='word_1_401' title='bbox 1677 1169 1980 1208; x_wconf 89' lang='lat' dir='ltr'>testamentum</span> <span class='ocrx_word' id='word_1_402' title='bbox 1994 1167 2046 1208; x_wconf 87' lang='lat' dir='ltr'>ad</span> <span class='ocrx_word' id='word_1_403' title='bbox 2060 1169 2197 1217; x_wconf 89' lang='lat' dir='ltr'>vetus,</span> <span class='ocrx_word' id='word_1_404' title='bbox 2213 1170 2262 1208; x_wconf 87' lang='lat' dir='ltr'>ut</span> <span class='ocrx_word' id='word_1_405' title='bbox 2274 1167 2400 1208; x_wconf 87' lang='lat' dir='ltr'>arbor</span> 
     </span>
     <span class='ocr_line' id='line_1_62' title="bbox 1369 1237 2400 1289; baseline 0.002 -13"><span class='ocrx_word' id='word_1_406' title='bbox 1369 1237 1421 1277; x_wconf 88' lang='lat' dir='ltr'>ad</span> <span class='ocrx_word' id='word_1_407' title='bbox 1443 1237 1654 1286; x_wconf 82' lang='lat' dir='ltr'>arborem,</span> <span class='ocrx_word' id='word_1_408' title='bbox 1677 1240 1718 1278; x_wconf 91' lang='lat' dir='ltr'>et</span> <span class='ocrx_word' id='word_1_409' title='bbox 1738 1238 1877 1278; x_wconf 89' lang='lat' dir='ltr'>littera</span> <span class='ocrx_word' id='word_1_410' title='bbox 1896 1239 1948 1279; x_wconf 89' lang='lat' dir='ltr'>ad</span> <span class='ocrx_word' id='word_1_411' title='bbox 1965 1239 2173 1289; x_wconf 84' lang='lat' dir='ltr'>litteram,</span> <span class='ocrx_word' id='word_1_412' title='bbox 2195 1241 2235 1279; x_wconf 86' lang='lat' dir='ltr'>et</span> <span class='ocrx_word' id='word_1_413' title='bbox 2257 1251 2400 1280; x_wconf 89' lang='lat' dir='ltr'>semen</span> 
     </span>
     <span class='ocr_line' id='line_1_63' title="bbox 1369 1309 2396 1362; baseline 0.002 -13"><span class='ocrx_word' id='word_1_414' title='bbox 1369 1309 1421 1350; x_wconf 89' lang='lat' dir='ltr'>ad</span> <span class='ocrx_word' id='word_1_415' title='bbox 1435 1320 1593 1351; x_wconf 89' lang='lat' dir='ltr'>semen.</span> <span class='ocrx_word' id='word_1_416' title='bbox 1611 1309 1660 1350; x_wconf 88' lang='lat' dir='ltr'>Et</span> <span class='ocrx_word' id='word_1_417' title='bbox 1675 1310 1783 1350; x_wconf 86' lang='lat' dir='ltr'>sicut</span> <span class='ocrx_word' id='word_1_418' title='bbox 1796 1310 1923 1350; x_wconf 89' lang='lat' dir='ltr'>arbor</span> <span class='ocrx_word' id='word_1_419' title='bbox 1937 1311 1987 1351; x_wconf 88' lang='lat' dir='ltr'>de</span> <span class='ocrx_word' id='word_1_420' title='bbox 2001 1311 2164 1362; x_wconf 84' lang='lat' dir='ltr'>arbore,</span> <span class='ocrx_word' id='word_1_421' title='bbox 2190 1312 2231 1351; x_wconf 86' lang='lat' dir='ltr'>et</span> <span class='ocrx_word' id='word_1_422' title='bbox 2251 1322 2396 1351; x_wconf 90' lang='lat' dir='ltr'>semen</span> 
     </span>
     <span class='ocr_line' id='line_1_64' title="bbox 1370 1380 2402 1432; baseline 0.001 -11"><span class='ocrx_word' id='word_1_423' title='bbox 1370 1381 1421 1421; x_wconf 92' lang='lat' dir='ltr'>de</span> <span class='ocrx_word' id='word_1_424' title='bbox 1442 1380 1616 1431; x_wconf 85' lang='lat' dir='ltr'>semine,</span> <span class='ocrx_word' id='word_1_425' title='bbox 1640 1381 1699 1421; x_wconf 92' lang='lat' dir='ltr'>sic</span> <span class='ocrx_word' id='word_1_426' title='bbox 1716 1381 1855 1422; x_wconf 90' lang='lat' dir='ltr'>littera</span> <span class='ocrx_word' id='word_1_427' title='bbox 1875 1381 1925 1422; x_wconf 90' lang='lat' dir='ltr'>de</span> <span class='ocrx_word' id='word_1_428' title='bbox 1944 1381 2096 1432; x_wconf 86' lang='lat' dir='ltr'>littera,</span> <span class='ocrx_word' id='word_1_429' title='bbox 2119 1384 2160 1422; x_wconf 93' lang='lat' dir='ltr'>et</span> <span class='ocrx_word' id='word_1_430' title='bbox 2177 1383 2402 1422; x_wconf 85' lang='lat' dir='ltr'>testamen-</span> 
     </span>
     <span class='ocr_line' id='line_1_65' title="bbox 1369 1451 2403 1505; baseline 0.002 -14"><span class='ocrx_word' id='word_1_431' title='bbox 1369 1453 1462 1491; x_wconf 91' lang='lat' dir='ltr'>tum</span> <span class='ocrx_word' id='word_1_432' title='bbox 1482 1451 1532 1492; x_wconf 89' lang='lat' dir='ltr'>de</span> <span class='ocrx_word' id='word_1_433' title='bbox 1551 1454 1817 1493; x_wconf 88' lang='lat' dir='ltr'>testamento.</span> <span class='ocrx_word' id='word_1_434' title='bbox 1848 1452 2090 1494; x_wconf 88' lang='lat' dir='ltr'>Secundum</span> <span class='ocrx_word' id='word_1_435' title='bbox 2109 1453 2191 1494; x_wconf 91' lang='lat' dir='ltr'>hoc</span> <span class='ocrx_word' id='word_1_436' title='bbox 2211 1452 2403 1505; x_wconf 84' lang='lat' dir='ltr'>assigna-</span> 
     </span>
     <span class='ocr_line' id='line_1_66' title="bbox 1371 1524 2401 1566; baseline 0.002 -3"><span class='ocrx_word' id='word_1_437' title='bbox 1371 1525 1443 1564; x_wconf 89' lang='lat' dir='ltr'>tur</span> <span class='ocrx_word' id='word_1_438' title='bbox 1457 1524 1749 1565; x_wconf 86' lang='lat' dir='ltr'>convenientia</span> <span class='ocrx_word' id='word_1_439' title='bbox 1764 1524 1949 1565; x_wconf 89' lang='lat' dir='ltr'>duorum</span> <span class='ocrx_word' id='word_1_440' title='bbox 1962 1527 2316 1566; x_wconf 84' lang='lat' dir='ltr'>testamentorum</span> <span class='ocrx_word' id='word_1_441' title='bbox 2327 1535 2401 1565; x_wconf 82' lang='lat' dir='ltr'>sex</span> 
     </span>
     <span class='ocr_line' id='line_1_67' title="bbox 1372 1595 2402 1648; baseline 0.001 -13"><span class='ocrx_word' id='word_1_442' title='bbox 1372 1595 1520 1646; x_wconf 88' lang='lat' dir='ltr'>modis,</span> <span class='ocrx_word' id='word_1_443' title='bbox 1540 1595 1775 1635; x_wconf 89' lang='lat' dir='ltr'>secundum</span> <span class='ocrx_word' id='word_1_444' title='bbox 1789 1595 2072 1636; x_wconf 85' lang='lat' dir='ltr'>differentiam</span> <span class='ocrx_word' id='word_1_445' title='bbox 2091 1595 2279 1646; x_wconf 88' lang='lat' dir='ltr'>unitatis,</span> <span class='ocrx_word' id='word_1_446' title='bbox 2302 1608 2402 1648; x_wconf 86' lang='lat' dir='ltr'>qua-</span> 
     </span>
     <span class='ocr_line' id='line_1_68' title="bbox 1371 1665 2402 1719; baseline 0.002 -14"><span class='ocrx_word' id='word_1_447' title='bbox 1371 1665 1514 1716; x_wconf 81' lang='lat' dir='ltr'>litatis,</span> <span class='ocrx_word' id='word_1_448' title='bbox 1538 1666 1725 1717; x_wconf 88' lang='lat' dir='ltr'>ternarii,</span> <span class='ocrx_word' id='word_1_449' title='bbox 1749 1667 2022 1719; x_wconf 83' lang='lat' dir='ltr'>quaternarii,</span> <span class='ocrx_word' id='word_1_450' title='bbox 2046 1665 2249 1719; x_wconf 88' lang='lat' dir='ltr'>quinarii,</span> <span class='ocrx_word' id='word_1_451' title='bbox 2274 1669 2314 1707; x_wconf 85' lang='lat' dir='ltr'>et</span> <span class='ocrx_word' id='word_1_452' title='bbox 2338 1677 2402 1707; x_wconf 90' lang='lat' dir='ltr'>se-</span> 
     </span>
     <span class='ocr_line' id='line_1_69' title="bbox 1373 1735 2405 1787; baseline 0.001 -11"><span class='ocrx_word' id='word_1_453' title='bbox 1373 1735 1505 1785; x_wconf 82' lang='lat' dir='ltr'>narii3</span> <span class='ocrx_word' id='word_1_454' title='bbox 1527 1738 1566 1775; x_wconf 91' lang='lat' dir='ltr'>et</span> <span class='ocrx_word' id='word_1_455' title='bbox 1587 1736 1726 1776; x_wconf 86' lang='lat' dir='ltr'>addita</span> <span class='ocrx_word' id='word_1_456' title='bbox 1745 1737 1923 1787; x_wconf 85' lang='lat' dir='ltr'>unitate,-</span> <span class='ocrx_word' id='word_1_457' title='bbox 1945 1737 2177 1778; x_wconf 89' lang='lat' dir='ltr'>secundum</span> <span class='ocrx_word' id='word_1_458' title='bbox 2196 1737 2405 1778; x_wconf 86' lang='lat' dir='ltr'>rationem</span> 
     </span>
     <span class='ocr_line' id='line_1_70' title="bbox 1373 1807 2404 1857; baseline 0.002 -10"><span class='ocrx_word' id='word_1_459' title='bbox 1373 1807 1568 1857; x_wconf 87' lang='lat' dir='ltr'>unitatis,</span> <span class='ocrx_word' id='word_1_460' title='bbox 1596 1822 1615 1844; x_wconf 88' lang='lat'>«</span> <span class='ocrx_word' id='word_1_461' title='bbox 1635 1807 1718 1848; x_wconf 90' lang='lat' dir='ltr'>duo</span> <span class='ocrx_word' id='word_1_462' title='bbox 1742 1811 1840 1848; x_wconf 87' lang='lat' dir='ltr'>sunt</span> <span class='ocrx_word' id='word_1_463' title='bbox 1862 1810 2113 1849; x_wconf 84' lang='lat' dir='ltr'>testamenta</span> <span class='ocrx_word' id='word_1_464' title='bbox 2135 1808 2174 1849; x_wconf 82' lang='lat'>⁶:</span> <span class='ocrx_word' id='word_1_465' title='bbox 2200 1821 2340 1849; x_wconf 89' lang='lat' dir='ltr'>unum</span> <span class='ocrx_word' id='word_1_466' title='bbox 2359 1808 2404 1849; x_wconf 91' lang='lat' dir='ltr'>in</span> 
     </span>
     <span class='ocr_line' id='line_1_71' title="bbox 1374 1878 2402 1930; baseline 0.003 -12"><span class='ocrx_word' id='word_1_467' title='bbox 1374 1878 1621 1919; x_wconf 84' lang='lat' dir='ltr'>servitutem</span> <span class='ocrx_word' id='word_1_468' title='bbox 1648 1890 1872 1930; x_wconf 82' lang='lat' dir='ltr'>generans,</span> <span class='ocrx_word' id='word_1_469' title='bbox 1898 1894 1916 1917; x_wconf 84' lang='lat'>»</span> <span class='ocrx_word' id='word_1_470' title='bbox 1951 1880 2133 1921; x_wconf 86' lang='lat' dir='ltr'>alterum</span> <span class='ocrx_word' id='word_1_471' title='bbox 2161 1880 2207 1920; x_wconf 88' lang='lat' dir='ltr'>in</span> <span class='ocrx_word' id='word_1_472' title='bbox 2233 1880 2402 1921; x_wconf 88' lang='lat' dir='ltr'>liberta-</span> 
     </span>
     <span class='ocr_line' id='line_1_72' title="bbox 1374 1950 2405 2001; baseline 0.002 -11"><span class='ocrx_word' id='word_1_473' title='bbox 1374 1952 1478 1990; x_wconf 86' lang='lat' dir='ltr'>tem:</span> <span class='ocrx_word' id='word_1_474' title='bbox 1503 1961 1642 1989; x_wconf 89' lang='lat' dir='ltr'>unum</span> <span class='ocrx_word' id='word_1_475' title='bbox 1659 1950 1894 1990; x_wconf 90' lang='lat' dir='ltr'>secundum</span> <span class='ocrx_word' id='word_1_476' title='bbox 1915 1962 2120 2001; x_wconf 83' lang='lat' dir='ltr'>amorem,</span> <span class='ocrx_word' id='word_1_477' title='bbox 2140 1950 2323 1992; x_wconf 89' lang='lat' dir='ltr'>alterum</span> <span class='ocrx_word' id='word_1_478' title='bbox 2343 1963 2405 1992; x_wconf 91' lang='lat' dir='ltr'>se-</span> 
     </span>
     <span class='ocr_line' id='line_1_73' title="bbox 1376 2020 2408 2064; baseline 0.004 -4"><span class='ocrx_word' id='word_1_479' title='bbox 1376 2021 1563 2061; x_wconf 86' lang='lat' dir='ltr'>cundum</span> <span class='ocrx_word' id='word_1_480' title='bbox 1592 2020 1790 2061; x_wconf 85' lang='lat' dir='ltr'>timorem</span> <span class='ocrx_word' id='word_1_481' title='bbox 1816 2035 1824 2061; x_wconf 77' lang='grc' dir='ltr'>ε</span> <span class='ocrx_word' id='word_1_482' title='bbox 1862 2033 2001 2061; x_wconf 89' lang='lat' dir='ltr'>unum</span> <span class='ocrx_word' id='word_1_483' title='bbox 2034 2022 2266 2063; x_wconf 88' lang='lat' dir='ltr'>secundum</span> <span class='ocrx_word' id='word_1_484' title='bbox 2294 2022 2408 2064; x_wconf 86' lang='lat' dir='ltr'>litte-</span> 
     </span>
     <span class='ocr_line' id='line_1_74' title="bbox 1377 2091 2440 2145; baseline 0.004 -14"><span class='ocrx_word' id='word_1_485' title='bbox 1377 2103 1493 2142; x_wconf 86' lang='lat' dir='ltr'>ram,</span> <span class='ocrx_word' id='word_1_486' title='bbox 1529 2091 1710 2132; x_wconf 86' lang='lat' dir='ltr'>alterum</span> <span class='ocrx_word' id='word_1_487' title='bbox 1742 2092 1975 2132; x_wconf 90' lang='lat' dir='ltr'>secundum</span> <span class='ocrx_word' id='word_1_488' title='bbox 2006 2092 2200 2145; x_wconf 88' lang='lat' dir='ltr'>spiritum</span> <span class='ocrx_word' id='word_1_489' title='bbox 2225 2108 2233 2134; x_wconf 77' lang='grc' dir='ltr'>ε</span> <span class='ocrx_word' id='word_1_490' title='bbox 2269 2106 2409 2134; x_wconf 89' lang='lat' dir='ltr'>unum</span> <span class='ocrx_word' id='word_1_491' title='bbox 2438 2097 2440 2100; x_wconf 83' lang='grc'><strong>’</strong></span> 
     </span>
     <span class='ocr_line' id='line_1_75' title="bbox 1378 2162 2408 2215; baseline 0.005 -13"><span class='ocrx_word' id='word_1_492' title='bbox 1378 2163 1612 2203; x_wconf 89' lang='lat' dir='ltr'>secundum</span> <span class='ocrx_word' id='word_1_493' title='bbox 1638 2164 1850 2215; x_wconf 80' lang='lat' dir='ltr'>figuram,</span> <span class='ocrx_word' id='word_1_494' title='bbox 1880 2162 2063 2204; x_wconf 84' lang='lat' dir='ltr'>alterum</span> <span class='ocrx_word' id='word_1_495' title='bbox 2083 2164 2316 2205; x_wconf 91' lang='lat' dir='ltr'>secundum</span> <span class='ocrx_word' id='word_1_496' title='bbox 2335 2177 2408 2207; x_wconf 87' lang='lat' dir='ltr'>ve-</span> 
     </span>
     <span class='ocr_line' id='line_1_76' title="bbox 1378 2233 2407 2289; baseline 0.004 -16"><span class='ocrx_word' id='word_1_497' title='bbox 1378 2233 1560 2274; x_wconf 84' lang='lat' dir='ltr'>ritatem.</span> <span class='ocrx_word' id='word_1_498' title='bbox 1579 2234 1645 2274; x_wconf 84' lang='lat' dir='ltr'>Sic</span> <span class='ocrx_word' id='word_1_499' title='bbox 1659 2233 1987 2286; x_wconf 85' lang='lat' dir='ltr'>distinguuntur</span> <span class='ocrx_word' id='word_1_500' title='bbox 2001 2234 2081 2275; x_wconf 88' lang='lat' dir='ltr'>ista</span> <span class='ocrx_word' id='word_1_501' title='bbox 2103 2235 2186 2276; x_wconf 88' lang='lat' dir='ltr'>duo</span> <span class='ocrx_word' id='word_1_502' title='bbox 2200 2238 2407 2289; x_wconf 84' lang='lat' dir='ltr'>tempora,</span> 
     </span>
     <span class='ocr_line' id='line_1_77' title="bbox 1379 2304 2409 2355; baseline 0.004 -11"><span class='ocrx_word' id='word_1_503' title='bbox 1379 2306 1419 2345; x_wconf 89' lang='lat' dir='ltr'>et</span> <span class='ocrx_word' id='word_1_504' title='bbox 1438 2304 1547 2355; x_wconf 79' lang='lat' dir='ltr'>dieS,</span> <span class='ocrx_word' id='word_1_505' title='bbox 1571 2307 1611 2345; x_wconf 86' lang='lat' dir='ltr'>et</span> <span class='ocrx_word' id='word_1_506' title='bbox 1631 2317 1732 2345; x_wconf 78' lang='lat' dir='ltr'>nox.</span> <span class='ocrx_word' id='word_1_507' title='bbox 1755 2304 1873 2345; x_wconf 92' lang='lat' dir='ltr'>Unde</span> <span class='ocrx_word' id='word_1_508' title='bbox 1893 2305 2088 2347; x_wconf 79' lang='lat' dir='ltr'>Psalmus</span> <span class='ocrx_word' id='word_1_509' title='bbox 2106 2306 2143 2347; x_wconf 80' lang='lat'>⁷:</span> <span class='ocrx_word' id='word_1_510' title='bbox 2172 2320 2191 2345; x_wconf 73' lang='lat' dir='ltr'>&lt;i</span> <span class='ocrx_word' id='word_1_511' title='bbox 2210 2306 2303 2347; x_wconf 91' lang='lat' dir='ltr'>Dies</span> <span class='ocrx_word' id='word_1_512' title='bbox 2328 2307 2409 2348; x_wconf 89' lang='lat' dir='ltr'>diei</span> 
     </span>
     <span class='ocr_line' id='line_1_78' title="bbox 1379 2375 2410 2427; baseline 0.002 -11"><span class='ocrx_word' id='word_1_513' title='bbox 1379 2378 1538 2416; x_wconf 79' lang='lat' dir='ltr'>eructat</span> <span class='ocrx_word' id='word_1_514' title='bbox 1558 2375 1753 2426; x_wconf 89' lang='lat' dir='ltr'>verbum,</span> <span class='ocrx_word' id='word_1_515' title='bbox 1775 2378 1814 2415; x_wconf 90' lang='lat' dir='ltr'>et</span> <span class='ocrx_word' id='word_1_516' title='bbox 1835 2387 1922 2416; x_wconf 79' lang='lat' dir='ltr'>nox</span> <span class='ocrx_word' id='word_1_517' title='bbox 1935 2376 2062 2427; x_wconf 84' lang='lat' dir='ltr'>nocti,</span> <span class='ocrx_word' id='word_1_518' title='bbox 2085 2390 2104 2413; x_wconf 68' lang='lat'>&gt;³</span> <span class='ocrx_word' id='word_1_519' title='bbox 2124 2379 2201 2418; x_wconf 89' lang='lat' dir='ltr'>etc.</span> <span class='ocrx_word' id='word_1_520' title='bbox 2225 2376 2274 2417; x_wconf 90' lang='lat' dir='ltr'>In</span> <span class='ocrx_word' id='word_1_521' title='bbox 2290 2380 2410 2419; x_wconf 88' lang='lat' dir='ltr'>nocte</span> 
     </span>
     <span class='ocr_line' id='line_1_79' title="bbox 1380 2446 2412 2499; baseline 0.003 -13"><span class='ocrx_word' id='word_1_522' title='bbox 1380 2447 1462 2497; x_wconf 89' lang='lat' dir='ltr'>illa,</span> <span class='ocrx_word' id='word_1_523' title='bbox 1485 2446 1553 2487; x_wconf 85' lang='lat' dir='ltr'>lex</span> <span class='ocrx_word' id='word_1_524' title='bbox 1574 2446 1653 2487; x_wconf 85' lang='lat' dir='ltr'>fuit</span> <span class='ocrx_word' id='word_1_525' title='bbox 1671 2449 1720 2487; x_wconf 88' lang='lat' dir='ltr'>ut</span> <span class='ocrx_word' id='word_1_526' title='bbox 1738 2446 1859 2498; x_wconf 81' lang='lat' dir='ltr'>luna3</span> <span class='ocrx_word' id='word_1_527' title='bbox 1881 2449 1922 2487; x_wconf 88' lang='lat' dir='ltr'>et</span> <span class='ocrx_word' id='word_1_528' title='bbox 1936 2449 2090 2499; x_wconf 73' lang='lat' dir='ltr'>patres,</span> <span class='ocrx_word' id='word_1_529' title='bbox 2113 2450 2160 2488; x_wconf 89' lang='lat' dir='ltr'>ut</span> <span class='ocrx_word' id='word_1_530' title='bbox 2180 2448 2327 2499; x_wconf 85' lang='lat' dir='ltr'>stellae,</span> <span class='ocrx_word' id='word_1_531' title='bbox 2351 2459 2412 2490; x_wconf 89' lang='lat' dir='ltr'>se-</span> 
     </span>
     <span class='ocr_line' id='line_1_80' title="bbox 1380 2517 2411 2570; baseline 0.002 -12"><span class='ocrx_word' id='word_1_532' title='bbox 1380 2518 1568 2559; x_wconf 89' lang='lat' dir='ltr'>cundum</span> <span class='ocrx_word' id='word_1_533' title='bbox 1593 2517 1864 2570; x_wconf 85' lang='lat' dir='ltr'>Gregorium.</span> <span class='ocrx_word' id='word_1_534' title='bbox 1896 2517 1978 2559; x_wconf 86' lang='lat' dir='ltr'>Sed</span> <span class='ocrx_word' id='word_1_535' title='bbox 2003 2530 2102 2559; x_wconf 88' lang='lat' dir='ltr'>cum</span> <span class='ocrx_word' id='word_1_536' title='bbox 2121 2519 2241 2559; x_wconf 88' lang='lat' dir='ltr'>venit</span> <span class='ocrx_word' id='word_1_537' title='bbox 2262 2519 2346 2570; x_wconf 87' lang='lat' dir='ltr'>sol,</span> <span class='ocrx_word' id='word_1_538' title='bbox 2369 2519 2411 2560; x_wconf 89' lang='lat' dir='ltr'>id</span> 
     </span>
     <span class='ocr_line' id='line_1_81' title="bbox 1381 2589 2408 2640; baseline 0.002 -11"><span class='ocrx_word' id='word_1_539' title='bbox 1381 2592 1442 2630; x_wconf 88' lang='lat' dir='ltr'>est</span> <span class='ocrx_word' id='word_1_540' title='bbox 1461 2601 1622 2630; x_wconf 89' lang='lat' dir='ltr'>novum</span> <span class='ocrx_word' id='word_1_541' title='bbox 1644 2591 1960 2640; x_wconf 87' lang='lat' dir='ltr'>testamentum,</span> <span class='ocrx_word' id='word_1_542' title='bbox 1976 2591 2078 2630; x_wconf 88' lang='lat' dir='ltr'>tunc</span> <span class='ocrx_word' id='word_1_543' title='bbox 2092 2590 2169 2630; x_wconf 87' lang='lat' dir='ltr'>fuit</span> <span class='ocrx_word' id='word_1_544' title='bbox 2182 2589 2294 2631; x_wconf 87' lang='lat' dir='ltr'>clara</span> <span class='ocrx_word' id='word_1_545' title='bbox 2308 2590 2408 2632; x_wconf 81' lang='lat' dir='ltr'>dies.</span> 
     </span>
     <span class='ocr_line' id='line_1_82' title="bbox 1381 2659 2410 2714; baseline 0.002 -14"><span class='ocrx_word' id='word_1_546' title='bbox 1381 2660 1474 2701; x_wconf 86' lang='lat' dir='ltr'>Alia</span> <span class='ocrx_word' id='word_1_547' title='bbox 1493 2660 1703 2700; x_wconf 89' lang='lat' dir='ltr'>distinctio</span> <span class='ocrx_word' id='word_1_548' title='bbox 1722 2661 1785 2700; x_wconf 88' lang='lat' dir='ltr'>est</span> <span class='ocrx_word' id='word_1_549' title='bbox 1810 2659 2044 2700; x_wconf 88' lang='lat' dir='ltr'>secundum</span> <span class='ocrx_word' id='word_1_550' title='bbox 2072 2660 2280 2701; x_wconf 88' lang='lat' dir='ltr'>rationem</span> <span class='ocrx_word' id='word_1_551' title='bbox 2304 2673 2410 2714; x_wconf 83' lang='lat' dir='ltr'>qua-</span> 
     </span>
     <span class='ocr_line' id='line_1_83' title="bbox 1380 2729 2409 2773; baseline 0.002 -2"><span class='ocrx_word' id='word_1_552' title='bbox 1380 2731 1521 2771; x_wconf 77' lang='lat' dir='ltr'>litatis,</span> <span class='ocrx_word' id='word_1_553' title='bbox 1543 2729 1671 2771; x_wconf 84' lang='lat' dir='ltr'>Vetus</span> <span class='ocrx_word' id='word_1_554' title='bbox 1693 2731 1996 2770; x_wconf 86' lang='lat' dir='ltr'>testamentum</span> <span class='ocrx_word' id='word_1_555' title='bbox 2024 2730 2152 2771; x_wconf 87' lang='lat' dir='ltr'>habet</span> <span class='ocrx_word' id='word_1_556' title='bbox 2184 2731 2269 2772; x_wconf 92' lang='lat' dir='ltr'>duo</span> <span class='ocrx_word' id='word_1_557' title='bbox 2301 2735 2409 2773; x_wconf 88' lang='lat' dir='ltr'>tem-</span> 
     </span>
     <span class='ocr_line' id='line_1_84' title="bbox 1381 2801 2412 2855; baseline 0.002 -13"><span class='ocrx_word' id='word_1_558' title='bbox 1381 2814 1510 2854; x_wconf 85' lang='lat' dir='ltr'>pora:</span> <span class='ocrx_word' id='word_1_559' title='bbox 1543 2804 1712 2854; x_wconf 90' lang='lat' dir='ltr'>tempus</span> <span class='ocrx_word' id='word_1_560' title='bbox 1743 2803 1839 2841; x_wconf 87' lang='lat' dir='ltr'>ante</span> <span class='ocrx_word' id='word_1_561' title='bbox 1869 2801 2034 2853; x_wconf 90' lang='lat' dir='ltr'>legem,</span> <span class='ocrx_word' id='word_1_562' title='bbox 2067 2804 2108 2842; x_wconf 87' lang='lat' dir='ltr'>et</span> <span class='ocrx_word' id='word_1_563' title='bbox 2135 2804 2303 2855; x_wconf 88' lang='lat' dir='ltr'>tempus</span> <span class='ocrx_word' id='word_1_564' title='bbox 2333 2804 2412 2844; x_wconf 87' lang='lat' dir='ltr'>sub</span> 
     </span>
     <span class='ocr_line' id='line_1_85' title="bbox 1381 2873 2412 2928; baseline 0.003 -14"><span class='ocrx_word' id='word_1_565' title='bbox 1381 2874 1490 2925; x_wconf 89' lang='lat' dir='ltr'>lege.</span> <span class='ocrx_word' id='word_1_566' title='bbox 1516 2873 1583 2914; x_wconf 90' lang='lat' dir='ltr'>Sic</span> <span class='ocrx_word' id='word_1_567' title='bbox 1602 2885 1714 2914; x_wconf 87' lang='lat' dir='ltr'>novo</span> <span class='ocrx_word' id='word_1_568' title='bbox 1737 2874 1986 2914; x_wconf 88' lang='lat' dir='ltr'>testamento</span> <span class='ocrx_word' id='word_1_569' title='bbox 2010 2873 2233 2926; x_wconf 85' lang='lat' dir='ltr'>respondet</span> <span class='ocrx_word' id='word_1_570' title='bbox 2254 2874 2412 2928; x_wconf 84' lang='lat' dir='ltr'>duplex</span> 
     </span>
     <span class='ocr_line' id='line_1_86' title="bbox 1381 2943 2412 2998; baseline 0.002 -13"><span class='ocrx_word' id='word_1_571' title='bbox 1381 2947 1574 2997; x_wconf 87' lang='lat' dir='ltr'>tempus:</span> <span class='ocrx_word' id='word_1_572' title='bbox 1603 2946 1771 2997; x_wconf 89' lang='lat' dir='ltr'>tempus</span> <span class='ocrx_word' id='word_1_573' title='bbox 1789 2943 2020 2985; x_wconf 86' lang='lat' dir='ltr'>vocationis</span> <span class='ocrx_word' id='word_1_574' title='bbox 2053 2945 2270 2997; x_wconf 84' lang='lat' dir='ltr'>gentium,</span> <span class='ocrx_word' id='word_1_575' title='bbox 2298 2946 2412 2998; x_wconf 90' lang='lat' dir='ltr'>quod</span> 
     </span>
     <span class='ocr_line' id='line_1_87' title="bbox 1381 3008 2408 3069; baseline 0.001 -12"><span class='ocrx_word' id='word_1_576' title='bbox 1381 3008 1613 3069; x_wconf 83' lang='lat' dir='ltr'>respondet</span> <span class='ocrx_word' id='word_1_577' title='bbox 1629 3014 1769 3068; x_wconf 89' lang='lat' dir='ltr'>primo</span> <span class='ocrx_word' id='word_1_578' title='bbox 1783 3029 1793 3064; x_wconf 91' lang='lat'>;</span> <span class='ocrx_word' id='word_1_579' title='bbox 1826 3017 1866 3055; x_wconf 91' lang='lat' dir='ltr'>et</span> <span class='ocrx_word' id='word_1_580' title='bbox 1894 3016 2062 3068; x_wconf 87' lang='lat' dir='ltr'>tempus</span> <span class='ocrx_word' id='word_1_581' title='bbox 2083 3016 2316 3058; x_wconf 87' lang='lat' dir='ltr'>vocationis</span> <span class='ocrx_word' id='word_1_582' title='bbox 2334 3016 2408 3058; x_wconf 87' lang='lat' dir='ltr'>Ju-</span> 
     </span>
     <span class='ocr_line' id='line_1_88' title="bbox 1382 3086 2412 3140; baseline -0.001 -11"><span class='ocrx_word' id='word_1_583' title='bbox 1382 3089 1589 3137; x_wconf 79' lang='lat' dir='ltr'>daeorum‚</span> <span class='ocrx_word' id='word_1_584' title='bbox 1606 3086 1721 3140; x_wconf 87' lang='lat' dir='ltr'>quod</span> <span class='ocrx_word' id='word_1_585' title='bbox 1740 3086 1964 3139; x_wconf 88' lang='lat' dir='ltr'>respondet</span> <span class='ocrx_word' id='word_1_586' title='bbox 1983 3087 2181 3127; x_wconf 89' lang='lat' dir='ltr'>secundo.</span> <span class='ocrx_word' id='word_1_587' title='bbox 2204 3086 2291 3128; x_wconf 89' lang='lat' dir='ltr'>Hoc</span> <span class='ocrx_word' id='word_1_588' title='bbox 2308 3088 2412 3128; x_wconf 87' lang='lat' dir='ltr'>tem-</span> 
     </span>
     <span class='ocr_line' id='line_1_89' title="bbox 1382 3156 2406 3212; baseline -0.003 -13"><span class='ocrx_word' id='word_1_589' title='bbox 1382 3171 1462 3212; x_wconf 91' lang='lat' dir='ltr'>pus</span> <span class='ocrx_word' id='word_1_590' title='bbox 1482 3158 1574 3209; x_wconf 86' lang='lat' dir='ltr'>erit,</span> <span class='ocrx_word' id='word_1_591' title='bbox 1597 3161 1638 3198; x_wconf 86' lang='lat' dir='ltr'>et</span> <span class='ocrx_word' id='word_1_592' title='bbox 1655 3157 1849 3198; x_wconf 89' lang='lat' dir='ltr'>nondum</span> <span class='ocrx_word' id='word_1_593' title='bbox 1868 3159 1945 3208; x_wconf 85' lang='lat' dir='ltr'>est,</span> <span class='ocrx_word' id='word_1_594' title='bbox 1965 3157 2068 3210; x_wconf 87' lang='lat' dir='ltr'>quia</span> <span class='ocrx_word' id='word_1_595' title='bbox 2089 3159 2189 3197; x_wconf 90' lang='lat' dir='ltr'>tunc</span> <span class='ocrx_word' id='word_1_596' title='bbox 2211 3156 2406 3209; x_wconf 87' lang='lat' dir='ltr'>implebi-</span> 
     </span>
     <span class='ocr_line' id='line_1_90' title="bbox 1383 3226 2409 3278; baseline -0.004 -8"><span class='ocrx_word' id='word_1_597' title='bbox 1383 3233 1453 3270; x_wconf 86' lang='lat' dir='ltr'>tur</span> <span class='ocrx_word' id='word_1_598' title='bbox 1470 3229 1576 3269; x_wconf 88' lang='lat' dir='ltr'>illud</span> <span class='ocrx_word' id='word_1_599' title='bbox 1597 3227 1713 3268; x_wconf 81' lang='lat' dir='ltr'>Isaiae</span> <span class='ocrx_word' id='word_1_600' title='bbox 1733 3227 1747 3249; x_wconf 77' lang='lat'><strong>⁸</strong></span> <span class='ocrx_word' id='word_1_601' title='bbox 1767 3241 1775 3267; x_wconf 75' lang='grc' dir='ltr'>ε</span> <span class='ocrx_word' id='word_1_602' title='bbox 1805 3241 1824 3265; x_wconf 79' lang='grc' dir='ltr'>α</span> <span class='ocrx_word' id='word_1_603' title='bbox 1844 3226 1938 3267; x_wconf 92' lang='lat' dir='ltr'>Non</span> <span class='ocrx_word' id='word_1_604' title='bbox 1957 3227 2114 3269; x_wconf 85' lang='lat' dir='ltr'>levabit</span> <span class='ocrx_word' id='word_1_605' title='bbox 2132 3237 2238 3278; x_wconf 84' lang='lat' dir='ltr'>gens</span> <span class='ocrx_word' id='word_1_606' title='bbox 2263 3227 2409 3267; x_wconf 87' lang='lat' dir='ltr'>contra</span> 
     </span>
     <span class='ocr_line' id='line_1_91' title="bbox 1387 3297 2410 3353; baseline -0.003 -12"><span class='ocrx_word' id='word_1_607' title='bbox 1387 3303 1559 3353; x_wconf 80' lang='lat' dir='ltr'>gentem</span> <span class='ocrx_word' id='word_1_608' title='bbox 1594 3298 1805 3351; x_wconf 84' lang='lat' dir='ltr'>gladium,</span> <span class='ocrx_word' id='word_1_609' title='bbox 1840 3309 1917 3338; x_wconf 90' lang='lat' dir='ltr'>nec</span> <span class='ocrx_word' id='word_1_610' title='bbox 1952 3297 2265 3338; x_wconf 84' lang='lat' dir='ltr'>exercebuntur</span> <span class='ocrx_word' id='word_1_611' title='bbox 2299 3297 2410 3340; x_wconf 84' lang='lat' dir='ltr'>ultra</span> 
     </span>
    </p>
   </div>
   <div class='ocr_carea' id='block_1_7' title="bbox 1384 3409 2408 3501">
    <p class='ocr_par' dir='ltr' id='par_1_7' title="bbox 1384 3409 2408 3501">
     <span class='ocr_line' id='line_1_92' title="bbox 1384 3409 2408 3451; baseline -0.005 -6"><span class='ocrx_word' id='word_1_612' title='bbox 1384 3416 1397 3437; x_wconf 68' lang='grc' dir='ltr'><strong>ὅ</strong></span> <span class='ocrx_word' id='word_1_613' title='bbox 1416 3413 1503 3445; x_wconf 74' lang='grc' dir='ltr'>Ρεαί.</span> <span class='ocrx_word' id='word_1_614' title='bbox 1525 3420 1557 3451; x_wconf 79' lang='grc' dir='ltr'>ν,</span> <span class='ocrx_word' id='word_1_615' title='bbox 1578 3415 1610 3444; x_wconf 81' lang='lat'>2.</span> <span class='ocrx_word' id='word_1_616' title='bbox 1629 3429 1670 3436; x_wconf 96' lang='lat'><strong>—</strong></span> <span class='ocrx_word' id='word_1_617' title='bbox 1691 3412 1703 3430; x_wconf 63' lang='grc' dir='ltr'>θ</span> <span class='ocrx_word' id='word_1_618' title='bbox 1730 3409 1822 3450; x_wconf 66' lang='lat' dir='ltr'>Gal„</span> <span class='ocrx_word' id='word_1_619' title='bbox 1843 3417 1888 3450; x_wconf 78' lang='grc' dir='ltr'>ιν,</span> <span class='ocrx_word' id='word_1_620' title='bbox 1914 3411 1966 3442; x_wconf 81' lang='grc'>24.</span> <span class='ocrx_word' id='word_1_621' title='bbox 1986 3427 2027 3433; x_wconf 92' lang='grc'>-</span> <span class='ocrx_word' id='word_1_622' title='bbox 2048 3409 2060 3431; x_wconf 87' lang='lat'>⁷</span> <span class='ocrx_word' id='word_1_623' title='bbox 2085 3410 2177 3442; x_wconf 78' lang='lat' dir='ltr'>Psal.</span> <span class='ocrx_word' id='word_1_624' title='bbox 2199 3417 2297 3450; x_wconf 78' lang='lat' dir='ltr'>xviii,</span> <span class='ocrx_word' id='word_1_625' title='bbox 2321 3411 2351 3441; x_wconf 65' lang='grc' dir='ltr'>ἲ.</span> <span class='ocrx_word' id='word_1_626' title='bbox 2370 3427 2408 3434; x_wconf 90' lang='grc'>-</span> 
     </span>
     <span class='ocr_line' id='line_1_93' title="bbox 1387 3460 1606 3501; baseline -0.014 -8"><span class='ocrx_word' id='word_1_627' title='bbox 1387 3464 1398 3481; x_wconf 70' lang='lat'>⁸</span> <span class='ocrx_word' id='word_1_628' title='bbox 1418 3463 1496 3501; x_wconf 65' lang='lat' dir='ltr'>Isa„</span> <span class='ocrx_word' id='word_1_629' title='bbox 1515 3468 1555 3500; x_wconf 90' lang='lat'>11,</span> <span class='ocrx_word' id='word_1_630' title='bbox 1575 3460 1606 3490; x_wconf 75' lang='lat'>4.</span> 
     </span>
    </p>
   </div>
   <div class='ocr_carea' id='block_1_8' title="bbox 1430 3521 2323 3568">
    <p class='ocr_par' dir='ltr' id='par_1_8' title="bbox 1430 3521 2323 3568">
     <span class='ocr_line' id='line_1_94' title="bbox 1430 3521 2323 3568; baseline -0.004 -10"><span class='ocrx_word' id='word_1_631' title='bbox 1430 3528 1471 3568; x_wconf 77' lang='lat' dir='ltr'>(a.)</span> <span class='ocrx_word' id='word_1_632' title='bbox 1491 3526 1575 3558; x_wconf 78' lang='lat' dir='ltr'>Coet.</span> <span class='ocrx_word' id='word_1_633' title='bbox 1595 3523 1674 3555; x_wconf 80' lang='lat' dir='ltr'>edit.</span> <span class='ocrx_word' id='word_1_634' title='bbox 1695 3522 1862 3564; x_wconf 82' lang='lat' dir='ltr'>probatio.</span> <span class='ocrx_word' id='word_1_635' title='bbox 1884 3540 1923 3546; x_wconf 91' lang='lat'>—</span> <span class='ocrx_word' id='word_1_636' title='bbox 1942 3521 1987 3563; x_wconf 83' lang='lat' dir='ltr'>(b)</span> <span class='ocrx_word' id='word_1_637' title='bbox 2010 3522 2088 3554; x_wconf 81' lang='lat' dir='ltr'>Caet.</span> <span class='ocrx_word' id='word_1_638' title='bbox 2109 3521 2187 3554; x_wconf 76' lang='lat' dir='ltr'>edit,</span> <span class='ocrx_word' id='word_1_639' title='bbox 2207 3521 2323 3564; x_wconf 76' lang='lat' dir='ltr'>gratia.</span> 
     </span>
    </p>
   </div>
  </div>
 </body>
</html>
