2633 3878
185 1753 290 1780 Cimel.

166 1819 279 1845 Daleth.

191 2373 305 2402 Gradus

179 2415 285 2448 quibus

163 2457 198 2482 ad
224 2457 304 2484 retri-

187 2497 282 2526 butio-

164 2546 230 2565 nem
242 2547 303 2574 per-

165 2581 289 2608 venitur.

343 291 418 328 3to

340 371 551 410 siderando
585 370 809 417 respirantis
832 381 840 405 ε
864 372 904 406 In
924 371 1247 417 justificationibus
1267 372 1367 411 tuis:

340 445 426 470 ecce
449 432 769 469 considerationis
798 432 959 468 materia
986 433 1185 468 virtuosa:
1206 432 1366 468 Medita-

338 497 419 536 tin-‚-
441 506 527 531 ecce
559 495 686 530 forma
713 493 887 530 studiosa
910 506 918 530 :
943 496 1022 530 Nonv
1046 496 1255 536 obliviscar‚·
1277 503 1364 529 ecee

338 568 454 594 causa
487 557 633 592 motiva
666 555 877 592 affectuosa
908 568 916 591 ε
945 556 1124 591 Sermones
1156 558 1251 599 ίιιοε;
1277 565 1364 591 ecce

338 617 624 655 consummatio
645 617 854 653 fructuosa.

584 774 832 811 CAPlTULUM
858 773 1107 810 SECUNDUM.

647 895 868 922 VERSICULUS
892 895 1039 922 ramus.

385 993 440 1026 Π.
457 990 624 1026 Reti-(bue
636 1000 733 1025 serre
747 993 819 1030 tuo,
835 988 984 1032 etcfflie
999 987 1133 1034 incipit
1145 986 1361 1022 secundum

331 1052 566 1099 capitulum,
599 1051 709 1099 quod
747 1053 950 1097 prsesentat
984 1049 1203 1085 secundum
1237 1047 1361 1085 sercu-

330 1114 427 1150 luni.
444 1118 482 1151 ln
499 1114 627 1161 primo
644 1112 815 1159 capitulo
831 1111 901 1147 t'uit
917 1111 1115 1147 beatitudo
1135 1111 1357 1158 praemissa3

328 1176 367 1211 in
389 1176 460 1212 isto
482 1174 685 1211 retributio
708 1177 764 1210 est
795 1173 1002 1210 submissa.
1026 1173 1061 1209 Si
1083 1173 1224 1220 (niteris
1253 1172 1360 1209 ordi-

327 1238 385 1272 nis
419 1247 579 1272 eausam
602 1264 613 1281 ,
644 1236 694 1272 ad
726 1235 838 1271 illum
873 1235 1098 1283 pervenitur
1133 1245 1202 1282 per
1231 1234 1357 1271 istam.

325 1299 430 1335 Istud
453 1298 667 1344 capitulum
687 1297 936 1343 distinguitur
955 1307 1024 1344 per
1044 1297 1149 1333 hunc
1177 1296 1355 1333 modum.

325 1361 524 1396 Justorum
545 1359 594 1407 (ιι)
616 1359 819 1396 retributio
851 1359 959 1406 prius
987 1359 1094 1406 ipsos
1125 1359 1264 1395 excitat
1288 1369 1359 1406 per

325 1432 515 1466 amorem,
533 1432 704 1468 quorum
720 1420 899 1456 excitatio
922 1420 1153 1456 describitur
1170 1420 1209 1456 in
1228 1420 1357 1467 primo

326 1483 542 1519 octonario.
574 1486 866 1530 consequenter
883 1493 950 1519 eos
968 1481 1233 1529 exercitatper
1246 1481 1357 1518 labo-

322 1556 429 1590 rem,
452 1556 622 1592 quorum
651 1545 874 1582 exercitatio
898 1545 1132 1581 describitur
1151 1544 1192 1580 in
1219 1554 1357 1580 secun-

325 1608 390 1644 do.
426 1610 466 1644 Et
498 1608 688 1655 quoniam
722 1607 774 1644 ad
805 1607 1107 1643 retributionem
1144 1606 1255 1642 illam
1286 1616 1357 1652 per

324 1670 505 1706 laborem
536 1670 698 1706 intratur
729 1669 840 1716 quasi
873 1680 943 1716 per
973 1669 1161 1714 januam,
1181 1668 1274 1705 inde
1302 1671 1358 1706 est

326 1732 436 1780 quod
457 1743 480 1768 a
500 1731 623 1768 Gimel
654 1731 804 1775 littera,
827 1741 915 1778 quie
944 1731 1217 1778 interpretatur
1246 1731 1356 1767 retri-

324 1794 435 1830 butio
455 1822 465 1839 ,
493 1794 698 1830 inchoatur
730 1793 953 1829 octonarius
985 1793 1160 1840 primus:
1184 1796 1220 1829 et
1239 1804 1262 1830 a
1282 1794 1354 1830 Da⁴

323 1855 403 1891 leth
417 1883 427 1900 ,
447 1866 533 1902 quise
559 1856 833 1901 interpretatur
855 1854 1003 1900 janua,
1025 1854 1198 1890 initiatur
1217 1865 1355 1891 secun-

325 1917 411 1953 dus.
449 1916 700 1963 Distinguitur
743 1920 874 1952 autem
911 1915 1061 1962 rrimus
1102 1917 1355 1962 octonarius,

325 1980 418 2026 quia
449 1980 545 2015 sicut
581 1979 734 2016 oculata
764 1978 844 2014 fide
877 1977 1057 2015 videmus
1077 2007 1089 2024 ,
1124 1979 1356 2025 hujusmodi

323 2044 476 2080 excitati
510 2043 745 2090 plerumque
781 2041 1001 2078 fervescunt
1033 2042 1194 2078 interius
1225 2042 1265 2078 in
1297 2042 1354 2079 af-

321 2105 446 2152 fectu,
465 2117 636 2153 quorum
655 2106 852 2142 fervorem
877 2104 1051 2141 declarat
1080 2105 1354 2152 quaternarius

321 2170 490 2215 primus3
512 2167 581 2204 sed
602 2169 804 2214 tepescunt
823 2167 990 2203 exterius
1009 2167 1051 2203 in
1073 2167 1233 2212 effectu,
1255 2178 1354 2215 quo-

321 2242 410 2268 rum
428 2234 604 2278 teporem
623 2229 845 2266 manifestat
871 2229 1082 2265 secundus,
1102 2229 1354 2275 Distinguitur

322 2293 579 2329 nihilominus
597 2294 633 2327 et
661 2293 932 2338 quaternartus
962 2290 1112 2337 primus
1135 2291 1354 2327 seeundum

325 2358 493 2403 quatuor
518 2353 683 2400 gradus,
706 2353 850 2400 quibus
879 2352 930 2388 ad
955 2353 1156 2399 praefatam
1183 2354 1353 2390 retribu-

323 2419 470 2454 tionem
508 2416 711 2463 pervenire
751 2415 884 2451 nititur
915 2416 1111 2461 justorum
1157 2416 1349 2454 affectus:

324 2489 494 2527 quorum
512 2478 664 2525 primus
685 2480 722 2514 et
753 2488 930 2513 summus
951 2480 1005 2514 est
1025 2488 1196 2525 superna
1222 2478 1351 2515 delec-

324 2541 416 2578 tatio
433 2554 444 2587 3
477 2540 690 2586 secundus,
719 2540 871 2577 interna
901 2539 1162 2586 illuminatio;
1198 2540 1352 2587 tertius,

323 2604 523 2641 meritoria
555 2604 676 2649 actio;
708 2606 889 2651 quartus,
917 2603 1084 2649 gratuita
1116 2603 1287 2640 dilectio.
1311 2606 1353 2640 Et

324 2667 486 2714 quidem
516 2667 567 2703 ad
597 2677 807 2714 supernam
839 2665 1137 2702 delectationem
1156 2693 1168 2710 ,
1188 2676 1260 2713 per
1292 2666 1350 2702 in-

324 2733 474 2765 ternam
505 2728 855 2774 illuminationem,
889 2727 941 2764 ad
971 2727 1073 2764 hanc
1105 2730 1261 2773 autem,
1282 2739 1351 2775 per

324 2791 565 2828 meritoriam
579 2792 791 2837 actionem3
813 2791 865 2827 ad
884 2791 986 2826 hane
1005 2792 1158 2836 autem,
1172 2800 1243 2838 per
1259 2801 1349 2836 gra-

326 2853 460 2889 tuitam
480 2854 704 2900 pervenitur
724 2853 986 2890 dilectionem.
1004 2855 1046 2889 Et
1064 2852 1158 2899 quia
1177 2851 1244 2888 illa
1263 2855 1352 2888 sunt

324 2917 364 2951 in
391 2917 593 2953 affectione
622 2917 773 2964 priora,
796 2927 883 2963 quae
912 2917 1001 2952 sunt
1032 2914 1313 2951 affectabiliora
1339 2926 1348 2951 ε

323 2979 413 3014 inde
435 2982 489 3014 est
510 2979 619 3025 quod
633 2979 673 3014 in
687 2979 814 3025 primo
831 2977 1022 3015 versiculo
1043 2980 1200 3014 notatur
1219 2977 1350 3015 fervor

324 3041 541 3078 affectionis
574 3045 750 3088 respectu
783 3052 960 3088 supernae
988 3041 1281 3088 delectationis,
1310 3042 1350 3078 in

323 3103 498 3140 secundo
521 3131 531 3149 ,
561 3106 738 3150 respectu
769 3103 927 3139 internae
958 3102 1279 3149 illuminationi53
1310 3103 1350 3139 in

322 3167 454 3212 tertio,
476 3168 650 3213 respectu
681 3165 888 3201 meritoriae
917 3165 1101 3210 actionis;
1123 3165 1163 3201 in
1185 3168 1347 3212 quarto,

321 3230 499 3275 respectu
535 3228 710 3273 gratuitae
748 3226 978 3263 dilectionis.
1015 3225 1232 3262 versiculus
1270 3226 1348 3272 pri-

321 3301 408 3326 mus
445 3289 692 3335 distinguitur
730 3288 947 3325 seeundum
981 3287 1093 3334 quod
1125 3287 1206 3323 duo
1241 3287 1349 3325 bona

320 3351 571 3387 retributoria
608 3351 887 3398 promittuntur
909 3378 920 3395 ,
954 3351 991 3385 et
1030 3348 1110 3385 duo
1150 3349 1348 3386 meritoria

320 3412 427 3448 bona
454 3413 738 3460 praemittuntur
754 3442 766 3456 ,
796 3422 968 3459 quorum
989 3410 1233 3458 praeambula
1259 3422 1347 3458 per-

364 3550 405 3584 (u)
428 3546 519 3577 Edit.
547 3547 620 3577 Ven.
642 3547 799 3578 Istorum.

1038 280 1313 324 EXPOSlTlO
1343 280 1396 322 lN
1427 281 1776 323 PSALTERIUM.

1441 370 1564 407 tinent
1583 374 1660 407 tam
1679 370 1730 406 ad
1749 369 1991 414 interiorem,
2014 379 2134 416 quam
2155 370 2207 406 ad
2232 372 2461 409 exteriorem

1439 432 1629 478 salutem3
1668 432 1820 479 reliqua
1852 441 1946 467 vero
1984 433 2065 467 tam
2097 430 2146 466 ad
2184 431 2432 469 intrinsecam
2451 462 2461 479 ,

1439 505 1560 542 quam
1577 494 1629 530 ad
1649 494 1904 530 extrinsecam
1921 493 2159 529 servitutem.

1768 599 1953 633 Articulus
1977 600 2133 644 primus.

1485 681 1697 718 Ostendens
1715 691 1809 728 ergo
1823 681 2014 728 Propheta
2028 692 2075 718 ex
2094 681 2167 718 viri
2183 681 2274 728 justi
2293 691 2462 729 persona

1436 743 1652 780 affectionis
1671 743 1863 781 fervorem
1885 754 1979 790 erga
2003 754 2214 791 supernam
2239 744 2461 781 delectatio-

1435 814 1525 841 nem
1538 832 1550 850 ,
1570 805 1664 853 petit
1691 805 1819 852 primo
1846 805 2040 842 interioris
2059 805 2230 842 hominis
2248 805 2460 843 beatitudi-

1434 875 1526 902 nem
1552 866 1603 902 ad
1629 866 1770 903 stolam
1802 866 1944 903 animae
1976 866 2259 914 pertinentem,
2293 866 2427 904 dicens
2449 880 2458 904 :

1434 929 1601 964 Reti-{bue
1620 939 1717 965 servo
1745 932 1803 964 tuo
1818 942 1829 975 ς
1851 929 1997 965 scilieet
2016 931 2208 976 quantum
2229 929 2281 966 ad
2301 929 2458 966 interio-

1433 999 1518 1026 rem
1549 989 1773 1036 hominem,
1801 1001 1921 1038 quem
1939 990 2115 1027 formasti
2143 990 2213 1026 tibi
2233 1001 2391 1028 servum
2413 1001 2460 1027 ex

1434 1054 1558 1089 utero.
1592 1053 1698 1089 Unde
1726 1054 1963 1099 notandum,
1992 1053 2102 1100 quod
2133 1053 2318 1090 Dominus
2347 1053 2459 1090 retri-

1433 1113 1538 1160 buit,
1560 1118 1751 1162 quantum
1770 1116 1821 1152 ad
1840 1115 1954 1152 istam
1971 1115 2288 1161 retributionem,
2308 1115 2461 1152 miseri-

1434 1177 1632 1222 cordiam,
1654 1178 1875 1222 veritatem,
1896 1178 2125 1215 bonitatem.
2146 1177 2335 1214 Retribuit
2353 1188 2462 1214 nam-

1433 1250 1510 1286 que
1530 1240 1861 1286 miserieordiam,
1885 1251 1976 1277 cum
1993 1241 2126 1277 tribuit
2150 1251 2190 1277 se
2218 1240 2457 1287 tenendum

1432 1301 1610 1338 retribuit
1629 1302 1853 1347 veritatem,
1871 1314 1960 1339 eum
1987 1303 2123 1339 tribuit
2150 1313 2190 1339 se
2215 1302 2433 1340 videndum
2446 1315 2457 1349 3

1432 1364 1611 1401 retribuit
1629 1365 1847 1401 bonitatem
1858 1393 1870 1411 ,
1892 1375 1982 1401 cum
2008 1365 2144 1402 tribuit
2171 1375 2210 1402 se
2229 1365 2456 1402 fruendum.

1433 1426 1484 1462 De
1508 1426 1636 1473 primo
1656 1427 1696 1462 ¹:
1722 1439 1741 1461 «
1772 1429 1880 1463 Nunc
1911 1426 2098 1463 retribuet
2127 1426 2240 1464 vobis
2272 1425 2458 1462 Dominus

1432 1487 1763 1534 misericordiam,
1795 1501 1812 1523 >³
1837 1489 1950 1536 quasi
1982 1488 2127 1525 diceret
2146 1500 2155 1524 :
2177 1488 2274 1532 Quia
2305 1487 2456 1525 miseri-

1433 1550 1602 1587 corditer
1637 1550 1807 1587 tractatis
1859 1551 2067 1587 dominum
2109 1553 2282 1587 vestrum
2322 1553 2459 1587 terres-

1431 1615 1553 1659 trem,
1575 1624 1656 1650 non
1687 1614 1738 1650 ad
1759 1613 1920 1650 oculum
1938 1613 2169 1658 serviendo,
2190 1612 2260 1649 sed
2276 1612 2458 1650 volunta·

1432 1679 1511 1713 tem
1530 1676 1595 1712 Dei
1616 1676 1818 1722 faciendo,
1838 1676 2000 1713 feliciter
2019 1675 2199 1714 tenebitis
2216 1678 2363 1722 Regem
2384 1687 2460 1713 ooe·

1430 1739 1579 1775 lestem.
1603 1741 1653 1775 De
1679 1739 1852 1776 secundo
1873 1739 2054 1776 scribitur
2077 1738 2228 1775 ibidem
2243 1738 2256 1759 ²
2278 1751 2287 1775 ε
2314 1750 2332 1772 «
2351 1740 2458 1775 Nunc

1430 1801 1618 1838 retribuet
1640 1801 1754 1837 vobis
1775 1800 1961 1837 Dominus
1979 1801 2202 1845 veritatem,
2222 1813 2239 1835 ›)
2263 1799 2376 1848 quasi
2396 1799 2457 1836 di-

1432 1866 1562 1900 ceret:
1586 1865 1657 1900 Pro
1688 1863 1798 1899 fideli
1817 1863 2036 1899 visitatione
2065 1862 2217 1899 domini
2235 1861 2353 1898 vestri
2381 1863 2458 1898 ter-

1429 1926 1579 1970 restris,
1598 1925 1790 1973 recipietis
1814 1924 1970 1962 felicem
1988 1924 2178 1962 visionem
2195 1924 2300 1970 regis
2319 1924 2456 1960 creles-

1431 1987 1491 2024 tis.
1512 1987 1639 2024 Verba
1670 1997 1843 2034 namque
1872 1989 1961 2023 sunt
1989 1986 2112 2024 David
2132 1989 2271 2034 typum
2288 1985 2457 2033 gerentis

1430 2049 1542 2095 Regis
1573 2048 1762 2096 eoelestis,
1797 2049 1949 2086 ratione
1982 2048 2142 2096 triplicis
2172 2047 2458 2096 interpretatio-

1430 2111 1519 2148 nis:
1555 2112 1675 2149 David
1704 2112 1811 2149 enim
1839 2113 2112 2159 interpretatur
2136 2113 2334 2148 misericors
2362 2137 2374 2157 ,
2402 2121 2458 2148 as-

1428 2178 1532 2221 pecca
1563 2175 1837 2221 desiderabilis,
1859 2177 2008 2211 amicus.
2030 2176 2111 2211 Rex
2137 2175 2268 2210 autem
2293 2173 2458 2210 coelestis

1431 2236 1570 2273 dieitur
1590 2237 1829 2282 misericors,
1851 2237 1893 2272 in
1918 2238 2110 2283 quantum
2139 2234 2352 2272 tractabilis
2365 2247 2377 2279 ς
2400 2245 2458 2272 as-

1428 2301 1544 2345 pectu
1576 2298 1867 2344 desiderabilis,
1889 2297 1930 2333 in
1952 2300 2144 2345 quantum
2174 2296 2457 2345 contemplabi-

1428 2358 1475 2395 lis
1483 2372 1494 2406 3
1511 2359 1673 2406 amicus,
1687 2360 1728 2396 in
1745 2362 1938 2407 quantum
1956 2359 2208 2396 delectabilis
2225 2361 2275 2395 De
2291 2359 2401 2396 tertio
2418 2360 2431 2382 ⁸
2444 2373 2455 2395 .-

1433 2435 1449 2454 «
1469 2421 1582 2458 Justis
1600 2421 1864 2459 retribuentur
1886 2422 2007 2459 bona.
2030 2435 2048 2458 ›>
2071 2421 2287 2459 Retributio
2303 2421 2457 2459 bonita-

1427 2484 1474 2520 tis
1494 2486 1550 2521 est
1568 2483 1698 2521 fruitio
1719 2483 1863 2521 divinae
1879 2484 2091 2522 suavitatis.

1741 2589 1928 2626 Articulus
1955 2589 2142 2626 secundus.

1474 2673 1683 2719 Postquam
1702 2672 1888 2719 praemisit
1915 2672 2088 2720 primum
2115 2672 2266 2709 bonum
2287 2672 2456 2710 retribu-

1426 2733 1591 2779 torium,
1617 2734 1788 2780 petendo
1820 2734 2014 2771 interioris
2041 2734 2213 2771 hominis
2241 2734 2452 2772 beatitudi-

1425 2805 1518 2832 nem
1534 2796 1586 2833 ad
1605 2796 1747 2833 stolam
1765 2796 1904 2833 animae
1916 2797 2195 2844 pertinentem;
2209 2806 2453 2844 consequen-

1425 2859 1482 2893 ter
1502 2857 1612 2894 addit
1627 2857 1860 2902 seeundum,
1874 2857 2046 2905 petendo
2066 2857 2265 2894 exterioris
2277 2857 2452 2894 hominis

1426 2918 1712 2956 beatitudinem
1742 2919 1794 2956 ad
1825 2919 1967 2957 stolam
1995 2919 2170 2966 corporis
2197 2919 2423 2957 attinentem
2440 2949 2452 2967 ,

1426 2980 1591 3017 dicens:
1617 2983 1771 3027 Vz'vz'fica
1801 2992 1877 3027 me,
1911 2981 2055 3018 seilicet
2083 2983 2276 3029 quantum
2305 2982 2357 3019 ad
2383 2982 2454 3020 ho·

1424 3043 1572 3079 minem
1592 3043 1822 3080 exteriorem
1844 3070 1857 3088 ,
1876 3043 2133 3080 retribuendo
2166 3043 2202 3080 ei
2231 3043 2353 3080 vitam
2383 3043 2454 3080 im-

1425 3105 1648 3142 mortalem.
1677 3105 1752 3142 Sed
1779 3108 1892 3150 nota,
1919 3105 2029 3152 quod
2059 3105 2148 3142 licet
2178 3105 2346 3142 indivisa
2378 3106 2454 3142 sint

1425 3177 1547 3213 opera
1565 3166 1777 3212 Trinitatis,
1796 3166 2009 3204 vivificatio
2030 3170 2160 3204 tamen
2179 3167 2356 3215 eorporis
2373 3167 2452 3204 sin-

1426 3228 1527 3274 gulis
1546 3231 1671 3275 potest
1697 3228 1946 3276 appropriari
1972 3229 2151 3276 personis
2173 3240 2182 3266 :
2204 3229 2324 3277 quia,
2354 3228 2452 3265 sicut

1424 3289 1465 3325 in
1485 3290 1711 3336 evangelica
1729 3290 1888 3327 veritate
1916 3290 2101 3337 legimus,
2122 3290 2291 3328 vivificat
2315 3291 2450 3336 Pater,

1423 3351 1594 3388 vivificat
1613 3351 1729 3388 Filius
1741 3380 1753 3398 ,
1776 3352 1946 3389 vivificat
1974 3352 2136 3399 Spiritus
2154 3353 2323 3389 sanctus.
2342 3353 2450 3389 Pater

1424 3413 1569 3460 quippe
1585 3413 1758 3451 vivificat
1782 3413 2068 3460 configurando
2087 3413 2292 3461 potentiae,
2323 3424 2450 3460 quan·

1468 3546 1473 3562 ¹
1496 3545 1523 3576 ll
1544 3545 1636 3586 Rem,
1654 3551 1694 3584 11,
1714 3546 1746 3577 6.
1765 3561 1806 3570 —
1827 3545 1841 3566 ²
1860 3543 1945 3577 ibid.
1965 3559 2007 3569 -
2024 3544 2036 3564 ⁸
2054 3545 2168 3585 Pron,
2189 3553 2269 3587 xm,
2288 3548 2342 3579 2¹.

2524 1066 2621 1094 Domi-

2480 1115 2535 1134 nus
2550 1108 2619 1142 quid

2480 1148 2619 1176 retribuat

2479 1997 2584 2024 David.
