2633 3878
109 3013 197 3040 CImri
207 3028 214 3033 ·

73 3054 141 3081 tatis
162 3055 213 3081 ser·

73 3096 148 3122 vidae
170 3097 213 3123 ct-

72 3136 178 3164 fectus.

1101 225 1339 267 PSALMIIS
1370 224 1541 267 CXVIII.

250 315 402 353 ibidem
457 316 549 354 aulo
568 316 677 364 prius
698 316 708 337 ¹
731 329 739 353 z
767 329 784 350 «
808 315 846 353 Si
872 314 1136 352 testimonium
1157 314 1283 352 homi-

250 389 345 416 num
374 380 612 428 accipimus,
649 378 912 416 testimonium
948 378 1012 415 Dei
1044 379 1174 425 majus
1207 380 1278 423 est;

250 442 440 489 quoniam
463 442 540 478 hoc
561 444 616 478 est
636 440 903 478 testimonium
923 440 1001 487 Dei,
1025 439 1136 488 quod
1154 440 1283 486 majus

250 507 325 550 est,
359 504 549 553 quoniam
578 504 802 540 testificatus
829 506 886 540 est
915 503 964 540 de
997 503 1092 540 Filio
1123 514 1194 540 suo
1223 515 1231 538 ε
1261 515 1278 537 u

249 579 337 605 ecce
357 567 623 604 testimonium
650 567 714 604 Dei
744 567 964 604 maximum
993 569 1029 604 ct
1051 577 1279 615 supernum.

573 674 764 710 Articulus
792 676 956 720 (sumtus.

294 757 353 794 Ad
373 760 558 805 quartum
577 760 742 804 spectat,
767 756 875 804 quod
902 758 1018 792 restat
1040 768 1048 792 :
1087 755 1281 792 Medt'tatz'o

246 830 321 856 mea
341 824 404 856 est.
428 819 529 864 Quid
559 821 688 856 autem
721 821 802 864 est,
833 820 1053 854 Testimonz'a
1081 821 1142 853 tua
1168 817 1281 854 medl-

246 884 338 918 tate‘o
364 893 440 918 mea
466 887 540 928 est,
571 881 646 918 nisi
677 893 684 916 :
708 879 823 925 Quod
852 879 1067 916 testificaris
1099 879 1281 924 interius,

246 943 438 980 testificari
471 944 640 981 meditor
670 943 873 980 exterius?
901 941 1097 987 Quoniam
1123 942 1176 978 ad
1204 941 1280 978 1100

243 1004 417 1042 infundis
449 1006 604 1053 animo,
627 1009 668 1043 ut
697 1006 852 1043 animus
872 1005 1049 1042 effundat
1079 1004 1278 1052 proximo.

242 1067 278 1104 Si
310 1068 451 1116 quaeris
479 1080 566 1116 quae
591 1069 640 1105 sit
663 1067 866 1105 meditatio
899 1067 999 1113 ista,
1026 1078 1149 1115 quam
1180 1066 1281 1103 testi-

242 1129 352 1167 ficari
389 1130 600 1168 meditatur
629 1130 854 1175 psalmista,
893 1129 1024 1177 ipsum
1060 1129 1277 1175 interroga,

241 1186 324 1240 ipse
346 1192 394 1229 de
416 1203 456 1229 se
480 1192 686 1240 loquatur,
719 1192 815 1240 quid
835 1191 1032 1228 testificari
1052 1191 1274 1228 meditatur.

243 1254 375 1300 Plane,
399 1254 509 1302 quod
530 1257 628 1292 Deus
657 1257 713 1292 est
732 1254 965 1302 imperator,
986 1252 1275 1299 considerator,

242 1321 512 1355 remunerator
536 1330 543 1354 :
568 1318 734 1365 imperat
760 1317 864 1353 enim
884 1316 1072 1353 virtutum
1092 1315 1276 1362 eflectu53

243 1379 465 1416 consideret
491 1379 689 1422 defectus,·
718 1382 943 1416 remunerat
961 1378 1171 1427 profectus.
1194 1379 1276 1415 Pri-

241 1451 352 1477 mum
372 1441 561 1488 loquitur,
592 1441 660 1478 ubi
686 1441 866 1489 psallitur
884 1443 898 1464 ‘³
921 1453 929 1478 z
965 1441 1183 1478 «Mandata
1211 1444 1278 1479 tua

241 1503 441 1541 meditatio
474 1515 564 1541 mea
598 1507 684 1541 est:
718 1519 734 1539 n
775 1515 863 1541 cece
905 1504 1108 1541 meditatio
1148 1504 1273 1552 impe—

239 1565 372 1601 rantis.
390 1567 614 1603 Secundum
634 1566 788 1612 fatetur,
807 1566 875 1602 ubi
897 1566 1078 1602 scribitur
1100 1567 1112 1588 '³
1134 1579 1142 1601 ε
1167 1581 1184 1600 ι(
1205 1570 1276 1605 1110-

239 1627 376 1665 ditatio
403 1628 532 1665 cordis
552 1629 630 1665 mei
650 1629 689 1665 in
712 1630 924 1676 conspectu
946 1631 1011 1665 tuo
1042 1639 1195 1676 semper
1223 1641 1231 1664 ι
1255 1641 1273 1663 »

239 1701 327 1727 ecce
348 1691 549 1728 meditatio
583 1691 879 1728 considerantis.
909 1690 1076 1727 Tertium
1100 1692 1273 1738 testatur,

238 1752 307 1790 ubi
341 1753 484 1800 legitur
516 1753 526 1775 ³
566 1766 574 1790 :
620 1767 638 1787 «
676 1753 893 1801 Concupivi
929 1752 1098 1789 salutare
1134 1755 1274 1798 tuum,

238 1814 423 1858 Domine,
445 1818 481 1852 et
504 1815 567 1852 lex
594 1818 661 1852 tua
693 1815 895 1852 meditatio
923 1826 1012 1852 mea
1034 1817 1090 1852 est
1113 1827 1120 1852 :
1145 1829 1162 1850 »
1185 1825 1274 1852 eece

238 1876 442 1915 meditatio
461 1878 760 1915 remunerantis

673 1985 843 2027 Epilogus.

284 2064 343 2102 Ait
373 2075 466 2112 ergo
499 2065 829 2114 Psalmographus
860 2076 932 2114 per
965 2065 1162 2102 charitatis
1194 2064 1269 2102 fer-

236 2126 422 2174 ventiam,
445 2130 637 2175 quantum
662 2128 713 2165 ad
735 2127 942 2165 erudiendi
964 2127 1272 2176 perspicaciam,

236 2188 418 2226 dilatatus
435 2202 442 2226 :
464 2190 578 2237 Super
597 2201 714 2227 omnes
735 2191 893 2227 docentes
914 2201 986 2237 me,
1006 2193 1200 2238 quantum
1220 2189 1272 2227 ad

236 2251 439 2289 doctorem
467 2252 695 2290 inferiorem
708 2281 719 2299 ,
753 2253 833 2290 sive
858 2253 1137 2301 corporalem,
1159 2254 1270 2289 Intel-

235 2315 323 2361 Ieaez‘,
355 2317 548 2362 quantum
577 2315 628 2352 ad
663 2316 866 2353 doctorem
900 2315 1166 2364 superiorem,
1202 2325 1271 2352 seu

236 2376 502 2424 spiritualem3
529 2378 623 2421 Quia
654 2381 860 2414 testimonia
888 2382 974 2423 tue,
997 2380 1188 2426 quantum
1220 2377 1272 2414 ad

236 2437 458 2475 doctrinam
476 2439 716 2485 interiorem,
733 2440 797 2476 vel
817 2440 1055 2486 mentalem3
1078 2440 1271 2478 Medicam

236 2510 314 2537 mea
340 2505 417 2547 est,
446 2504 654 2548 quantum·-
671 2501 723 2538 ad
757 2502 977 2538 (101111111111
994 2501 1270 2555 exteriorem,

237 2565 305 2599 aut
324 2562 526 2610 vocalcm3
549 2574 594 2600 ac
620 2563 650 2599 si
679 2563 906 2611 loqueretur
926 2563 1098 2612 apertius
1120 2576 1129 2600 ε
1157 2564 1273 2611 Super

236 2635 353 2661 omncs
391 2626 551 2662 docentes
582 2624 757 2672 inferiUS,
792 2628 956 2663 intellexi·
991 2631 1026 2662 te
1063 2626 1271 2663 docentem

236 2687 447 2735 superius:
481 2688 572 2725 111110
609 2691 665 2725 051
702 2689 812 2736 quod
854 2688 1057 2726 testificata
1095 2689 1269 2736 interius,

237 2749 431 2788 testificari
449 2761 573 2799 penso
595 2750 778 2788 exterius.

600 2899 822 2928 VERSICULUS
847 2901 898 2927 lv.

283 3003 364 3038 100.
394 3002 510 3048 Super
524 3013 620 3039 senes
642 3004 820 3046 intellecei,
845 3006 916 3040 etc.
937 3003 1082 3041 Deinde
1102 3005 1269 3042 charita-

235 3063 283 3100 tis
314 3063 445 3101 servor
483 3064 619 3102 dilatat
656 3065 834 3102 animum
871 3065 923 3102 ad
955 3066 1271 3114 circumspectius

236 3125 525 3162 consulendum
537 3140 548 3173 3
568 3127 663 3175 quia
682 3138 793 3163 mens
813 3127 998 3164 charitate
1014 3127 1182 3173 fervens,
1201 3139 1272 3176 per

236 3188 411 3225 coelestes
432 3189 698 3235 diffinitiones,
720 3192 918 3225 terrestres
939 3189 1070 3237 dirigit
1085 3190 1269 3229 actiones.

236 3251 343 3288 Unde
365 3254 528 3297 constat,
551 3251 660 3299 quod
683 3251 849 3288 charitas
875 3255 1046 3288 mentem
1076 3253 1269 3302 sublevat,

236 3315 272 3349 et
290 3313 538 3351 sublevando
560 3313 708 3350 dilatat.
725 3314 818 3350 Cum
842 3314 947 3350 enim
961 3314 1011 3352 ab
1032 3314 1159 3352 altiori
1181 3327 1272 3354 con·

235 3375 440 3423 spicimus,
479 3376 596 3414 latius
634 3376 920 3425 conspicimus3
962 3387 1051 3414 eum
1090 3377 1271 3416 altiorem

279 3457 292 3480 ²
314 3460 324 3491 I
346 3461 453 3502 Joan„
474 3468 506 3501 ν,
527 3462 558 3493 9.
578 3478 618 3484 -
634 3462 648 3485 ¹
664 3461 755 3493 Psal.
778 3461 855 3500 hoc,
879 3462 948 3494 143.
968 3478 1008 3485 —
1028 3461 1042 3482 ³
1061 3461 1152 3494 Psal.
1170 3471 1270 3503 xvm,

240 3507 292 3541 15.
309 3523 347 3530 ·-—
369 3508 380 3526 ⁴
400 3508 492 3540 Psal.
511 3508 596 3550 hoc,
622 3510 743 3541 t7t.—
769 3509 905 3546 ιςΡιόυ.,
922 3517 981 3550 xx,
995 3510 1101 3541 29.—
1121 3511 1132 3529 ⁶
1150 3510 1273 3552 Levit„

2317 229 2395 268 445

1357 314 1661 351 conscendimus
1688 318 1863 352 montem
1881 343 1892 361 ‚
1915 316 2095 353 latiorem
2121 316 2393 353 constituimus

1355 375 1614 413 horizontem.
1645 377 1749 413 Hanc
1769 380 1901 414 autem
1929 377 2197 416 dilatationem
2216 380 2394 426 patenter

1355 438 1483 475 innuit
1504 438 1719 482 l‘salmista,
1742 450 1830 476 cum
1858 440 1989 486 psallit
2007 452 2015 476 :
2041 442 2158 488 Super
2174 451 2284 486 senes,
2303 442 2392 486 etc.,

1354 502 1430 538 1100
1450 505 1518 546 est,
1540 512 1657 549 super
1678 501 1922 538 consiliarios
1943 503 2116 540 seniores
2137 504 2309 540 intellexi
2329 513 2390 540 ra-

1357 562 1445 600 dios
1465 564 1638 610 altiores,
1659 565 1754 611 qula
1775 563 2028 601 diffinitiones
2049 566 2268 613 superiores
2289 576 2393 613 quae-

1355 625 1426 661 sivi
1460 629 1621 673 propter
1657 626 1896 664 directiones
1930 626 2145 664 inferiores.
2181 631 2221 665 ln
2248 629 2393 676 quibus

1357 687 1594 734 distinguere
1626 700 1838 736 possumus
1864 689 2110 727 consiliarios
2139 690 2337 736 seniores,
2357 693 2393 726 et

1355 750 1599 787 consiliarios
1622 751 1796 788 saniores
1819 765 1827 789 :
1859 751 1946 789 illos
1965 752 2178 798 naturales,
2199 752 2291 789 istos
2312 752 2392 799 spi-

1354 812 1537 859 rituales3
1562 812 1816 851 diffinitiones
1848 815 2083 862 superiores,
2105 818 2142 852 et
2160 814 2394 852 directiones

1355 875 1558 914 inferiores
1582 889 1589 912 :
1609 876 1695 914 illas
1717 877 1902 923 coelestes,
1924 877 2016 915 istas
2037 880 2246 916 terrestres.

1694 983 1882 1019 Articulus
1900 984 2052 1029 primus.

1403 1065 1574 1102 Primum
1596 1065 1873 1113 praetenditur,
1896 1076 1985 1102 cum
2007 1065 2148 1102 dicitur
2169 1078 2178 1103 ε
2200 1066 2313 1113 Super
2341 1077 2392 1103 se-

1354 1138 1427 1172 nes,
1448 1126 1490 1163 id
1511 1129 1580 1174 est,
1603 1127 1847 1165 consiliarios
1879 1128 2066 1173 senioreS,
2087 1127 2221 1175 legum
2248 1131 2388 1165 terres-

1353 1189 1484 1237 trium,
1503 1201 1585 1227 non
1607 1190 1837 1233 coelestium,
1857 1190 2109 1238 inspectores.
2125 1191 2242 1228 Senes
2255 1191 2387 1238 hujus-

1352 1253 1462 1290 modi
1498 1256 1588 1289 sunt
1621 1254 1815 1300 sapientes
1843 1254 1960 1300 hujus
1992 1253 2144 1300 saquli,
2180 1257 2385 1302 sequentes

1350 1315 1531 1363 spiritum
1550 1315 1666 1362 hujus
1682 1315 1836 1352 muudi.
1855 1318 1897 1352 Et
1913 1318 2006 1353 nota
2021 1316 2069 1352 de
2084 1316 2257 1360 senibus,
2273 1317 2383 1364 quod
2428 1329 2519 1358 Senes

1350 1378 1597 1415 venerabiles
1619 1378 1878 1415 ostenduntur
1904 1388 1927 1414 a
1955 1378 2078 1415 tribus
2105 1391 2113 1416 :
2137 1390 2160 1416 a
2179 1381 2330 1425 natura,
2360 1390 2381 1416 a
2403 1379 2534 1440 effe-sim-

1350 1441 1561 1488 Scriptura,
1588 1452 1611 1478 a
1630 1441 1777 1488 peritize
1809 1441 2059 1478 multitudine
2081 1441 2143 1479 vel
2166 1453 2351 1480 mensura
2373 1456 2380 1479 :

1351 1503 1542 1552 quoniam
1567 1503 1656 1541 illos
1675 1504 1758 1540 11000
1779 1504 1993 1552 dignificat,
2026 1506 2107 1543 haec
2135 1506 2381 1552 honorificat,

1349 1566 1431 1602 haec
1450 1570 1627 1602 coronat.
1652 1569 1702 1603 Dc
1723 1567 1852 1614 primo
1869 1568 1882 1588 ⁵
1901 1579 1909 1603 :
1936 1581 1952 1601 «
1974 1567 2145 1614 Dignitas
2165 1579 2304 1605 senum
2324 1579 2384 1604 ca-

1349 1629 1463 1666 nities
1486 1642 1496 1665 .·
1520 1643 1537 1663 »
1573 1639 1661 1666 ecce
1683 1632 1821 1666 natura
1848 1641 1959 1667 senes
1986 1631 2232 1677 dignificans.
2257 1633 2306 1668 De
2326 1643 2384 1668 50-

1349 1692 1481 1729 cundo
1501 1693 1514 1713 ⁰
1544 1704 1551 1728 :
1589 1705 1605 1726 «
1639 1695 1778 1729 Coram
1812 1703 1911 1730 cano
1942 1693 2067 1741 capite
2099 1705 2315 1741 consurge,
2350 1698 2386 1730 et

1347 1754 1502 1792 honora
1521 1765 1733 1803 personam
1751 1756 1854 1792 senis
1873 1769 1881 1793 :
1906 1770 1921 1790 »
1947 1768 2034 1794 ecce
2055 1757 2254 1806 Scriptura
2275 1768 2387 1794 senes

1347 1818 1627 1856 honorificans.
1662 1821 1713 1856 Dc
1740 1819 1850 1856 tertio
1878 1819 1891 1840 ⁷
1919 1832 1927 1856 :
1957 1834 1974 1854 «
1999 1821 2154 1858 Corona
2180 1831 2318 1858 senum
2346 1821 2385 1856 in

1347 1882 1473 1920 multa
1503 1883 1642 1931 peritia
1672 1896 1680 1920 :
1709 1898 1725 1919 »
1763 1894 1852 1921 ecce
1886 1884 2031 1932 peritiae
2065 1895 2249 1923 mensura
2276 1895 2386 1922 senes

1349 1955 1558 1983 coronans.

1658 2047 1842 2082 Arlz'eulus
1867 2046 2052 2082 secundas.

1395 2133 1621 2170 Secundum
1640 2135 1864 2181 attenditur,
1887 2146 1977 2172 cum
1996 2135 2157 2173 additur
2174 2148 2182 2173 :
2199 2137 2382 2173 Intellexi.

1347 2198 1486 2242 Quare,
1510 2207 1658 2244 quaeso,
1681 2208 1798 2245 super
1817 2197 2023 2244 intellexit,
2044 2198 2119 2235 nisi
2139 2199 2233 2246 quia
2251 2199 2385 2236 radios

1347 2259 1569 2306 superiores
1588 2259 1783 2307 inspexit?
1801 2260 1909 2297 Tales
1930 2261 2030 2298 radii
2052 2263 2142 2297 sunt
2157 2263 2308 2298 oeternae
2326 2261 2382 2297 le-

1347 2333 1430 2368 ges,
1451 2321 1705 2359 diffinitiones
1726 2322 1913 2370 000105105,
1941 2323 1981 2359 in
2009 2323 2155 2371 quibus
2175 2334 2385 2371 possumus

1347 2383 1565 2431 intelligere
1586 2384 1692 2431 leges
1712 2385 1882 2432 justitiae,
1909 2386 2118 2433 patientiae,
2139 2388 2256 2433 atque
2276 2396 2383 2422 com-

1346 2445 1566 2492 patientiae,·
1582 2457 1653 2493 per
1675 2457 1772 2494 quas
1794 2447 1830 2482 in
1853 2447 2080 2494 operandis,
2100 2447 2329 2493 tolerandis,
2350 2451 2385 2485 et

1347 2507 1593 2552 miserandis,
1613 2507 1729 2554 dirigi
1751 2508 1942 2545 debemus
1963 2511 2001 2545 et
2022 2509 2204 2556 dirigere.
2229 2511 2279 2546 De
2306 2509 2384 2557 pri-

1346 2581 1413 2607 mo
1431 2571 1445 2593 ⁸
1466 2582 1474 2606 :
1499 2584 1516 2604 «
1536 2569 1733 2606 Custodite
1755 2570 1877 2607 verba
1898 2571 1999 2617 pacti
2018 2571 2150 2617 hujus,
2171 2576 2207 2608 ct
2222 2571 2382 2619 implete

1348 2643 1408 2678 ea,
1429 2635 1470 2669 ut
1489 2631 1713 2679 intelligatis
1734 2632 1917 2669 universa
1937 2644 2024 2681 quae
2043 2633 2209 2679 I'acietis;
2227 2647 2244 2668 »
2270 2634 2382 2681 quasi

1348 2695 1499 2732 dicatur
1518 2694 1688 2742 apertius
1705 2707 1714 2731 ;
1737 2695 1897 2732 Justitiee
1923 2695 2080 2742 regulas
2100 2695 2287 2733 divinitus
2303 2696 2382 2733 dis-

1346 2757 1493 2805 positas
1520 2757 1844 2805 contemplamini
1863 2758 2077 2804 intellectu,
2099 2758 2381 2806 amplexamini

1347 2819 1508 2866 affectu,
1529 2823 1722 2868 quatenus
1744 2831 1814 2868 per
1833 2831 1897 2858 cas
1921 2820 2147 2868 dirigamini
2167 2821 2208 2858 in
2228 2821 2378 2858 effectu.

1348 2884 1397 2919 De
1419 2882 1593 2919 secundo
1607 2883 1643 2919 ⁹:
1669 2896 1686 2916 «
1707 2883 1860 2920 Utinam
1881 2885 1978 2921 Deus
1991 2883 2219 2932 loqueretur
2239 2886 2380 2930 tecum,

1347 2948 1384 2982 et
1403 2945 1572 2994 aperiret
1590 2945 1698 2984 labia
1717 2957 1788 2984 sua
1819 2946 1903 2992 tibi,
1924 2949 1967 2983 ut
1986 2945 2210 2984 ostenderet
2237 2946 2306 2983 tibi
2326 2956 2383 2982 se-

1347 3011 1451 3045 creta
1478 3008 1690 3056 sapientiae,
1713 3011 1750 3045 ct
1777 3009 1888 3057 quod
1907 3008 2113 3057 multiplex
2133 3009 2180 3046 sit
2199 3009 2264 3046 lex
2285 3010 2383 3055 eJus,

1347 3072 1384 3106 01
1404 3070 1665 3118 iutelligeres,
1690 3071 1801 3119 quod
1829 3070 1953 3108 multo
1974 3071 2129 3108 minora
2147 3070 2313 3118 exigaris
2332 3069 2382 3107 ab

1346 3143 1408 3179 eo,
1431 3144 1552 3181 quam
1575 3137 1746 3170 meretur
1767 3133 1951 3181 iniquitas
1974 3137 2038 3171 tua
2062 3146 2070 3170 :
2093 3149 2110 3167 »
2141 3133 2182 3169 in
2202 3132 2382 3180 praesenti

1346 3195 1539 3243 scriptura
1558 3195 1766 3243 corripitur
1785 3195 1858 3232 Job
1883 3196 1920 3232 in
1941 3194 2162 3243 poenitentis
2189 3195 2380 3242 poeniten-

1348 3257 1407 3293 tie
1425 3257 1663 3306 impatientis
1682 3257 1835 3304 figura,
1858 3267 1904 3294 ac
1931 3257 1961 3293 si
1992 3257 2185 3293 diceretur
2204 3256 2239 3292 ei
2272 3267 2281 3293 :
2305 3256 2381 3293 Uti—

1347 3329 1441 3356 nam
1473 3319 1660 3356 Dominus
1692 3319 1763 3356 tibi
1797 3318 1913 3356 vellet
1945 3317 2249 3365 imaginabiliter
2277 3318 2380 3356 indi-

1347 3392 1450 3427 care,
1471 3383 1537 3418 aut
1555 3380 1857 3427 intelligibiliter
1876 3380 2085 3428 explicare,
2106 3380 2252 3429 quibus
2272 3391 2382 3418 seve-

1346 3473 1423 3503 xlx‚
1443 3467 1493 3496 32.
1516 3481 1556 3487 —-
1583 3463 1594 3485 ⁷
1623 3463 1744 3499 Eccli'..
1772 3473 1854 3506 xxv,
1873 3467 1904 3498 8.
1927 3483 1969 3489 -
1994 3465 2008 3486 ⁸
2031 3465 2142 3508 Deut„
2168 3473 2269 3507 xxix,
2292 3466 2324 3498 9.
2341 3481 2380 3489 ·-

1345 3513 1359 3535 9
1380 3511 1453 3553 Job,
1478 3520 1528 3553 xi,
1549 3514 1580 3553 5,
1601 3513 1632 3544 6.
1878 3511 1883 3519 '
