2633 3878
79 442 208 472 Divitia.

241 281 319 320 626
922 267 1191 310 EXPOSITIO
1222 266 1273 307 IN
1304 264 1687 307 ECCLESIASTEN
1695 296 1704 305 .

240 367 318 407 hoc
350 363 520 417 quidem
555 361 651 401 facit
685 371 758 413 per
789 358 997 411 triplicem
1024 357 1231 398 rationem
1257 369 1265 396 ε

241 437 376 489 primo
398 434 512 475 enim
536 430 715 473 ostendit
737 429 904 470 divitias
924 440 1010 468 non
1029 439 1119 467 esse
1141 438 1271 478 appe-

238 506 405 554 tendas,
437 503 536 556 quia
567 514 654 541 non
686 500 818 540 ditant
851 509 1110 551 possessores
1140 508 1267 546 suos,

238 577 336 629 quia
356 587 441 615 non
462 572 806 614 transmittuntur
830 569 1071 620 frequenter
1100 567 1151 607 ad
1172 578 1268 618 pos-

238 651 362 693 teros,
386 644 442 685 ibi
464 656 519 696 iv.
547 643 605 694 12)
632 655 641 682 :
670 642 745 682 Est
765 640 854 681 alia
881 638 1118 688 infirmitas
1137 637 1269 689 pessi-

237 729 333 761 ma:
354 716 476 756 tertio
492 746 504 765 ,
528 714 625 766 quia
651 713 892 763 frequenter
912 708 1198 749 devolvuntur
1219 707 1271 747 ad

237 791 482 835 extraneos,
508 785 565 825 ibi
585 785 595 805 ¹
620 798 628 823 z
660 784 735 824 Est
765 780 885 823 aliud
918 780 1090 821 malum.
1125 778 1271 819 Primo

238 859 372 909 igitur
407 856 630 897 avaritiam
671 854 926 900 detestatur,
974 850 1076 903 quia
1111 848 1271 889 divitiae

237 940 333 980 quae
353 929 633 980 appetuntur,
664 936 751 964 non
781 923 1002 974 adjuvant,
1031 932 1107 960 nec
1138 920 1273 959 ditant

237 1010 508 1051 possessores,
539 996 640 1049 quia
670 1007 757 1036 non
789 994 1027 1040 sufficiunt3
1060 989 1269 1039 secundo,

239 1071 340 1123 quia
375 1082 461 1110 non
492 1071 697 1122 prosunt3
738 1066 875 1113 tertio,
915 1063 1015 1116 quia
1055 1061 1269 1113 affligunt.

240 1140 497 1182 Detestandae
537 1143 633 1180 sunt
677 1149 782 1189 ergo
822 1135 980 1177 divitiae
1002 1166 1012 1183 ,
1050 1136 1090 1174 et
1128 1144 1273 1185 asper-

238 1211 404 1260 nandw,
428 1210 528 1263 quia
566 1220 694 1249 avaro
729 1219 816 1247 non
854 1204 1086 1252 sufficiunt,
1120 1206 1161 1243 et
1193 1202 1274 1242 1106

238 1295 395 1322 avarus
419 1281 596 1334 appetit,
620 1279 774 1320 scilicet
794 1276 1114 1324 sufficieiitian13
1144 1285 1271 1326 prop-

239 1357 351 1393 terea
366 1353 462 1393 dicit
481 1364 490 1391 :
508 1355 675 1393 Avarus
699 1361 784 1392 non
809 1349 1051 1401 implebitur
1070 1346 1269 1399 pecunia.

238 1429 252 1449 ‘-’
278 1440 297 1462 (ι
323 1422 577 1464 Insatiabilis
598 1422 745 1463 oculus
765 1420 920 1473 cupidi.
944 1433 962 1455 >³
988 1417 1105 1458 Unde
1120 1416 1274 1457 Hiero—

239 1507 423 1548 nymus:
465 1510 484 1532 ι(
511 1494 652 1535 Avaro
687 1493 825 1541 deest,
853 1494 942 1532 tam
980 1490 1093 1543 quod
1121 1488 1270 1538 habet,

239 1578 368 1618 quam
397 1565 510 1618 quod
535 1577 622 1605 non
651 1564 793 1604 habeti
825 1577 844 1600 ›)
879 1562 927 1603 Et
958 1561 1116 1602 Seneca
1141 1574 1149 1601 :
1191 1574 1210 1598 α
1232 1558 1276 1600 Si

241 1637 364 1676 visto
394 1636 569 1677 divitem
595 1636 754 1682 facere,
782 1645 868 1674 non
895 1631 1087 1685 pecuniae
1114 1633 1177 1671 est
1201 1629 1276 1671 ad-

242 1708 444 1757 dendum,
468 1707 539 1748 sed
560 1705 780 1758 cupiditati
803 1703 1156 1744 subtrahendum.
1180 1715 1199 1738 »

296 1778 348 1819 Et
364 1779 441 1830 qui
461 1781 576 1818 amat
595 1776 791 1825 (Ιῑυϊῑὶαε,
807 1777 885 1814 etc.
904 1773 979 1813 Hic
999 1771 1183 1812 secundo
1203 1770 1274 1811 de-

243 1850 436 1890 hortatur
447 1849 499 1889 ab
511 1860 655 1888 amore
670 1846 933 1893 divitiarum,
950 1838 1048 1896 quae
1069 1854 1156 1882 non
1177 1853 1274 1893 pro-

244 1923 362 1969 sunt,
388 1920 479 1960 ideo
499 1919 597 1959 dicit
620 1932 628 1958 :
653 1918 706 1958 Et
726 1917 801 1968 (μα’
821 1914 1148 1963 amatam-icius,
1164 1913 1280 1963 fruc-

245 1996 335 2033 tum
356 2000 440 2032 non
467 1990 604 2041 capiet
636 1998 689 2029 cz·
711 1988 800 2034 ez‘8;
826 1989 866 2026 et
895 1986 952 2025 ila
977 1996 1062 2024 non
1083 1985 1276 2036 prosunt.

246 2066 259 2086 ³
285 2078 303 2100 α
317 2062 429 2103 Nihil
444 2065 503 2101 est
516 2059 721 2112 iniquius,
737 2069 867 2110 quam
881 2067 1024 2096 amare
1034 2054 1276 2107 pecuniam.

246 2132 322 2172 Hic
342 2132 528 2172 animam
559 2143 679 2171 suam
713 2128 906 2169 venalem
940 2127 1081 2167 habet.
1104 2139 1122 2162 ))
1158 2127 1204 2164 Et
1222 2124 1281 2164 ita

246 2203 353 2243 nihil
380 2205 557 2256 prosunt
590 2213 719 2242 avaro
753 2200 936 2249 divitiae,
970 2199 1073 2250 quia
1093 2196 1281 2237 animam

247 2274 318 2314 dat
347 2286 423 2326 pro
458 2273 658 2325 pecunia3
694 2271 806 2311 unde
839 2269 975 2321 inquit
1012 2266 1215 2307 Dominus
1234 2264 1279 2303 ¹⁹:

251 2359 270 2382 α
295 2344 402 2393 Quid
425 2343 591 2395 prodest
612 2342 801 2391 homini,
833 2341 867 2379 si
888 2339 1136 2379 universum
1162 2347 1284 2375 mun—

251 2415 353 2456 dum
378 2414 591 2463 lucretur,
620 2412 774 2452 animae
796 2422 898 2451 vero
935 2420 1023 2449 suae
1053 2407 1281 2448 detrimen-

251 2489 343 2526 tum
378 2485 590 2538 patiatur?
614 2498 632 2521 ι)
672 2482 793 2536 quasi
821 2481 930 2521 dicat
963 2495 971 2519 ε
1007 2478 1141 2527 Ν11111;
1173 2479 1285 2517 etex

252 2556 331 2597 hoc
352 2557 476 2597 infert
494 2556 725 2596 vanitatem
745 2554 786 2593 in
808 2552 989 2593 amando
1003 2563 1085 2590 cas
1101 2549 1282 2590 Seneca:

260 2644 278 2667 α
300 2628 403 2678 Quae
436 2630 498 2669 est
528 2626 717 2667 maxima
745 2625 938 2677 egestas?
974 2622 1202 2663 avaritia.»
1237 2619 1289 2660 Et

255 2712 308 2741 ex
329 2699 518 2752 opposito
547 2698 746 2738 dicuntur
777 2695 978 2735 maximae
1011 2691 1172 2734 divitiae
1201 2702 1288 2731 non

255 2770 492 2811 desiderare
511 2768 693 2810 divitias.

311 2842 364 2883 Et
377 2841 450 2882 hoc
463 2850 556 2892 erqo
569 2840 756 2881 vanitas.
773 2838 786 2858 ⁵
809 2852 827 2874 «
839 2836 943 2877 Ecce
955 2835 1099 2885 homo,
1117 2834 1191 2886 qui
1203 2845 1290 2873 non

259 2911 399 2964 posuit
418 2911 552 2951 Deum
577 2909 815 2960 adjutorem
845 2918 993 2956 suum,
1016 2905 1088 2945 sed
1106 2903 1291 2957 speravit

259 2982 303 3021 in
331 2980 600 3021 multitudine
628 2979 871 3018 divitiarum
897 2989 1093 3026 suarum,
1121 2978 1161 3016 et
1185 2986 1291 3028 prae-

262 3052 448 3092 valuitin
465 3050 650 3091 vanitate
664 3061 754 3089 sua.
774 3062 793 3084 »
813 3047 986 3099 thuod
1007 3046 1114 3086 nillil
1128 3045 1292 3099 prosint

261 3123 421 3163 divitiae
441 3120 683 3174 possidenti,
707 3118 902 3167 ostendit,
922 3117 1022 3169 quia
1037 3127 1292 3156 consumun-

260 3197 344 3243 tur,
368 3196 407 3233 ct
427 3191 533 3232 nihil
554 3191 649 3243 plus
669 3189 797 3230 habet
816 3187 1033 3236 dominus,
1051 3198 1182 3238 quam
1200 3198 1289 3227 ser-

260 3276 361 3312 vus;
395 3262 486 3303 ideo
531 3261 629 3301 dicit
667 3263 723 3311 (v.
762 3260 824 3311 10)
856 3272 864 3298 :
910 3257 985 3299 Ubi
1016 3256 1160 3298 multoe
1192 3259 1292 3298 sunl

261 3344 369 3385 opes,
390 3333 516 3374 multi
544 3336 582 3374 et
605 3332 681 3384 qui
706 3329 927 3372 comedunt
951 3338 1044 3378 eas3
1071 3328 1130 3367 sic
1150 3327 1293 3367 omnia

304 3419 310 3434 ¹
334 3416 434 3454 lnsra,
459 3424 504 3456 vi,
530 3419 555 3446 1.
578 3432 616 3437 -
637 3415 649 3435 ²
673 3414 784 3445 Eccli„
809 3421 877 3451 xiv,
902 3414 932 3443 9.
951 3429 990 3435 —
1010 3413 1021 3429 ³
1040 3410 1157 3449 molet,
1184 3418 1218 3448 x,
1242 3411 1290 3441 10.

261 3480 299 3486 —
320 3463 334 3485 δ
353 3463 486 3501 Manli„
509 3470 579 3502 xvi,
600 3463 649 3493 26.
673 3478 712 3484 —
732 3462 742 3479 ⁵
758 3460 916 3500 Psal.1.1‚
936 3461 966 3491 9.
989 3476 1027 3482 —
1045 3461 1055 3477 ὓ
1070 3457 1144 3498 Job,
1170 3465 1289 3495 xxxix,

260 3511 316 3545 30⁴
333 3528 373 3533 —
392 3511 401 3528 ⁷
425 3512 531 3549 Prot„
550 3518 622 3548 xix,
646 3512 674 3539 (ι.
703 3526 740 3530 -
761 3507 774 3528 8
795 3506 913 3544 Eecli„
938 3515 985 3544 λι,
1012 3508 1057 3537 10.
1080 3523 1119 3528 -
1137 3505 1151 3527 ⁹
1171 3503 1290 3544 Eccli„

262 3564 364 3597 xxm,
385 3558 434 3587 24.
458 3574 493 3578 -
521 3557 544 3576 ¹⁰
571 3555 650 3594 Joh,
678 3562 733 3591 xv,
762 3556 812 3585 2¹.
834 3570 875 3576 --
902 3555 920 3571 ¹¹
951 3556 1078 3593 Supra,
1110 3560 1150 3592 11,
1173 3554 1225 3583 23.
1252 3570 1287 3575 —

1346 357 1672 396 consumuntur.
1713 352 1830 394 Unde
1868 351 2026 392 Seneca
2059 363 2069 390 ε
2113 364 2132 387 α
2170 348 2381 390 Cadavera

1345 425 1455 478 lupi,
1492 436 1650 465 muscae
1679 423 1785 472 mel,
1814 421 2003 474 praedam
2033 431 2122 460 non
2158 418 2380 460 hominem

1345 496 1536 548 sequitur
1556 495 1680 535 turba
1700 494 1791 534 ista.
1815 506 1834 530 ))
1855 492 1906 534 Et
1921 492 1934 514 ⁶
1960 505 1969 532 ι
1997 505 2016 530 <(
2038 489 2145 530 Pulli
2166 490 2260 541 ejus
2278 488 2380 529 lam-

1346 566 1454 606 bunt
1473 578 1545 605 san
1553 565 1752 616 guinem3
1775 567 1816 605 et
1833 563 1909 604 ubi
1929 562 2055 603 fuerit
2077 561 2270 610 cadaver,
2293 562 2377 600 sta-

1345 636 1421 676 tim
1438 636 1555 676 adest
1567 650 1576 685 ;
1594 650 1612 672 »
1639 635 1753 687 quia,
1775 633 2008 674 secundum
2026 632 2138 684 quod
2158 631 2310 671 dicitur
2328 630 2342 652 ⁷
2367 644 2377 670 t

1353 705 1508 746 «Multi
1530 705 1673 745 colunt
1702 715 1929 757 personam
1959 701 2162 755 potentis,
2185 704 2225 742 et
2254 700 2381 741 amici

1349 779 1449 817 sunt
1467 777 1577 816 dona
1592 775 1832 816 tribuentis.
1858 789 1878 813 »
1901 775 1956 817 Et
1975 773 2083 826 quid
2101 772 2274 825 prodest
2290 781 2384 825 pos-

1346 848 1517 895 sessori,
1538 848 1630 889 m'sz'
1643 847 1756 899 quod
1769 847 1905 889 cernit
1919 846 2106 888 divitias
2117 844 2249 887 oculis
2260 843 2382 885 suis?

1347 917 1468 969 quasi
1488 916 1597 956 dicat
1616 917 1725 957 nihil
1749 917 1844 970 plus
1864 916 1968 966 sibi,
1999 926 2129 968 quam
2148 913 2260 964 aliis,
2282 912 2384 966 quia

1348 990 1515 1028 tantum
1537 988 1716 1028 comedit
1749 987 1929 1040 quilibet
1947 985 2151 1035 aliorum,
2173 986 2383 1037 quantum

1348 1059 1436 1111 ipse
1470 1058 1612 1110 solus;
1647 1061 1687 1099 et
1725 1058 1782 1098 ita
1815 1069 1903 1098 non
1927 1057 2054 1097 habet
2080 1056 2266 1096 fructum
2294 1066 2384 1107 prae

1348 1129 1462 1180 aliis,
1493 1130 1580 1170 imo
1612 1129 1838 1180 damnum,
1867 1128 1968 1181 quia
2002 1129 2221 1180 peccatum
2257 1126 2386 1167 habet

1347 1200 1467 1253 plus;
1502 1200 1614 1241 unde
1645 1200 1658 1222 ⁸
1693 1215 1701 1241 z
1741 1215 1760 1239 ε(
1783 1199 1826 1241 Si
1852 1200 1970 1240 dives
1998 1198 2152 1248 fueris,
2184 1209 2273 1238 non
2303 1197 2386 1237 eris

1348 1271 1556 1311 immunis
1589 1284 1614 1311 a
1646 1271 1811 1311 dilecto.
1842 1270 1886 1310 Si
1919 1271 2086 1310 secutus
2113 1268 2268 1319 fueris,·
2297 1279 2385 1308 non

1349 1341 1637 1394 apprehendes
1659 1341 1732 1394 (a).
1752 1355 1771 1378 n

1404 1416 1469 1452 11.
1494 1412 1645 1454 Dulcis
1664 1416 1724 1454 est
1755 1421 1943 1454 somnus.
1964 1410 2042 1451 Hic
2064 1410 2188 1451 tertio
2207 1408 2388 1451 ostendit

1351 1482 1519 1523 divitias
1540 1482 1845 1535 aspernandas‚
1870 1481 1971 1534 quia
1990 1480 2205 1533 affligunt,
2239 1483 2280 1521 et
2309 1479 2386 1521 ho-

1351 1553 1511 1594 minem
1531 1553 1746 1606 quiescere
1767 1564 1854 1593 non
1874 1551 2127 1604 permittunt
2146 1566 2154 1592 :
2177 1550 2291 1592 unde
2313 1562 2388 1591 au·

1350 1625 1492 1664 ferunt
1514 1636 1715 1665 somnum
1734 1626 1775 1664 et
1786 1624 1993 1676 quietem3
2015 1624 2240 1675 propterea
2258 1621 2385 1662 dicit:

1352 1696 1502 1737 Dulcis
1541 1699 1600 1737 est
1636 1705 1808 1738 somnus
1842 1695 2059 1746 operanti,
2099 1694 2189 1734 sive
2214 1702 2385 1745 parum,

1352 1767 1442 1807 sive
1471 1766 1650 1808 multum
1680 1765 1887 1808 comedat.
1911 1764 1963 1805 Et
1990 1764 2050 1804 ita
2068 1774 2247 1816 operans
2266 1765 2307 1803 et
2326 1762 2387 1802 la-

1352 1837 1528 1888 borans,
1565 1837 1792 1889 aliquando
1820 1837 2000 1889 quiescit
2021 1839 2050 1876 ⁹.
2081 1834 2305 1875 «Somnus
2325 1845 2388 1874 sa-

1352 1908 1496 1947 nitatis
1536 1908 1581 1947 in
1620 1908 1795 1948 homine
1831 1919 1973 1960 parco.
2025 1905 2211 1946 Dormiet
2251 1916 2389 1958 usque

1355 1990 1495 2027 mane,
1517 1981 1558 2018 et
1575 1978 1718 2018 anima
1732 1978 1845 2018 illius
1859 1976 2136 2018 delectabitur
2149 1987 2247 2016 cum
2263 1974 2348 2015 illo.
2365 1987 2385 2012 n

1355 2048 1437 2089 Sed
1456 2061 1478 2089 e
1499 2052 1644 2089 contra
1663 2049 1780 2090 dives
1800 2061 1885 2090 non
1915 2048 2112 2102 quiescit3
2144 2047 2258 2088 unde
2289 2046 2389 2087 sub-

1355 2120 1415 2160 dit
1434 2135 1441 2159 :
1469 2120 1686 2162 Samritas
1707 2124 1851 2163 autem
1876 2118 2034 2162 divitis
2053 2129 2138 2161 ηοη
2169 2118 2282 2161 sinit
2298 2128 2392 2160 eum

1355 2190 1539 2233 dormire
1573 2202 1591 2235 .·,
1620 2191 1688 2231 vel
1727 2191 1827 2243 quia
1857 2190 2014 2231 multas
2049 2190 2176 2231 habet
2208 2189 2390 2240 divitias,

1357 2261 1514 2302 multas
1544 2274 1686 2312 curas,
1728 2274 1825 2313 quae
1861 2261 2062 2301 auferunt
2098 2271 2297 2301 somnum
2323 2259 2351 2284 ¹⁰
2379 2272 2388 2300 ε

1364 2348 1383 2370 (1
1405 2332 1578 2373 Sonitus
1597 2332 1772 2373 terroris
1792 2343 1958 2384 semper
1978 2331 2023 2371 in
2040 2330 2230 2381 auribus,
2241 2332 2281 2370 et
2293 2340 2393 2369 cum

1358 2416 1442 2456 pax
1462 2404 1533 2454 sit,
1562 2404 1652 2456 ipse
1671 2402 1844 2443 insidias
1864 2401 2103 2454 suspicatur
2116 2414 2126 2451 3
2149 2416 2168 2439 ›>
2193 2400 2307 2441 unde
2330 2400 2357 2422 ¹¹
2379 2413 2388 2440 z

1365 2489 1384 2512 «
1414 2473 1561 2515 Cuncti
1599 2473 1686 2514 dies
1724 2474 1816 2525 ejiis
1855 2472 2072 2513 laboribus
2111 2474 2152 2512 et
2189 2470 2394 2512 aerumnis

1359 2544 1472 2597 pleni
1494 2545 1614 2593 sunt,
1640 2556 1716 2584 nec
1746 2555 1820 2595 per
1838 2545 2007 2583 noctem
2034 2544 2176 2582 mente
2201 2540 2391 2594 requies-

1360 2617 1436 2667 cit3
1457 2631 1475 2654 ›)
1501 2615 1569 2656 vel
1590 2615 1718 2656 etiam
1738 2615 1839 2667 quia
1861 2613 2050 2654 multum
2071 2613 2252 2654 comedit
2274 2615 2315 2654 et
2335 2612 2394 2653 bi-

1361 2687 1436 2737 hit,
1458 2689 1499 2727 et
1518 2698 1606 2726 non
1625 2685 1809 2735 laborat;
1834 2685 1926 2725 ideo
1947 2696 2034 2725 non
2050 2682 2395 2736 quiescit¹²:«Vi-

1361 2758 1478 2810 gssia,
1500 2759 1541 2798 et
1560 2757 1742 2807 cholera,
1759 2759 1800 2797 et
1817 2758 1980 2796 tortura
1999 2755 2092 2796 viro
2109 2754 2314 2796 infrunito
2337 2767 2346 2795 ε
2368 2767 2388 2792 »

1362 2832 1403 2870 et
1421 2829 1480 2869 sic
1499 2840 1587 2882 prae
1609 2828 1796 2868 satietate
1812 2839 1896 2867 non
1917 2825 2108 2879 quiescit.

1416 2898 1496 2940 Sed
1517 2898 1727 2951 quaeritur
1747 2897 1798 2938 de
1818 2897 1912 2948 1106,
1937 2896 2053 2949 quod
2071 2895 2170 2937 dicit
2193 2909 2202 2936 :
2221 2895 2397 2938 Divitiae

1361 2980 1447 3012 non
1466 2972 1647 3022 prosunt
1677 2968 1928 3020 possessori.
1954 2965 2063 3007 Nam
2092 2966 2201 3007 infra
2219 2965 2318 3007 dicit
2338 2966 2394 3007 ¹³:

1370 3056 1388 3078 α
1407 3039 1556 3080 Utilior
1575 3041 1637 3080 est
1657 3037 1865 3091 sapientia
1885 3049 1983 3077 cum
2010 3036 2179 3088 divitiis,
2200 3038 2241 3077 et
2260 3036 2398 3088 magis

1363 3111 1532 3164 prodest
1564 3110 1805 3151 videntibus
1839 3108 1988 3149 solem.
2010 3122 2029 3147 1)
2057 3107 2162 3148 Item
2196 3107 2295 3148 alibi
2326 3107 2397 3147 in-

1364 3184 1456 3235 quit
1481 3182 1508 3203 ¹¹⁴
1541 3196 1549 3220 :
1578 3180 1864 3233 «Redemptio
1898 3179 2055 3220 animae
2094 3178 2197 3229 viri,
2236 3177 2396 3219 divitiae

1364 3255 1479 3305 ejus:
1502 3268 1521 3291 »
1539 3265 1642 3304 ergo
1664 3251 1806 3293 valent
1816 3250 1869 3291 ad
1881 3249 2172 3290 redimendam
2192 3248 2396 3289 animam.

1365 3323 1517 3364 Contra
1537 3335 1547 3363 :
1571 3322 1704 3364 Omne
1717 3321 1848 3373 illud,
1871 3321 1984 3374 quod
2014 3319 2165 3361 melius
2185 3322 2246 3360 est
2263 3317 2400 3359 dimit-

1367 3437 1390 3458 ¹²
1411 3436 1527 3476 Eccli„
1549 3443 1653 3475 xxm,
1673 3435 1724 3467 23.
1745 3451 1786 3458 —
1813 3433 1838 3455 ¹³
1865 3433 1974 3474 Infra,
1997 3440 2064 3472 vu,
2093 3432 2143 3463 12.
2169 3447 2209 3453 —
2237 3429 2264 3452 ¹⁴
2287 3430 2399 3473 Prov„

1365 3492 1443 3524 xm,
1465 3485 1494 3515 8.

1409 3552 1452 3591 (a)
1473 3551 1552 3583 Coet.
1573 3549 1652 3582 edit.
1674 3548 1922 3589 apprehendas.
