2633 3878
258 272 336 310 ⁶279.

258 367 403 396 renam
425 353 631 393 actionem
655 383 664 400 ‚
697 350 808 391 unde
836 351 916 390 hoc
937 352 944 372 ¹
973 365 980 389 :
1011 364 1029 387 α
1048 349 1256 390 Descende
1272 379 1283 398 ,

259 425 355 464 sede
375 424 419 463 in
439 423 628 476 pulvere,
643 422 772 473 virgo
791 421 880 462 filia
898 420 1085 473 Babylon
1105 420 1173 472 (a),
1190 419 1287 460 sede

259 496 300 533 in
321 498 445 533 terra.
464 507 482 528 n

312 568 350 604 4.
371 564 581 615 Quoniam
602 574 782 615 mag-mus
802 563 1022 611 Domz'nus,
1043 564 1080 602 ec
1097 560 1288 601 laudabi-

261 635 471 685 Ie'sm'mz's,
496 634 701 676 terribilis
723 638 782 675 esc
808 633 851 686 gb)
866 643 991 685 super
1009 642 1150 673 omnes
1172 631 1284 672 cleos.

262 704 337 745 Hic
356 704 623 744 commendat
657 704 868 743 Christum
889 716 913 742 a
933 702 1119 755 potentia
1135 733 1145 752 ,
1177 701 1289 741 unde

261 775 361 816 dicit
385 790 392 815 :
417 776 599 827 Maqnus
619 775 828 816 Dominus
845 788 854 823 3
877 786 902 813 a
921 773 1108 814 bonitate
1124 804 1135 823 ,
1155 784 1290 824 quan-

263 847 316 887 do
336 847 433 887 dicit
456 861 464 886 :
487 845 767 895 Lcmclczbz‘lz's;
790 846 842 886 ab
871 845 1148 886 admiratione
1163 876 1172 894 ,
1207 855 1286 883 un-

265 917 315 957 de
337 931 344 956 :
375 916 609 958 Terribilis.

319 990 356 1028 8.
395 988 571 1030 Introz'te
594 989 646 1039 ςῑη
675 988 790 1029 atria
821 986 925 1038 ejus.
955 987 1005 1026 Ιη
1037 985 1292 1038 quandoque

264 1062 381 1100 notat
415 1059 711 1108 intentionem,
749 1058 859 1098 unde
880 1058 958 1097 hoc.
977 1060 989 1080 ‘²
1012 1071 1021 1096 2
1050 1055 1292 1096 «Dominus

228 1133 246 1158 ῑ-
264 1130 441 1170 intendit
461 1130 589 1180 mihi,
612 1145 630 1167 »
657 1130 697 1169 id
717 1132 778 1169 est
794 1160 804 1179 ,
828 1128 947 1169 valde
966 1127 1144 1167 intendit
1161 1126 1288 1175 mihi3

188 1228 204 1244 n
221 1188 239 1243 s
266 1200 519 1252 quandoque
541 1200 853 1249 attractionem,
887 1198 999 1239 unde
1020 1198 1031 1219 ⁸
1063 1212 1071 1237 ε

1101 1212 1118 1235 «
1141 1197 1291 1238 Pecca-

268 1275 378 1311 tores
398 1271 669 1311 intenderunt
683 1282 852 1319 arcum,
871 1284 889 1306 »
912 1269 953 1309 id
969 1272 1051 1319 est,
1073 1268 1124 1308 ad
1145 1280 1188 1307 se
1207 1271 1295 1307 ten-

267 1341 417 1381 derunt
434 1340 692 1393 Scripturani
710 1353 719 1390 3
737 1340 992 1392 quandoque
1003 1339 1291 1390 negationem,

268 1411 380 1451 unde
405 1411 486 1450 hoc
518 1425 525 1450 z
550 1425 568 1448 «
594 1410 775 1462 Spiritus
807 1412 975 1449 sanctus
1004 1409 1248 1460 ingenitus,
1271 1423 1290 1445 n

268 1482 308 1521 id
329 1484 494 1522 estnon
523 1481 708 1532 genitus.
749 1480 1009 1533 Quandoque
1041 1483 1158 1521 notat
1182 1480 1297 1533 posi-

958 260 1229 302 EXPOSlTlO
1261 259 1311 300 ΙΝ
1344 259 1693 302 PSALTERIUM.

1364 349 1497 389 bonos
1530 350 1575 389 in
1596 349 1800 402 'praesenti
1830 350 1883 390 ad
1918 349 2239 403 exultationem,
2278 353 2390 393 unde

1364 418 1443 469 hoc
1463 420 1476 441 ⁶
1499 431 1509 459 ι
1537 436 1556 458 α
1578 420 1753 461 Salvum
1774 420 1836 460 fao
1856 420 2063 473 populum
2085 423 2230 472 tuum,
2250 422 2389 463 Domi·

1363 501 1440 539 ne,
1464 504 1483 527 1>
1508 493 1606 539 etc.‚
1636 493 1711 530 «et
1732 503 1836 542 rege
1856 502 1941 530 eos.
1961 504 1980 527 »
2017 489 2152 542 Reget
2181 491 2225 531 in
2249 492 2391 534 futuro

1363 559 1513 599 electos
1543 563 1753 612 quantum
1785 561 1834 600 ad
1865 560 2243 612 glorificationem,
2279 563 2392 602 unde

1364 632 1444 672 hoe
1460 637 1472 657 7
1498 647 1505 672 :
1535 648 1554 670 «
1571 632 1620 672 Et
1639 635 1758 683 reget
1777 644 1848 672 eos
1867 644 2004 685 usque
2028 632 2069 671 in
2089 633 2292 673 saeculum
2313 645 2391 674 sae·

1366 702 1464 742 culi.
1487 716 1506 738 n
1535 702 1584 742 Et
1604 703 1661 742 ita
1684 702 1874 742 Christus
1894 703 2047 743 dieitur
2073 715 2151 743 rex
2170 703 2362 744 omnium
2380 735 2391 753 ‚

1367 772 1475 811 sieut
1492 772 1646 812 dicitur
1666 772 1710 811 in
1733 772 1855 812 titulo
1875 772 2046 813 Psalmi.

1421 844 1458 881 3.
1482 842 1601 894 Iqm's
1633 846 1731 885 ante
1762 844 1903 895 ipsum
1929 843 2149 896 praecedet.
2184 844 2255 884 Est
2281 844 2394 896 ignis
2413 861 2552 896 1gnisdu.

1368 913 1620 965 corporalis3
1655 916 1717 954 est
1745 914 1860 966 ignis
1887 913 2132 966 spiritualis.
2161 914 2395 967 Corporalis
2413 903 2491 937 mex·

1370 984 1519 1037 triplex
1542 999 1550 1025 ε
1574 986 1910 1038 peremptorius,
1934 986 2233 1038 purgatorius,
2257 999 2395 1027 emen-

1367 1055 1581 1106 datorius3
1605 1056 1758 1097 seilicet
1782 1057 1854 1109 qui
1882 1057 2100 1097 comburet
2132 1059 2289 1097 terram
2305 1089 2318 1108 ,
2354 1060 2395 1098 et

1372 1127 1535 1166 tantum
1568 1127 1793 1175 ascendet,
1831 1129 2038 1179 quantum
2081 1139 2194 1180 aqua
2227 1127 2394 1169 diluvii.

1370 1194 1609 1248 Spiritnalis
1631 1197 1803 1249 duplex,
1820 1197 1927 1237 alius
1943 1197 2132 1248 invidiae,
2154 1198 2262 1238 alius
2277 1210 2394 1239 amo-

1371 1267 1442 1306 ris.
1463 1266 1520 1306 De
1539 1269 1719 1319 utroque
1735 1267 1804 1307 hic
1824 1267 2065 1320 exponitur.
2089 1267 2146 1308 De
2166 1267 2395 1308 secund08:

1379 1355 1396 1375 α
1426 1338 1575 1389 Ignem
1608 1338 1705 1378 vcni
1734 1337 1900 1377 mittere
1928 1337 1973 1377 in
1999 1340 2172 1378 terram.
2204 1353 2223 1376 ›)
2259 1338 2395 1380 Nota:

1373 1409 1551 1458 Quidam
1572 1409 1688 1460 ignis
1708 1408 1866 1448 cruciat
1884 1410 1925 1448 et
1942 1411 2113 1460 purgat,
2137 1412 2185 1449 ut
2210 1410 2397 1450 consola-

1373 1480 1505 1520 torius
1519 1512 1531 1530 ,
1554 1479 1708 1519 scilicet
1729 1478 1910 1531 Spiritus
1929 1482 2113 1520 sanctus.

270 1553 426 1592 tionem
441 1583 453 1602 ,
477 1554 525 1591 ut
544 1563 641 1591 cum
662 1550 813 1591 dieitur
836 1563 845 1590 ε
873 1566 891 1588 (ι
911 1549 1033 1590 Pater
1053 1553 1116 1590 est
1135 1551 1298 1602 ingeni-

271 1627 365 1671 tus,
402 1636 421 1659 ))
459 1622 711 1674 quandoque
746 1621 904 1674 aliquid
940 1621 1145 1672 interius,
1184 1622 1299 1662 unde

272 1692 352 1733 hoc
370 1692 382 1712 ³
405 1707 414 1732 ε
444 1707 462 1729 (ι
477 1692 850 1742 Cuminvocarem,
873 1692 1088 1733 exaudivit
1102 1703 1170 1732 me
1191 1692 1300 1733 Deus

270 1764 445 1816 justitiae
466 1775 587 1804 meae.
610 1778 629 1800 »

1427 1554 1465 1589 4.
1491 1550 1730 1591 Illuoeerwzt
1764 1549 1937 1601 fulgura
1969 1548 2075 1600 effus.
2099 1549 2299 1591 Miracula
2330 1550 2402 1591 Dei
2469 1568 2560 1595 Mira-

1375 1620 1573 1660 dicuntur
1612 1620 1805 1671 fulgura,
1848 1620 1948 1672 quia
1978 1620 2249 1671 illuminant,
2289 1621 2404 1662 unde
2423 1609 2560 1678 ἓῗὲζῃῗυῗ

1375 1691 1456 1730 hoc.
1475 1694 1488 1714 ¹³
1511 1705 1519 1730 ς
1550 1705 1568 1728 ‹.‹
1588 1689 1631 1731 Si
1653 1690 1758 1729 mihi
1779 1702 1866 1730 non
1886 1690 2016 1732 vultis
2038 1691 2233 1742 credere,
2263 1691 2402 1743 operi·
2423 1692 2550 1727 weura-

331 1839 394 1876 13.
430 1836 649 1877 „Iudicabit
680 1835 817 1877 orbem
851 1839 972 1877 terrae
1002 1836 1050 1876 in
1082 1836 1298 1887 (equitate.

278 1907 350 1947 Hic
379 1907 553 1952 dicitur,
590 1906 703 1958 quod
732 1906 865 1958 huJus
901 1906 1112 1956 nominis,
1143 1905 1300 1956 Adam,

275 1981 372 2018 sunt
391 1977 460 2017 hae
482 1980 666 2029 quatuor
684 1976 836 2016 litterae
864 1987 1041 2027 graecae,
1065 1975 1220 2015 scilicet
1251 1990 1274 2013 α
1291 2006 1300 2024 ,

276 2049 309 2096 Ξ,
335 2063 371 2098 2,
396 2062 445 2097 μς
468 2047 516 2088 Et
532 2047 591 2087 sic
610 2046 864 2098 intelligitur
883 2058 987 2086 crux
1009 2045 1175 2086 Christi.
1197 2045 1303 2086 Nam

277 2119 459 2171 primam
490 2118 673 2158 litteram
690 2117 818 2157 habet
843 2117 886 2156 in
906 2116 1112 2169 principio
1138 2117 1302 2167 oriens,

278 2190 322 2229 in
358 2201 499 2241 graeco
531 2188 687 2228 scilicet
714 2187 901 2236 ἀνατελὴ;
937 2187 1164 2228 secundam
1197 2187 1304 2227 occi-

278 2262 402 2312 dens,
433 2261 589 2301 scilicet
618 2261 735 2309 δύσις
769 2259 939 2300 tertiam
959 2259 1100 2311 aquilo
1116 2291 1126 2310 ,
1150 2258 1305 2298 scilicet

279 2332 431 2384 ἅρν.τες;
455 2334 650 2384 quartam
665 2330 862 2371 meridies
873 2361 885 2380 ,
905 2329 1058 2370 scilicet
1080 2330 1301 2381 μεσημὸρία.

282 2402 331 2442 Et
350 2406 449 2442 nota
464 2433 473 2450 ‚
499 2401 612 2454 quod
632 2413 718 2441 non
738 2401 781 2440 in
801 2400 940 2453 primo
963 2400 1079 2452 ponit
1102 2400 1306 2440 orientem

281 2476 373 2525 post
393 2473 632 2523 meridiem,
656 2472 727 2512 sed
746 2474 840 2524 post
859 2472 1140 2522 occidentem,
1163 2474 1210 2512 ut
1232 2483 1308 2523 po-

282 2543 420 2584 nendo
436 2543 642 2596 opposita,
657 2545 774 2582 notet
792 2553 977 2582 crucem.
995 2541 1046 2582 Et
1059 2544 1171 2592 nota,
1195 2543 1309 2594 quod

282 2614 363 2654 hoc
388 2613 542 2654 dicitm²
571 2625 582 2652 :
611 2612 724 2664 quod
758 2611 855 2658 δύσις
883 2612 1094 2664 significat
1124 2612 1311 2653 occiden-

283 2686 388 2735 tem,
411 2684 484 2724 sed
503 2683 605 2724 solet
630 2682 710 2723 dici
726 2713 738 2733 ,
768 2682 880 2735 quod
912 2683 1133 2735 paradisus
1160 2683 1312 2723 dieitur

285 2754 404 2806 quasi
419 2755 546 2806 juxta
577 2753 786 2794 orientem
809 2767 818 2792 z
842 2752 948 2792 forte
978 2753 1103 2804 juxta
1128 2751 1310 2803 gloriam

287 2824 358 2864 Dei
380 2824 532 2864 dicitur
554 2838 562 2863 :
587 2823 678 2870 δόξα
707 2823 821 2863 enim
851 2822 990 2874 gloria
1019 2822 1171 2863 dicitur
1194 2837 1201 2861 :
1226 2834 1312 2862 non

287 2907 392 2947 ergo
413 2907 437 2935 a
457 2895 555 2941 Ξύσις
573 2926 584 2945 ,
612 2895 683 2935 sed
704 2907 729 2935 a
750 2893 840 2941 δόξα
859 2894 1140 2946 componitur.

466 3052 731 3096 PSALMUS
764 3052 942 3097 DAVID
975 3052 1114 3097 XCVI
1121 3086 1129 3095 .

347 3182 393 3234 (c)
425 3186 462 3222 1.
497 3181 708 3223 Dominus
742 3180 974 3232 regnavit,
1001 3179 1160 3221 exultet
1189 3182 1313 3220 terra.

291 3252 401 3292 Deus
432 3252 544 3304 regit
577 3250 710 3291 malos
742 3250 793 3290 ad
828 3250 1167 3302 depressionem,
1205 3250 1317 3291 unde

290 3322 370 3363 hoc
389 3323 402 3345 ⁵
423 3338 432 3362 :
462 3338 481 3361 (t
503 3321 639 3373 Reges
673 3333 744 3362 eos
764 3321 808 3360 in
827 3320 955 3372 virga
976 3320 1125 3360 ferrea.
1147 3335 1165 3357 n
1193 3320 1318 3371 Regit

338 3454 343 3470 ¹
361 3454 440 3491 Isa„
459 3461 565 3493 van,
585 3456 615 3485 1.
632 3470 667 3475 —-
689 3454 702 3474 ²
717 3451 806 3484 Psal.
825 3458 942 3489 Lavi,
959 3452 989 3482 2.
1006 3467 1045 3473 —
1063 3449 1076 3470 ³
1091 3449 1180 3480 Psal.
1198 3457 1316 3488 xxxvi,

295 3501 342 3530 14.
364 3516 405 3522 -—
432 3501 446 3521 ⁸
469 3501 560 3531 Psal.
588 3508 635 3540 iv,
655 3502 686 3532 Ξ.
710 3517 746 3522 -
772 3501 784 3518 ⁶
804 3498 895 3530 Psal.
922 3505 968 3537 11,
993 3499 1024 3529 9.
1050 3514 1085 3520 -
1113 3497 1125 3515 ⁶
1145 3497 1239 3528 Cant.
1280 3496 1319 3527 Te

294 3546 411 3576 Deum.
437 3563 476 3570 —
502 3549 512 3565 '¹
540 3547 630 3578 Psal.
661 3555 775 3587 XLVII,
803 3548 854 3577 15.
887 3563 920 3568 —
949 3545 963 3566 ⁸
990 3545 1082 3583 Luc„
1109 3552 1178 3583 ΧΠ,
1205 3545 1254 3575 49.
1280 3560 1319 3567 —

1376 1762 1456 1801 bus
1481 1761 1660 1812 credite,
1683 1776 1702 1798 ))
1728 1773 1855 1814 opera
1883 1773 1977 1801 mea
2005 1773 2074 1801 me
2104 1761 2401 1811 nianifestant3

1377 1834 1418 1871 et
1437 1831 1537 1883 quia
1555 1834 1742 1882 terrent,
1763 1831 1876 1872 unde
1903 1830 2082 1883 apostoli
2102 1831 2146 1870 in
2166 1831 2232 1871 die
2255 1830 2407 1871 Pente-

1377 1905 1510 1942 costes
1530 1902 1663 1942 territi
1682 1902 1881 1942 dixerunt
1902 1902 1929 1925 ¹⁰
1952 1915 1960 1940 :
1982 1900 2120 1949 «Quid
2140 1900 2367 1941 faciemus?
2381 1913 2400 1938 »

1378 1971 1430 2012 Et
1453 1971 1600 2012 Petrus
1614 1973 1639 1994 ¹¹
1663 1986 1671 2010 z
1701 1986 1719 2009 «
1739 1971 2040 2024 Unusquisque
2063 1973 2250 2012 vestrum
2270 1969 2406 2022 bapti-

1379 2045 1516 2093 zetur3
1539 2058 1558 2080 n
1578 2046 1618 2083 et
1639 2044 1740 2096 quia
1760 2042 1940 2083 interius
1959 2045 2153 2091 movent,
2177 2042 2289 2082 unde
2307 2041 2406 2083 ,108-

1379 2114 1429 2153 lis
1450 2114 1477 2135 ¹²
1500 2127 1508 2154 :
1536 2129 1554 2152 α
1576 2113 1688 2154 Dabo
1709 2113 1905 2166 prodigia
1925 2113 1970 2152 in
2000 2112 2109 2159 coelo
2138 2124 2311 2153 sursum
2329 2144 2339 2163 ,
2367 2114 2408 2152 et

1380 2184 1505 2235 signa
1523 2183 1568 2223 in
1586 2187 1697 2224 terra
1716 2183 1928 2223 deorsum.
1948 2197 1967 2221 n

1436 2258 1474 2294 5.
1497 2255 1655 2297 Montes
1676 2255 1787 2296 sicut
1805 2264 1898 2296 cera
1917 2253 2142 2305 fluxerunt
2160 2263 2186 2294 a
2205 2253 2314 2304 facie
2328 2254 2410 2296 Do-

1381 2327 1507 2367 mini.
1538 2325 1615 2365 Hic
1643 2324 1824 2365 ostendit
1844 2324 2083 2377 superbiam
2101 2357 2110 2375 ,
2139 2324 2252 2365 unde
2274 2324 2373 2365 dicit
2397 2339 2406 2364 :

1381 2397 1562 2445 Monte8;
1593 2395 1931 2445 instabilitatem,
1969 2395 2080 2435 unde
2113 2409 2123 2444 ;
2159 2394 2278 2437 Sicut
2314 2405 2410 2436 cera

1382 2468 1622 2519 numerumn
1655 2466 1952 2517 fragilitatem,
1975 2465 2089 2506 unde
2111 2477 2121 2505 ε
2151 2467 2301 2515 Terra;
2324 2466 2408 2506 fra-

1385 2538 1562 2590 gilitatis
1582 2536 1924 2586 universitatem,
1943 2536 2054 2576 unde
2079 2549 2088 2576 z
2116 2536 2275 2578 Omnis.

1562 2696 1826 2740 PSALMUS
1859 2696 2038 2741 DAVID
2070 2695 2244 2740 XCVII.

1442 2826 1479 2861 1.
1497 2821 1670 2862 Cantate
1688 2821 1869 2862 Domino
1882 2820 2097 2861 canticum
2108 2828 2264 2861 novum
2284 2833 2292 2859 ε
2310 2820 2415 2872 quia

1390 2890 1611 2933 mirabilia
1639 2891 1751 2941 fecit.
1799 2889 1996 2932 Salvavit
2031 2889 2085 2943 (d)
2121 2889 2206 2932 sibi
2238 2889 2415 2933 dextera

1390 2962 1495 3014 ejus.
1511 2962 1691 3003 Dextera
1709 2973 1786 3001 nos
1804 2960 2008 3013 protegit,
2023 2960 2224 3011 defendit,
2240 2962 2281 3001 et
2300 2961 2412 3012 facit,
2434 2981 2573 3009 Dextera,

1391 3033 1431 3074 id
1443 3035 1517 3084 est,
1532 3034 1745 3085 operatur.
1763 3031 1814 3072 Et
1826 3031 1905 3070 hac
1917 3030 2193 3071 similitudine
2205 3030 2338 3072 Filius
2350 3031 2415 3072 di-

1391 3104 1498 3144 citur
1511 3103 1682 3144 dextera
1697 3117 1705 3142 z
1720 3113 1822 3142 nam
1833 3112 1910 3142 nos
1921 3101 2127 3154 protegit,
2143 3101 2255 3142 unde
2269 3101 2389 3142 hoc¹³
2403 3115 2413 3142 ε

1398 3194 1416 3216 «
1433 3178 1484 3219 Et
1503 3177 1676 3218 dextera
1701 3178 1775 3217 tua
1795 3187 1872 3215 nos
1891 3175 2077 3227 protegit
2097 3175 2162 3228 (e).
2185 3189 2203 3212 »
2227 3174 2415 3215 Defendit

1393 3251 1435 3290 in
1458 3247 1745 3302 expugnando
1764 3247 1947 3296 hostem,
1969 3246 2083 3286 unde
2102 3246 2184 3286 hoc
2199 3245 2226 3267 ¹⁶
2248 3259 2258 3284 ε
2277 3259 2296 3283 «
2312 3244 2416 3285 Dex-

1392 3358 1403 3375 s
1423 3358 1530 3394 Joan„
1555 3362 1590 3393 x,
1617 3355 1667 3385 38.
1696 3370 1731 3375 —
1767 3352 1793 3373 ¹⁰
1816 3353 1903 3390 Act„
1931 3359 1974 3391 11,
2001 3352 2050 3382 37.
2071 3368 2112 3373 -
2140 3351 2158 3371 ¹¹
2182 3349 2280 3389 lbid.,
2306 3352 2358 3382 38.
2377 3367 2418 3374 —

1395 3403 1536 3441 12ΙΙ)1(1.,
1556 3403 1607 3433 19.
1629 3417 1665 3423 —
1687 3400 1712 3421 ¹³
1735 3398 1824 3431 Psal.
1851 3406 1945 3437 an,
1965 3400 1995 3429 9.
2016 3414 2057 3420 -—
2077 3397 2100 3418 ¹¹·
2128 3396 2218 3428 Psal.
2243 3398 2416 3437 cxv11,16.

1395 3467 1435 3472 —-
1448 3449 1491 3490 (α)
1509 3448 1565 3481 Αἰ.
1587 3447 1653 3478 filia
1670 3446 1752 3479 Sion
1768 3444 1963 3485 Babylonis.
1978 3459 2019 3467 --
2038 3442 2084 3484 (b)
2101 3443 2152 3475 Al.
2169 3452 2259 3474 eS.--
2275 3443 2314 3485 (c)
2334 3445 2415 3476 caet.

1396 3496 1476 3527 edit.
1501 3495 1590 3526 hane
1609 3493 1756 3535 glossam
1774 3492 1925 3523 referunt
1938 3490 1980 3522 ad
1993 3490 2076 3532 psal.
2098 3497 2192 3522 Lv.-
2212 3490 2257 3531 (d)
2277 3491 2326 3523 Al.
2345 3490 2420 3523 Sal-

1396 3542 1498 3573 valuit.
1519 3559 1558 3565 —
1581 3541 1620 3580 (e)
1636 3539 1732 3581 Vulq.
1753 3548 1807 3570 me
1827 3537 1986 3578 suscepit.
