2633 3878
333 335 476 370 initium.
498 335 597 375 Quod
613 335 690 368 duae
706 335 785 367 sunt
803 332 928 366 scholae
942 331 1003 374 (a),
1023 334 1057 365 et
1077 333 1145 366 duo
1164 342 1221 376 ge-

332 393 415 416 nera
436 384 639 416 discentium
660 382 718 423 (b).

291 432 341 463 De
360 431 610 464 ambulantibus
628 431 665 462 in
682 430 769 471 lege.
783 429 866 460 Tres
881 426 959 467 viee,
978 427 1050 468 Dei,
1073 427 1222 460 hominis

333 482 366 511 et
385 479 521 511 diaboli.
545 479 656 517 Quare
674 477 729 509 lex
750 475 880 507 dicatur
892 475 1025 507 umbra.
1046 475 1221 516 Praecepta

333 526 394 558 Dei
417 526 566 567 quinque
585 524 782 557 nominibus
803 522 1039 563 designantur.
1058 540 1100 546 —
1120 523 1218 556 Beth.

332 574 561 605 Correctionis
580 574 687 615 signa.
713 570 849 612 Triplici
865 570 968 602 modo
989 569 1130 611 quisque
1155 580 1219 612 po-

332 622 398 652 test
415 621 533 662 repelli
551 630 571 652 a
590 622 673 652 Deo.

290 669 339 700 De
355 668 450 709 nido,
468 678 536 700 ovo
555 670 589 700 et
612 667 716 708 pullo.
738 668 812 699 Duo
839 667 919 697 sunt
937 673 1014 706 quae
1032 664 1223 706 impediunt

332 715 420 747 labia
438 715 544 757 loqui.
563 733 605 740 —
620 714 740 747 Gimel.
759 715 812 745 An
824 714 916 744 Deus
929 721 1082 753 unquam
1100 713 1221 745 reddat

331 763 460 794 malum
484 773 547 804 pro
578 763 682 795 malo.
711 761 910 794 Cavendum
939 769 959 791 a
989 762 1134 801 quatuor
1167 760 1219 802 (c).

333 810 429 842 Oculi
449 810 654 850 exteriores,
681 812 714 841 et
739 808 931 840 interiores
958 808 1006 838 De
1036 807 1144 848 gratia
1172 808 1219 849 (rt)

331 857 556 897 praecedente,
579 857 763 889 eomitante
783 858 816 887 et
835 854 1075 895 subsequente.

291 905 327 936 ln
352 903 515 946 martyrio
532 906 573 945 (e)
590 904 665 935 tria.
685 904 860 942 Praecepta
878 901 942 932 Dei
969 903 1045 933 octo
1072 900 1220 933 nomini-

331 951 396 982 hus
415 951 694 993 designantur.——
707 949 839 981 Daleth.
853 949 920 980 Cor
936 950 1106 987 nostrum,
1121 949 1218 989 pavi-

296 1008 300 1010 *
331 1001 498 1030 mentum.
523 999 619 1030 Beati
636 997 761 1030 Nicasii
778 996 896 1028 ultima
919 996 1025 1027 verba
1046 995 1100 1036 (6).
1122 996 1222 1034 Quod

332 1045 434 1078 Filius
451 1046 514 1078 Dei
532 1047 685 1079 Verbum
705 1045 820 1077 multis
839 1044 952 1076 modis
972 1043 1105 1076 dicitur.
1127 1044 1218 1077 Ordo

333 1094 521 1126 servandus
548 1094 584 1125 in
611 1093 804 1125 dilectione.
825 1110 866 1116 —
895 1093 957 1123 He.
987 1091 1063 1123 Tria
1086 1091 1123 1123 in
1149 1091 1221 1134 lege

333 1142 496 1174 notanda.

291 1189 380 1228 Quid
403 1190 444 1221 sit
464 1189 593 1221 habere
622 1189 733 1230 legem
750 1188 783 1220 in
805 1187 923 1228 corde,
952 1190 985 1219 et
1004 1187 1114 1220 corin
1132 1187 1220 1229 lege.

333 1238 382 1268 De
406 1236 535 1268 viribus
557 1236 679 1269 animae
703 1236 739 1268 in
764 1236 882 1268 ordine
906 1235 947 1267 ad
978 1236 1099 1268 Deum.
1122 1235 1221 1267 Aliud

334 1286 384 1317 est
402 1284 525 1316 deduci
542 1284 577 1315 in
591 1284 762 1325 semitam,
781 1283 870 1315 aliud
889 1282 925 1314 in
943 1283 1076 1315 semita.
1097 1284 1146 1315 De
1165 1283 1224 1315 tri-

331 1331 413 1372 plici
430 1331 591 1363 vanitate.
614 1331 712 1369 Quod
734 1331 894 1362 mandata
909 1330 969 1361 Dei
991 1332 1069 1362 sunt
1088 1330 1222 1362 dilectio

332 1378 395 1411 Dei
414 1381 447 1410 et
471 1378 767 1420 proximi.-Vau.
784 1380 832 1411 De
845 1377 1058 1420 quadruplici
1074 1378 1124 1419 (f)
1141 1378 1224 1419 peti-

331 1426 465 1459 tionum
485 1435 622 1468 genere.

291 1476 339 1507 De
365 1475 522 1507 versione
551 1475 773 1516 Septuaginta
801 1474 852 1515 (c).
877 1475 926 1506 De
955 1474 1092 1506 diverso
1118 1474 1222 1507 modo

332 1522 491 1554 cantandi
503 1522 680 1554 Lectiones
695 1525 728 1554 et
743 1521 978 1563 Evangelium.
992 1522 1091 1560 Quod
1101 1521 1137 1553 in
1151 1521 1224 1562 ius-

332 1570 514 1602 tificatione
529 1571 647 1601 nostra
660 1572 806 1611 quatuor
819 1569 1052 1611 requiruntur.
1069 1587 1111 1592 —
1127 1570 1220 1602 Zain.

332 1619 381 1649 De
396 1617 591 1658 quietudine
604 1620 637 1649 et
648 1616 894 1658 inquietudine.
907 1617 1005 1654 Quod
1017 1617 1123 1649 homo
1137 1618 1224 1649 mul-

331 1665 492 1706 tipliciter
514 1665 647 1697 dicitur.
678 1666 789 1703 Quam
818 1665 925 1697 multa
951 1665 1169 1697 inveniantur
1189 1666 1224 1698 in

332 1712 466 1745 Christo
497 1712 553 1754 (6).
586 1713 636 1744 De
658 1712 821 1753 petitione
847 1712 945 1753 panis
976 1712 1161 1744 materialis
1192 1716 1226 1746 et

332 1760 526 1801 spiritualis.
554 1760 642 1798 Quid
674 1760 710 1792 in
734 1762 956 1801 peccatorum
983 1761 1224 1794 recordatione

331 1809 509 1849 miserum,
529 1809 698 1850 miserius,
721 1809 950 1841 miserrimum
976 1809 1029 1850 (6).

291 1857 392 1889 Heth.
412 1857 507 1894 Quod
530 1856 683 1888 Christus
705 1856 908 1888 clericorum
922 1856 1034 1896 1101110
1052 1858 1114 1888 651.
1139 1858 1226 1889 Cor-

332 1913 396 1945 pus
409 1913 486 1935 cum
508 1904 615 1944 capite
632 1903 764 1935 Christo
780 1903 951 1944 particeps
964 1902 1000 1934 in
1014 1903 1160 1936 duobus.
1175 1905 1224 1936 De

330 1951 443 1983 littera
462 1951 653 1992 occidente,
669 1953 702 1982 et
719 1950 838 1991 spiritu
853 1950 1048 1982 vivificante
1070 1952 1122 1992 (6).
1139 1952 1225 1989 Quid

331 1999 518 2030 debeamus
537 1999 624 2037 Deo,
645 1998 727 2039 quid
750 1998 873 2030 debeat
896 1999 987 2029 Deus
1003 1998 1118 2030 nobis.
1141 1999 1223 2031 Fide

332 2045 503 2077 credimus
522 2047 645 2086 Deum,
667 2046 737 2078 Deo
762 2045 848 2077 etin
870 2047 990 2077 Deum.
1012 2047 1060 2077 De
1080 2049 1225 2087 quatuor

332 2092 554 2125 debitoribus.
579 2094 678 2132 Quod
708 2102 778 2125 nox
802 2092 924 2125 dicitur
949 2093 1017 2125 1106
1047 2094 1224 2126 saeculum.

333 2141 382 2172 De
412 2140 556 2172 diversis
576 2140 712 2182 judiciis
734 2140 807 2173 Dei.

291 2188 386 2221 Teth.
408 2189 490 2220 Tres
507 2191 583 2220 sunt
600 2189 675 2228 viae,
694 2197 770 2229 quae
791 2188 918 2220 ducunt
937 2188 980 2223 ad
999 2188 1156 2228 patriam.
1173 2190 1223 2222 De

332 2235 521 2268 differentia
542 2236 704 2276 scientiae,
724 2238 757 2267 et
776 2236 976 2276 disciplinae.
999 2236 1098 2274 Quod
1117 2236 1222 2269 homo

331 2284 465 2315 debitor
483 2287 534 2316 est
552 2285 634 2323 Deo,
658 2283 723 2315 sibi
740 2285 774 2315 61
788 2283 961 2324 proximo.
979 2283 1066 2321 Quid
1082 2285 1116 2315 et
1138 2294 1223 2325 quo-

331 2331 436 2363 modo
449 2331 582 2363 solvere
597 2331 731 2363 debeat.
745 2331 909 2363 Praelatus
926 2330 1098 2371 quomodo
1114 2331 1223 2363 Chris-

331 2380 402 2411 tum
410 2379 495 2410 lacte
503 2381 673 2419 pascat.-
686 2379 757 2410 Iod.
768 2379 817 2410 De
825 2377 948 2418 triplici
956 2377 1222 2411 immortalitate.

334 2426 423 2464 Quid
443 2426 484 2457 sit
503 2425 636 2467 imago,
661 2428 696 2458 et
715 2425 798 2467 quid
815 2425 857 2457 ad
876 2425 1062 2465 imaginem
1075 2426 1148 2458 Dei.
1174 2428 1223 2459 De

331 2472 494 2514 dignitate
514 2472 677 2511 hominis,
699 2475 732 2505 et
751 2472 793 2504 ad
813 2472 895 2513 quid
913 2472 1018 2503 homo
1037 2472 1146 2504 faetus
1167 2473 1220 2506 sit.

289 2521 338 2553 De
357 2520 488 2552 ratione
511 2520 731 2552 articulorum
748 2519 840 2551 fidei.
865 2520 915 2551 De
939 2519 1073 2551 duobus
1092 2521 1224 2561 generi-

1276 241 1448 287 INDEX.

1265 383 1325 415 298

1265 619 1325 651 299

1264 856 1324 888 300

1267 1141 1324 1174 301

1267 1813 1327 1845 303

1269 2144 1328 2176 304

1267 2476 1326 2508 305

330 2568 394 2599 11115
407 2567 730 2608 proverbiorum.—
742 2566 847 2607 Caph.
862 2567 912 2598 De
926 2565 1101 2607 multiplici
1111 2567 1223 2599 incur·
1258 2582 1261 2586 r

330 2616 479 2648 vatione.
508 2616 586 2648 Vita
611 2616 730 2648 nostra
753 2616 898 2656 quatuor
930 2614 971 2645 de
1001 2615 1108 2646 causis
1134 2615 1222 2647 mili-

329 2662 384 2694 tiae
405 2662 449 2703 (9)
474 2665 704 2703 comparatur.
724 2662 823 2700 Quod
843 2661 995 2694 Deficere
1015 2662 1130 2694 multis
1149 2672 1222 2695 mo-

328 2709 379 2741 dis
402 2710 535 2742 dicitur.
557 2710 644 2742 Vitae
664 2709 782 2741 activae
802 2711 835 2741 et
861 2710 1134 2750 contemplativae
1154 2711 1221 2743 col-

327 2757 407 2789 latio
424 2758 475 2799 (6).
488 2757 624 2789 Fabulae
644 2757 739 2789 vocis
756 2757 957 2798 significatio
976 2757 1155 2799 multiplex
1170 2759 1219 2799 (6).

287 2805 338 2837 De
359 2804 468 2836 tribus
490 2804 674 2846 generibus
689 2803 856 2846 martyrii.
872 2822 914 2828 —
931 2805 1070 2838 Lamed.
1084 2806 1221 2847 Triplici

329 2853 369 2885 de
380 2861 481 2884 causa
493 2855 606 2893 potest
619 2851 738 2893 aliquis
747 2861 906 2884 recusare
918 2853 1084 2885 laborem.
1099 2855 1222 2895 Super-

327 2909 453 2932 norum
471 2899 636 2940 perfectio
664 2898 802 2940 triplex.
830 2901 879 2932 De
904 2900 1054 2942 quinque
1077 2901 1220 2934 diversis

324 2947 423 2979 locis.
445 2947 597 2984 Quatuor
612 2946 722 2978 modis
749 2947 955 2978 meditamur
975 2948 1120 2988 agenda.
1146 2949 1218 2980 Tri-

326 2994 407 3035 plex
420 2993 612 3026 officiorum
627 3003 736 3035 genus
751 2993 848 3034 (c).—-
861 2996 964 3026 Mem.
981 2995 1154 3027 Meditatio
1170 2996 1218 3028 le-

327 3041 377 3083 gis
393 3041 483 3073 valet
496 3042 538 3073 ad
550 3041 625 3074 tria.
639 3042 720 3079 Quis
733 3051 834 3082 unus,
849 3042 949 3083 quive
968 3043 1047 3083 duo,
1069 3043 1103 3074 in
1117 3053 1218 3076 carne

326 3099 394 3121 una
412 3089 466 3121 vel
485 3089 635 3130 gemina.
658 3090 757 3127 Quod
782 3089 912 3130 justitIa
936 3090 1042 3122 lorica
1060 3092 1121 3122 est.
1143 3092 1218 3123 Jus-

326 3135 407 3168 titiae
435 3136 613 3177 proprium
634 3139 685 3168 est
709 3136 852 3168 reddere
879 3137 999 3178 cuique
1029 3147 1128 3169 suum
1161 3139 1218 3180 (6).

327 3183 400 3215 Cibi
427 3183 608 3224 spiritualis
633 3183 871 3224 proprietates.
893 3184 1034 3225 Eloquia
1054 3186 1115 3217 Dei
1136 3195 1218 3227 quo-

325 3230 430 3262 modo
450 3230 572 3262 dulcia.
585 3248 627 3254 -
643 3233 732 3263 Nun.
755 3232 910 3263 Lucerna
930 3232 993 3264 tria
1014 3233 1107 3272 facit,
1128 3236 1162 3265 et
1178 3234 1219 3265 si-

326 3277 452 3309 militer
468 3277 613 3309 verbum
634 3278 707 3310 Dei.
724 3279 772 3310 De
786 3278 980 3320 juramento
999 3280 1102 3321 licito,
1124 3282 1157 3313 et
1176 3281 1217 3314 de

276 3343 283 3347 -
326 3325 454 3357 illicito.
475 3326 525 3356 De
548 3325 764 3358 confessione
783 3326 919 3365 triplici.
940 3328 976 3359 ln
997 3328 1093 3369 cujus
1114 3337 1218 3361 manu

326 3373 370 3404 sit
387 3372 501 3404 anima
519 3372 693 3415 cujusque.
716 3372 852 3416 T1iplici
871 3375 993 3408 morbo
1013 3375 1147 3409 laborat
1161 3386 1218 3420 ge-

325 3431 391 3453 nus
409 3421 608 3454 humanum.

285 3469 336 3501 Ad
354 3469 429 3502 haec
451 3468 575 3511 triplex
591 3468 783 3503 antidotum
808 3471 968 3513 apposuit
987 3471 1143 3506 Christus
1161 3472 1215 3515 (6).

1265 2761 1324 2792 306

1260 3427 1319 3460 308

322 3558 361 3593 (α)
378 3558 452 3586 Caet.
466 3559 536 3587 edit.
559 3560 654 3588 scalae.
669 3575 704 3581 —
734 3560 768 3595 ,bj
789 3561 863 3589 Item
883 3561 1134 3592 descendentium.
1150 3578 1183 3586 --
1197 3564 1232 3600 (c)
1259 3566 1321 3594 Hoc

1443 351 1484 360 —
1499 336 1656 368 samech.
1676 338 1758 370 Tres
1773 339 1853 371 sunt
1869 339 2000 380 species
2014 338 2216 374 dilectionis.
2234 342 2333 381 Quod

1442 385 1534 416 Deus
1547 383 1684 425 adjuvat
1702 385 1874 427 cadentes,
1888 385 2042 419 infirmos
2058 389 2092 419 et
2102 387 2266 429 jacentes.
2282 391 2332 423 De

1443 431 1566 472 triplici
1583 430 1698 472 judice
1724 433 1765 473 (6)
1786 435 1819 464 61
1842 433 1963 474 triplici
1979 433 2119 474 judicio,
2141 436 2232 468 Deus
2257 438 2332 470 uhi·

1443 487 1509 520 que
1524 479 1711 511 advocatus
1729 480 1780 519 (6).
1796 481 1960 513 Peccator
1977 482 2053 514 coeli
2072 482 2148 523 quis
2164 483 2215 524 (c).
2232 485 2330 522 Quod

1442 527 1506 558 tria
1525 527 1626 558 nobis
1651 527 1741 559 dedit
1763 529 1864 560 Deus.
1891 529 1995 561 Casus
2020 530 2169 562 hominis
2195 531 2329 575 triplex,

1443 576 1476 606 et
1493 574 1618 615 triplex
1640 575 1853 616 recuperatio
1881 576 1933 616 (6).

1401 620 1476 653 Α111.
1498 622 1546 652 De
1567 621 1779 663 quadruplici
1798 622 1947 654 adventu
1967 623 2100 656 Christi.
2120 625 2196 657 Tria
2216 635 2332 659 servo-

1442 677 1518 699 rum
1538 677 1677 709 genera.
1697 671 1725 701 A
1743 669 1851 701 tribus
1865 669 1990 711 aliquid
2003 671 2168 704 sustinere
2183 674 2258 714 quis
2272 683 2331 715 po-

1442 717 1519 747 test.
1542 717 1608 748 Sex
1631 716 1789 757 leguntur
1808 720 2027 758 tempora.—
2049 719 2131 752 Phe.
2151 721 2234 752 Duae
2254 723 2332 754 sunt

1441 762 1518 794 viae.
1540 764 1650 804 Opera
1673 764 1734 795 Dei
1751 764 1919 796 mirabilia
1938 765 2087 806 quinque
2105 766 2146 798 de
2166 768 2286 801 causis.

1401 810 1506 843 Vetus
1525 811 1779 843 Testamentum
1800 811 1991 844 declaratur
2004 822 2065 853 per
2084 822 2215 846 novum
2227 824 2331 856 prop-

1441 860 1493 889 ter
1519 857 1595 888 tria.
1618 857 1848 890 lrradiationis
1868 861 1902 891 et
1928 859 2186 893 illuminationis
2211 862 2331 894 discri-

1441 912 1533 937 men.
1554 905 1636 936 Tres
1649 904 1878 946 lacrymarum
1889 907 2031 948 species.
2044 924 2085 932 -—
2099 908 2199 940 Sade.
2212 910 2261 943 De
2276 909 2329 941 in-

1442 952 1592 991 tellectu,
1611 952 1785 984 voluntate
1806 956 1839 985 et
1863 954 2042 986 memoria.
2068 956 2203 997 Triplex
2223 957 2333 989 occul-

1440 1002 1554 1031 torum
1572 1001 1791 1040 peccatorum
1815 1009 1934 1041 genus.

1401 1049 1492 1080 Deus
1511 1046 1631 1079 dicitur
1650 1047 1799 1079 districte
1819 1057 1922 1089 agere
1942 1050 2083 1090 propter
2102 1049 2179 1082 tria.
2198 1051 2333 1092 Triplici

1443 1097 1485 1128 de
1505 1105 1607 1127 causa
1634 1095 1776 1137 quisque
1801 1096 1978 1128 tabescere
2003 1098 2127 1137 potest.
2157 1099 2271 1130 Oratio
2298 1101 2334 1131 ut

1442 1143 1603 1175 ascendat
1616 1143 1658 1174 ad
1672 1143 1810 1183 coelum,
1826 1143 1933 1185 ignIta
1949 1153 2023 1176 esse
2040 1144 2143 1176 debet
2159 1145 2211 1186 (c).
2231 1145 2334 1183 Quin-

1441 1191 1558 1232 tuplex
1579 1190 1703 1223 Christi
1727 1191 1992 1223 commendatio.
2015 1192 2203 1224 Pendentia
2221 1193 2333 1226 mitrae

1443 1238 1525 1280 quid
1534 1238 1781 1280 significent.—-
1792 1238 1902 1280 Coph.
1916 1240 1964 1271 De
1975 1239 2153 1280 multiplici
2163 1240 2330 1281 angustia.

1443 1289 1491 1319 De
1519 1286 1726 1319 conscientia
1754 1286 1958 1328 tranquilla,
1977 1287 2033 1319 vel
2060 1297 2150 1329 non,
2169 1288 2259 1320 bene
2279 1290 2334 1321 vel

1443 1334 1531 1366 male
1555 1334 1615 1375 (α).
1630 1334 1752 1366 Anima
1765 1334 1885 1366 civitas
1899 1337 1948 1367 est
1963 1335 2088 1367 summi
2103 1336 2218 1377 Regis.
2235 1337 2334 1374 Quod

1443 1383 1582 1415 virtutes
1601 1382 1744 1423 singulae
1772 1385 1930 1415 mutuum
1950 1384 2082 1415 caeteris
2101 1384 2255 1425 praebent
2273 1393 2333 1418 au-

1443 1430 1561 1462 xilium
1584 1430 1643 1470 (a).
1661 1430 1784 1462 Medici
1801 1429 1877 1462 falsi
1895 1431 1959 1462 tria
1977 1431 2068 1464 vitia.

1402 1477 1618 1512 OEconomiffl
1637 1477 1770 1518 species
1786 1477 1875 1510 duae.
1898 1479 1935 1510 ln
1947 1480 2037 1510 terra
2052 1478 2097 1520 (h)
2115 1479 2237 1512 mentis
2252 1488 2333 1512 nos-

1443 1528 1504 1557 trae
1527 1527 1605 1557 octo
1631 1524 1789 1566 agricolae
1815 1526 2081 1558 seminaverunt.
2103 1527 2195 1559 Deus
2214 1527 2335 1559 dicitur

1443 1582 1551 1614 prope
1576 1572 1684 1604 tribus
1705 1572 1746 1604 de
1771 1573 1934 1605 causis.-
1955 1574 2076 1606 Resch.
2096 1576 2148 1606 An
2163 1574 2335 1606 humilitas

1445 1622 1647 1652 caeterarum
1666 1620 1832 1652 virtutum
1850 1620 1895 1652 sit
1914 1623 2015 1662 caput
2037 1621 2091 1662 (6).
2105 1621 2228 1654 Videre
2244 1623 2336 1654 Deus

1443 1668 1675 1709 multipliciter
1694 1668 1828 1701 dicitur.
1849 1670 1899 1701 De
1930 1669 2109 1711 multiplici
2125 1670 2335 1712 [litigantium

1445 1725 1582 1758 genere.

1404 1766 1455 1796 An
1488 1766 1522 1796 et
1548 1772 1616 1804 quo
1639 1763 1732 1795 exitu
1761 1763 1846 1795 boni
1881 1765 1915 1795 et
1943 1763 2024 1796 mali
2053 1764 2178 1806 quique
2207 1766 2336 1798 exami-

1445 1811 1550 1842 nandi
1568 1811 1622 1851 (6).
1644 1811 1693 1842 1)6
1713 1810 1839 1842 virtute
1864 1811 2035 1851 passionis
2057 1812 2181 1845 Christi
2203 1813 2258 1854 (c).
2275 1814 2337 1846 Co-

1446 1857 1630 1900 gitationis,
1650 1857 1883 1889 meditationis
1901 1860 1935 1890 et,
1958 1859 2258 1900 contemplationis
2273 1860 2338 1892 dis-

1445 1905 1585 1937 crimen.
1608 1904 1760 1937 Christus
1772 1904 1874 1945 alpha
1885 1907 1919 1937 et
1932 1915 2067 1947 omega.
2084 1908 2133 1939 De
2147 1907 2338 1948 Epiphania

1447 1954 1480 1984 et
1505 1952 1613 1984 tribus
1634 1951 1757 1983 Christi
1777 1951 2058 1993 apparitionibus-

1404 2002 1453 2033 De
1462 1999 1584 2040 triplici
1595 2001 1785 2040 martyrum
1794 2008 1976 2040 genere.—-
1985 1999 2058 2033 Sin.
2072 2001 2121 2032 De
2132 2000 2255 2042 triplici
2271 2011 2339 2034 em-

1446 2047 1652 2089 plastrorum
1672 2046 1808 2087 effectu,
1832 2047 1866 2078 et
1883 2047 1925 2079 de
1947 2047 2081 2080 medico
2102 2048 2248 2081 Christo.
2271 2050 2338 2081 Ad-

1445 2096 1569 2126 ventus
1583 2093 1705 2126 Christi
1719 2094 1847 2136 fulguri
1868 2096 2085 2135 comparatur
2104 2098 2245 2137 propter
2261 2096 2336 2130 tria.

1446 2143 1597 2175 Charitas
1626 2142 1759 2184 integra
1777 2144 1918 2184 propter
1937 2142 2013 2175 tria.
2036 2143 2121 2175 Laus
2149 2144 2212 2176 Dei
2237 2145 2339 2177 debet

1446 2200 1520 2223 esse
1542 2192 1708 2232 perpetua
1728 2191 1780 2231 (c).
1802 2189 1924 2223 Omnia
1948 2190 2051 2222 nobis
2071 2200 2091 2222 a
2118 2192 2191 2224 Deo
2212 2201 2334 2232 prove-

1445 2238 1606 2270 niunt.—
1626 2238 1707 2269 Tau.
1730 2238 1780 2269 De
1801 2237 2100 2269 consummatione
2114 2238 2305 2280 multiplici.

1404 2285 1597 2326 Quotuplici
1626 2285 1730 2316 modo
1759 2285 1802 2316 ad
1822 2285 1933 2316 Deum
1958 2285 2234 2327 appropinquare
2261 2286 2336 2327 quis

1444 2333 1562 2376 possit.
1586 2333 1708 2365 Utrum
1733 2332 1844 2374 majus
1866 2332 1910 2364 sit
1934 2342 1954 2364 a
1971 2331 2061 2364 vitiis
2083 2342 2120 2365 se
2145 2342 2335 2374 revocasse,

1445 2391 1489 2414 an
1505 2381 1587 2412 vitia
1599 2380 1761 2412 nesciisse
1779 2380 1832 2422 (6).
1849 2380 1948 2418 Quod
1965 2380 2169 2421 praedicator
2194 2381 2262 2414 duo
2280 2381 2338 2414 ha-

1443 2430 1525 2461 bere
1546 2428 1657 2460 debet.
1683 2429 1733 2459 De
1760 2427 1885 2468 triplici
1908 2427 2116 2468 judiciorum
2143 2429 2338 2461 divinorum

1443 2484 1569 2518 genere
1590 2475 1642 2515 (6).
1664 2476 1713 2506 De
1736 2483 1821 2506 vero
1847 2474 1902 2506 vel
1930 2474 2015 2507 falso
2036 2478 2186 2516 pastore.
2207 2477 2257 2508 De
2276 2477 2338 2510 ho·

1443 2524 1534 2555 mine
1555 2522 1747 2556 vulnerato,
1767 2524 1801 2554 et
1823 2522 1864 2554 de
1885 2522 2114 2556 Samaritano.

1402 2572 1544 2603 ALTERA
1565 2576 1752 2602 EXPOSITIO
1775 2576 1933 2601 EJUSDEM
1958 2577 2089 2602 PSALMI
2122 2571 2194 2602 118.
2228 2570 2336 2612 Argu-

1442 2620 1595 2650 mentum
1615 2625 1655 2648 ex
1678 2615 1825 2648 editione
1845 2616 2022 2650 Vaticana.
2043 2617 2222 2660 Prologus.

1401 2667 1509 2707 Caput
1528 2664 1690 2706 primum.
1708 2664 1804 2695 Beati
1824 2664 2043 2698 immaculati.

1401 2715 1509 2754 Caput
1531 2711 1733 2744 secundum.
1752 2710 1907 2743 Retribue
1925 2722 2018 2744 ser-vo
2038 2713 2104 2745 tuo.

1401 2763 1511 2803 Caput
1534 2760 1685 2792 tertium.
1703 2759 1821 2801 Leqem
1837 2769 1920 2800 pone
1938 2760 2039 2800 mihi,
2058 2760 2209 2793 Domine.

1401 2811 1508 2851 Caput
1532 2809 1703 2850 quartum.
1728 2807 1856 2839 Memor
1875 2809 1943 2839 esto
1962 2807 2055 2839 verbi
2070 2807 2133 2841 tui.

1400 2858 1509 2898 Caput
1533 2856 1701 2898 quintum.
1722 2854 1911 2887 Bonitatem
1939 2855 2063 2896 fecisti.

1400 2906 1509 2946 Caput
1534 2905 1681 2935 sextum.
1701 2903 1832 2943 Defecit
1851 2903 1885 2934 in
1904 2902 2054 2935 salutare
2074 2904 2182 2935 tuum.

1400 2953 1508 2994 Caput
1530 2951 1726 2992 septimum.
1749 2950 1913 2990 Quomodo
1933 2950 2043 2982 dilexi
2063 2950 2166 2991 leyem
2186 2951 2290 2984 tuam.

1399 3001 1507 3041 Caput
1528 3001 1699 3031 octavum.
1723 2998 1858 3039 Inz'quos·
1876 2998 1951 3030 odio
1971 2997 2087 3031 habui.

1399 3048 1507 3089 Caput
1528 3055 1672 3078 nonum.
1691 3044 1870 3078 Mirabz'lia
1887 3046 2076 3077 testimonia
2097 3047 2166 3076 tua.

1399 3096 1507 3136 Caput
1530 3093 1714 3134 decimum,
1736 3091 1890 3124 Clamavi
1912 3093 1947 3124 in
1968 3094 2034 3123 toto
2053 3091 2161 3123 corde.

1399 3144 1505 3183 Caput
1527 3141 1758 3173 undecimum.
1780 3140 1953 3180 Principes
1973 3139 2136 3180 persecuti
2155 3138 2230 3169 sunt
2251 3147 2312 3169 me.

1397 3190 1452 3224 Ad
1472 3189 1651 3222 Dominum
1672 3197 1744 3219 cum
1766 3186 1962 3226 tribularer,
1973 3186 2060 3218 Psal.
2079 3188 2150 3219 119.
2170 3187 2220 3217 De
2240 3184 2333 3226 quin-

1439 3237 1550 3270 decim
1578 3235 1750 3277 gradibus.
1776 3234 1887 3272 Quare
1917 3234 2072 3266 dicantur
2093 3232 2223 3265 cantica
2253 3241 2336 3274 gra-

1439 3286 1543 3318 duum
1563 3284 1615 3324 (c).
1637 3283 1686 3314 De
1709 3281 1836 3313 unione
1852 3281 1888 3313 in
1905 3289 2026 3322 unum,
2047 3282 2080 3313 et
2095 3289 2158 3321 per
2172 3289 2282 3312 unum
2298 3281 2332 3312 et

1438 3333 1479 3364 ad
1501 3339 1619 3363 unum.
1639 3330 1688 3362 De
1708 3329 1848 3361 octavis.
1871 3331 1920 3362 De
1942 3338 2021 3361 casu
2041 3327 2229 3368 multiplici.

1397 3382 1446 3414 De
1466 3378 1626 3421 gradihus
1654 3376 1856 3418 officiorum,
1878 3376 2082 3418 dignitatum
2102 3377 2136 3407 et
2153 3374 2334 3407 beatitudi-

1438 3437 1520 3461 num
1543 3426 1595 3469 (c).
1616 3427 1665 3459 De
1693 3428 1833 3459 tonsura
1852 3423 2068 3466 clericorum,
2089 3424 2122 3456 et
2148 3421 2333 3456 monacho-

2357 259 2435 299 693

2373 582 2432 614 309

2375 770 2434 802 310

2374 1006 2432 1038 311

2376 1434 2437 1465 312

2378 1720 2437 1752 313

2379 1955 2440 1988 314

2380 2240 2439 2271 315

2380 2526 2440 2557 316

2379 2620 2440 2651 317

2380 2667 2440 2698 318

2381 2714 2440 2745 340

2379 2762 2440 2793 362

2377 2809 2438 2841 383

2378 2857 2438 2888 402

2378 2904 2435 2935 421

2377 2951 2434 2982 441

2376 2998 2436 3028 462

2377 3044 2434 3076 483

2376 3093 2436 3122 503

2375 3139 2434 3170 525

2375 3327 2434 3360 545

1397 3532 1455 3552 non
1472 3523 1582 3551 habent
1595 3525 1658 3550 coet.
1673 3521 1782 3550 edit.—
1795 3521 1843 3557 (d)
1859 3520 1910 3548 Ae.
1925 3528 2062 3549 sensu.—
2077 3519 2112 3555 (6)
2127 3519 2178 3547 Al.
2191 3519 2274 3548 atrio.
2285 3531 2320 3541 —-
2334 3518 2371 3554 (s)
2384 3517 2435 3546 Al.

1395 3565 1562 3602 multiplici.
1579 3580 1612 3587 —
1627 3564 1666 3600 (υ)
1682 3562 1734 3593 Al.
1748 3563 1878 3593 malitiae.
1891 3578 1926 3585 -
1939 3562 1981 3598 (h)
1996 3561 2048 3591 Al.
2062 3563 2154 3592 intra.
