2633 3878
188 2522 297 2548 Oratio-

159 2564 204 2590 nis
230 2571 296 2598 par-

159 2607 200 2631 tes
207 2623 213 2631 .

167 3243 263 3270 verbu
279 3254 295 3270 vi

162 3284 228 3311 Dei.

324 274 402 311 524

322 357 374 394 ad
392 357 514 404 ipsius
526 357 695 405 proximi
704 357 1034 404 justificationem,
1051 358 1122 394 ubi
1143 358 1225 394 vita
1243 357 1352 406 spiri-

328 417 454 454 tualis.

682 506 903 534 VERSICULUS
923 507 998 533 XVI.

370 604 448 639 ¹60.
462 603 687 648 Principium
701 603 882 637 verboru-m
899 604 1052 646 tuomm,
1068 603 1140 638 etc.
1151 602 1268 638 Orato
1281 612 1353 649 per

319 674 476 700 versum
511 662 701 709 praevium
742 672 814 709 pro
852 662 1041 708 spirituali
1085 662 1350 700 vivificatione

318 723 658 772 persequentium,
691 725 889 769 postremo
917 733 987 769 per
1022 733 1184 759 versum
1219 727 1352 760 oratur

319 786 563 834 propositum
577 795 649 832 pro
667 785 839 831 generali
855 785 1137 823 salvificatione
1154 786 1348 822 omnium.

322 849 441 884 Porro
460 857 628 894 praesens
642 846 766 883 oratio
786 846 888 882 bene
908 846 1064 883 videtur
1083 847 1161 883 oris
1180 847 1294 891 ratio,
1315 848 1352 884 et

321 919 495 955 congrua
524 907 694 955 partium
715 907 911 944 ordinatio
928 936 938 952 ‚
973 907 1066 955 quia
1095 908 1193 944 nihil
1224 908 1351 954 magis

322 969 501 1016 congruit
526 969 705 1016 personis
730 968 1038 1016 perfectissimis,
1061 979 1182 1015 quam
1212 979 1350 1005 conso—

321 1031 454 1067 nantia
481 1029 521 1066 in
550 1029 663 1066 dictis
693 1032 730 1065 et
760 1029 890 1073 factis,
912 1031 1106 1076 quatenus
1137 1033 1352 1067 consonent

323 1091 425 1127 dicta
451 1090 581 1135 dictiS,
611 1093 649 1126 et
673 1090 774 1126 iacta
802 1090 911 1126 factis
926 1103 936 1136 ;
959 1091 1087 1137 prima
1113 1091 1350 1138 novissimis,

322 1155 359 1188 et
377 1152 591 1188 novissima
608 1151 756 1198 primis.
781 1151 959 1197 Legimus
976 1155 1107 1188 autem
1125 1153 1228 1189 circa
1247 1153 1350 1191 dicta

322 1217 357 1249 et
393 1213 492 1249 facta
522 1212 733 1256 dominica,
766 1213 947 1259 quaedam
982 1214 1133 1260 prima,
1167 1215 1350 1261 quaedam

321 1273 547 1310 novissima.
571 1273 698 1309 Prima
727 1277 834 1317 sunt,
856 1284 942 1320 quae
968 1273 1066 1310 dixit
1086 1277 1122 1311 et
1139 1274 1230 1311 fecit
1248 1276 1351 1312 circa

320 1335 522 1372 hominem
535 1362 546 1379 ‚
567 1334 701 1371 dicens
721 1337 757 1371 et
781 1334 926 1371 faciens
946 1339 1119 1372 nostram
1139 1336 1346 1383 originem,

319 1408 409 1434 cum
441 1397 493 1433 ait
520 1399 531 1420 ¹
567 1409 577 1431 ε
604 1410 621 1430 «
647 1397 849 1434 Faciamus
880 1396 1097 1441 hominem,
1116 1410 1135 1431 n
1170 1400 1242 1435 etc.
1274 1401 1348 1435 No-

317 1459 475 1495 vissima
502 1461 610 1505 sunt,
645 1455 734 1506 q'uae
770 1458 870 1494 dicet
898 1460 935 1494 et
965 1458 1078 1495 faciet
1114 1459 1219 1496 circa
1239 1470 1348 1498 eum-

318 1521 432 1566 dem,
462 1520 598 1556 dicens
625 1523 661 1556 et
694 1520 839 1556 iaciens
870 1522 1048 1556 nostrum
1079 1520 1223 1565 finem,
1259 1532 1348 1557 cum

318 1581 419 1619 dicet
439 1581 504 1627 iis,
531 1581 599 1629 qui
627 1592 650 1617 a
674 1581 819 1617 dextris
845 1581 929 1626 ejus
951 1584 1064 1618 erunt
1081 1582 1095 1603 ²
1120 1594 1128 1618 :
1157 1594 1174 1616 «
1202 1583 1348 1628 Venite,

316 1643 525 1688 benedicti,
537 1656 554 1677 »
574 1645 644 1679 etc.
661 1645 754 1679 Ecce
768 1643 935 1679 verbum
948 1643 1108 1689 initiale,
1125 1646 1162 1680 et
1179 1645 1348 1681 verbum

313 1703 512 1749 judiciale.
553 1706 621 1740 Per
654 1704 821 1741 verbum
856 1704 1003 1741 initiale
1041 1705 1348 1742 communicavit

317 1767 429 1810 DeuS,
459 1764 603 1812 quibus
628 1765 766 1809 voluit,
799 1765 1020 1811 entitatem,
1050 1769 1086 1802 et
1109 1776 1181 1813 per
1211 1776 1346 1803 conse-

317 1836 441 1873 quens
478 1826 699 1871 veritatem3
736 1826 925 1873 quoniam
961 1827 1100 1863 entitas
1130 1831 1167 1864 et
1205 1828 1347 1864 veritas

311 1887 538 1933 ,iudicantur
556 1887 607 1924 ad
627 1887 751 1934 paria,
773 1891 964 1935 quantum
985 1888 1036 1924 ad
1056 1889 1344 1937 participantia.

315 1949 386 1984 Per
421 1948 588 1984 verbum
619 1949 805 1994 judiciale
843 1950 1166 1996 communicabit,
1201 1951 1345 1998 quihus

315 2010 504 2055 voluerit,
524 2010 791 2047 aeternitatem.
817 2011 907 2047 Orat
927 2021 1020 2058 ergo
1043 2013 1235 2059 Propheta
1254 2023 1345 2049 ora-

315 2071 420 2108 tione
440 2081 636 2119 congrua,
658 2075 693 2108 et
723 2072 874 2109 ratione
902 2083 1099 2118 consona,
1121 2076 1163 2110 ut
1187 2074 1256 2121 qui
1275 2085 1346 2122 per

317 2133 482 2170 verbum
512 2133 658 2170 initiale
684 2134 991 2171 communicavit
1024 2135 1243 2181 entitatem,
1274 2147 1346 2184 per

314 2194 482 2230 verbum
521 2194 706 2240 judiciale
747 2195 1011 2232 communicet
1062 2196 1313 2233 aeternitatem
1332 2225 1344 2242 ,

316 2255 524 2302 psallendo
555 2267 563 2291 :
599 2258 842 2302 Principium,
878 2259 972 2301 etc.,
1004 2257 1116 2304 quasi
1142 2258 1345 2295 manifeste

319 2316 488 2353 dicendo
511 2329 520 2352 :
550 2317 721 2353 Verbum
744 2317 891 2354 initiale
922 2318 992 2354 fuit
1010 2318 1126 2354 nobis
1151 2329 1270 2356 causa
1288 2319 1346 2355 in-

316 2378 559 2414 troductoria
579 2378 618 2413 in
637 2379 842 2415 veritatem
854 2392 864 2425 3
886 2379 1055 2416 verbum
1071 2379 1259 2426 jttdiciale
1278 2380 1346 2417 fiat

317 2449 433 2475 causa
459 2439 743 2477 introductoria
770 2441 808 2476 in
838 2442 1102 2478 aeternitatem.
1135 2442 1172 2479 Si
1204 2443 1346 2489 quaeris

316 2503 444 2547 partes
459 2501 646 2537 orationis
661 2505 757 2548 quot
771 2505 874 2547 sunt,
894 2502 1011 2549 plane
1026 2506 1195 2550 quatuor
1212 2504 1346 2550 colligi

316 2564 508 2608 possunt;
546 2562 692 2599 scilicet
737 2564 910 2610 primum
957 2564 1104 2600 dictum
1120 2591 1132 2609 ,
1171 2565 1345 2612 primurn

317 2622 483 2668 factum,
506 2624 763 2660 novissimum
791 2625 959 2671 dictum,
981 2625 1241 2662 novissimum
1265 2627 1345 2663 fac-

320 2687 415 2720 tum.
448 2686 509 2720 Est
540 2688 670 2721 autem
694 2685 868 2732 primum
897 2686 1045 2722 dictum
1084 2687 1230 2724 initiale
1259 2698 1345 2724 ver-

320 2745 441 2789 bum;
474 2746 647 2792 primum
673 2746 839 2793 factum,
878 2748 1044 2784 entitatis
1070 2748 1342 2796 participium3

318 2806 576 2843 novissimum
596 2807 755 2853 dictum,
767 2809 955 2854 judiciale
975 2810 1163 2856 verbum;
1183 2811 1346 2848 novissi-

319 2875 429 2902 mum
446 2866 607 2914 factum,
628 2869 848 2905 aeternitatis
865 2870 1116 2917 principium.

650 2972 838 3008 Articulus
861 2975 1014 3018 primus.

367 3050 540 3087 Primum
553 3050 701 3088 dictum
720 3054 884 3100 aperuit,
905 3065 994 3091 cum
1015 3057 1067 3093 ait
1089 3069 1097 3092 :
1122 3059 1347 3105 Principium

319 3112 502 3148 verborum
538 3116 695 3157 tuorum
733 3115 971 3162 principium
997 3118 1144 3166 quippe
1176 3120 1252 3156 tale
1291 3122 1348 3157 est

320 3174 487 3210 verbum
516 3174 675 3212 initiale.
712 3177 819 3213 Unde
853 3178 1086 3225 notandum,
1113 3180 1223 3226 quod
1257 3191 1347 3228 pos-

320 3245 454 3272 sumus
476 3236 712 3285 distinguere
733 3239 798 3275 Dei
825 3239 992 3276 verbum
1024 3240 1066 3276 in
1092 3241 1286 3288 primum,
1305 3242 1345 3279 in

319 3297 510 3344 medium,
549 3301 586 3335 et
617 3299 657 3334 in
687 3299 888 3347 ultimum3
923 3301 1067 3338 scilicet
1101 3302 1141 3338 in
1178 3304 1344 3340 verbum

323 3359 619 3405 originationis‚
641 3360 899 3398 ordinationis
928 3366 965 3399 et
996 3363 1341 3401 determinationis.

364 3441 373 3460 ¹
392 3441 485 3481 Gen„
513 3450 543 3482 1,
570 3445 621 3474 26.
641 3460 680 3466 —
708 3444 720 3464 ²
740 3444 872 3484 Manli„
895 3452 976 3485 xxv,
997 3445 1046 3476 34.
1068 3463 1103 3469 -
1127 3445 1140 3466 ³
1161 3444 1270 3485 llebr.,
1297 3455 1344 3486 xi,

320 3487 351 3519 3.
370 3503 411 3510 —-
434 3488 447 3509 ⁸
466 3488 544 3527 Isa.‚
569 3497 607 3530 11,
627 3491 659 3521 3.
679 3506 714 3514 -
738 3491 752 3514 ⁸
771 3490 888 3531 Eccli„
912 3498 1020 3531 xLuI,
1042 3494 1091 3524 Η.
1108 3507 1149 3516 -—
1171 3493 1183 3511 ⁶
1207 3493 1345 3533 ilvam,

1016 269 1289 311 EXPOSITIO
1321 270 1373 311 1N
1405 270 1755 312 PSALTERIUM.

1426 361 1477 396 De
1495 359 1625 406 primo
1649 360 1664 383 ³
1686 372 1694 396 :
1718 372 1737 394 «
1769 359 1860 396 Fide
1886 360 2140 406 intelligimus
2164 364 2294 408 aptata
2312 363 2453 400 saecula

1425 420 1548 457 verbo
1581 421 1645 457 Dei
1680 433 1688 456 ε
1721 434 1740 455 »
1767 431 1856 457 ecce
1881 421 2048 458 verbum
2079 422 2360 468 originationis.
2401 425 2452 459 De

1426 482 1599 517 secundo
1619 482 1661 518 ⁵:
1703 494 1720 515 ((
1754 483 1805 517 De
1833 482 1924 518 Sion
1955 482 2076 518 exibit
2108 482 2186 528 lex,
2220 485 2257 519 et
2285 483 2451 520 verbum

1425 542 1579 578 Domini
1598 542 1646 578 de
1673 542 1886 578 Jerusalem
1913 554 1922 578 ε
1945 556 1963 576 n
1988 553 2076 579 ecce
2102 543 2271 579 verbum
2297 543 2452 580 ordina-

1425 602 1554 638 tionis,
1588 605 1638 639 Dc
1672 603 1783 638 tertio
1808 604 1821 624 ὅ
1851 614 1859 638 :
1893 615 1910 636 «
1939 603 2128 640 Mundum
2158 603 2383 640 illuminans
2411 604 2452 640 in

1427 664 1588 699 excelsis
1617 664 1819 710 DominuS‚
1848 664 1888 700 in
1913 665 2044 701 verbis
2063 665 2184 701 sancti
2216 665 2374 701 stabunt
2400 664 2452 701 ad

1421 725 1633 770 judicium:
1653 738 1671 759 »
1695 735 1783 761 ecce
1803 726 1970 761 verbum
1990 725 2337 762 determinationis.

1738 829 1825 864 Artz'
1828 831 1925 865 culus
1952 829 2139 865 secundus.

1473 910 1644 947 Primum
1679 910 1824 947 factum
1862 911 2092 958 adaperuit,
2130 921 2219 947 cum
2263 910 2404 956 adjecit
2439 925 2448 948 :

1430 973 1584 1007 Veritas.
1617 972 1730 1015 Quod
1767 974 1898 1008 autem
1929 972 2094 1008 verbum
2128 971 2275 1008 initiale
2310 972 2451 1009 veritas

1425 1032 1586 1077 dicitur,
1606 1033 1810 1070 causaliter
1829 1033 1905 1070 dici
1920 1033 2174 1079 dignoscitur,
2193 1033 2235 1070 id
2250 1035 2319 1079 est,
2335 1043 2452 1070 causa

1424 1094 1609 1132 veritatis,
1644 1097 1705 1131 Est
1732 1095 1837 1131 enim
1865 1095 2091 1142 praedicatio
2129 1095 2296 1132 causalis
2322 1106 2331 1131 :
2353 1105 2452 1142 quo-

1425 1156 1526 1191 circa
1543 1154 1614 1191 fuit
1633 1166 1750 1192 causa
1768 1156 1957 1202 veritatiS,
1980 1156 2074 1203 quia
2092 1166 2209 1193 causa
2228 1155 2299 1192 fuit
2319 1155 2451 1192 entita-

1423 1216 1494 1261 tis3
1529 1227 1663 1253 creans
1688 1217 1905 1263 entitatem,
1936 1217 2080 1254 creavit
2107 1217 2324 1254 veritatem.
2353 1219 2450 1254 Nam

1425 1277 1522 1325 quid
1549 1280 1605 1314 est
1627 1278 1789 1322 veritas,
1810 1279 1884 1314 nisi
1908 1279 2028 1315 menti
2055 1278 2266 1316 conformis
2285 1278 2449 1315 entitas?

1423 1339 1499 1376 Sed
1517 1342 1631 1385 nota,
1652 1340 1762 1387 quod
1787 1340 1927 1386 legitur
1953 1341 1993 1376 in
2013 1341 2209 1388 Scriptura
2227 1340 2369 1377 veritas
2388 1339 2450 1376 tri-

1424 1465 1553 1498 creata
1570 1474 1578 1498 :
1602 1473 1770 1509 quarum
1791 1462 1919 1508 prima
1935 1460 2255 1509 supernaturalis,
2278 1461 2451 1499 secunda

1421 1523 1630 1568 naturalis,
1653 1523 1723 1559 sed
1747 1523 1859 1560 tertia
1889 1523 2062 1560 moralis.
2091 1525 2141 1560 De
2166 1523 2294 1570 prima
2313 1524 2450 1560 scribi-

1421 1584 1484 1620 tur
1503 1585 1517 1606 ⁶
1538 1595 1547 1619 ε
1581 1596 1599 1618 ((
1623 1584 1792 1621 Christus
1819 1587 1874 1621 est
1894 1585 2037 1621 veritas
2059 1596 2066 1620 :
2095 1597 2113 1618 »
2135 1584 2216 1621 haec
2235 1586 2292 1621 est
2308 1585 2449 1622 veritas

1421 1647 1606 1683 increata.
1629 1649 1680 1683 De
1699 1647 1871 1683 secunda
1887 1647 2038 1683 canitur
2055 1645 2068 1667 ⁷
2091 1658 2100 1683 ε
2126 1647 2306 1684 «Veritas
2322 1649 2390 1684 tua
2407 1647 2448 1683 in

1422 1709 1583 1745 circuitu
1601 1711 1666 1745 tuo
1690 1720 1699 1745 :
1721 1721 1738 1742 >³
1757 1709 1838 1745 haec
1855 1710 1910 1744 est
1928 1708 2070 1745 veritas
2090 1711 2288 1754 creaturae,
2305 1708 2450 1745 scilicet

1422 1767 1605 1813 angelicae.
1634 1771 1795 1803 naturae.
1830 1769 1880 1803 De
1917 1766 2027 1803 tertia
2062 1767 2204 1813 legitur
2233 1766 2282 1803 de
2318 1766 2447 1813 primo

1421 1827 1562 1874 angelo
1584 1829 1597 1850 ⁸
1621 1840 1629 1864 :
1656 1841 1674 1862 (ι
1697 1831 1737 1866 In
1761 1828 1921 1864 veritate
1941 1838 2022 1863 non
2041 1827 2165 1873 stetit,
2186 1827 2279 1874 quia
2306 1827 2448 1864 veritas

1420 1897 1502 1924 non
1540 1888 1597 1923 est
1629 1887 1669 1923 in
1705 1897 1752 1923 eo
1776 1899 1785 1922 ε
1807 1899 1825 1920 »
1860 1886 1941 1922 haec
1968 1889 2024 1922 est
2057 1884 2196 1921 veritas
2228 1887 2447 1931 concreata,

1420 1948 1516 1996 quia
1551 1947 1751 1985 veritatem
1784 1947 2005 1984 naturalem
2043 1956 2124 1983 non
2157 1945 2342 1993 perdidit,
2379 1945 2448 1982 sed

1419 2009 1633 2055 moralem,
1665 2019 1757 2045 cum
1776 2019 1800 2045 a
1824 2008 1985 2045 veritate
2009 2007 2098 2044 vitae
2123 2006 2264 2044 cecidit
2281 2007 2323 2044 in
2340 2006 2448 2044 vani-

1419 2072 1552 2108 tatem.

1756 2118 1942 2153 Articulus
1967 2118 2109 2153 tertius.

1467 2196 1730 2233 Novissimum
1751 2195 1899 2232 dictum
1919 2195 2117 2243 apposuit,
2135 2205 2225 2232 cum
2245 2194 2446 2242 adjunxit:

1424 2258 1554 2294 Omm'a
1584 2258 1726 2303 Judicia
1752 2258 1908 2303 justitiae
1940 2261 2010 2293 tuae
2042 2270 2052 2292 ε
2078 2256 2247 2293 verbum
2275 2266 2448 2304 namque

1417 2318 1605 2366 judiciale
1634 2318 1934 2366 comprehendit
1961 2318 2096 2355 omnia
2120 2317 2268 2364 Judicia
2294 2317 2448 2363 justitiae

1421 2392 1512 2418 suae.
1541 2380 1615 2417 Sed
1635 2380 1868 2425 notandum,
1891 2379 2002 2426 quod
2020 2378 2170 2425 judicia
2198 2378 2375 2426 praefata,
2397 2379 2446 2415 de

1421 2443 1567 2490 quibus
1585 2442 1715 2489 psallit
1736 2442 1946 2488 Propheta,
1969 2451 2051 2477 non
2077 2443 2165 2477 sunt
2190 2451 2348 2486 amara,
2366 2450 2447 2477 non

1420 2504 1603 2549 molesta,
1625 2514 1706 2540 non
1735 2502 1989 2550 aggravantia
1997 2515 2008 2548 3
2031 2502 2100 2538 sed
2128 2501 2285 2548 dulcia,
2302 2503 2446 2548 Jucun-

1422 2566 1492 2609 da,
1514 2565 1760 2612 adjuvantia,
1789 2567 1979 2611 tanquam
2008 2566 2195 2600 aeternam
2224 2562 2448 2600 felicitatem

1421 2627 1708 2674 adjudicantia,
1739 2627 1838 2663 sicut
1866 2627 1973 2673 patet
2002 2636 2074 2672 per
2099 2625 2182 2671 ejus
2209 2625 2443 2662 testimonia.

1419 2689 1593 2726 Primum
1611 2690 1770 2725 testatur
1787 2687 1995 2735 psallendo
2011 2687 2025 2708 ⁹
2047 2698 2055 2722 :
2083 2697 2101 2720 «
2121 2685 2273 2722 Judicia
2291 2685 2444 2723 Domini

1420 2760 1538 2795 vera3
1560 2763 1577 2784 n
1596 2752 1633 2785 et
1651 2749 1751 2785 infra
1772 2760 1780 2784 :
1800 2751 1875 2784 «Et
1894 2747 2073 2784 dulciora
2092 2757 2208 2793 super
2226 2746 2319 2792 mel,
2332 2748 2371 2783 et
2387 2746 2445 2784 fa-

1420 2822 1542 2847 vum:
1562 2824 1579 2845 υ
1604 2821 1693 2847 ecce
1712 2809 1861 2855 judicia
1880 2808 2025 2845 dulcia.
2049 2807 2272 2844 Secundum
2297 2809 2444 2854 protes-

1420 2875 1522 2908 tatur
1542 2871 1721 2908 canendo
1741 2872 1767 2893 ¹⁰
1790 2883 1798 2906 :
1816 2869 1943 2914 «Quia
1959 2868 2110 2915 judicia
2125 2871 2191 2905 tua
2204 2868 2406 2915 jucunda5
2423 2881 2441 2902 n

1422 2943 1509 2970 ecce
1533 2933 1684 2979 judicia
1710 2933 1900 2979 jucunda.
1923 2932 2092 2969 Tertium
2123 2932 2357 2968 contestatur
2383 2930 2444 2966 di·

1422 2993 1548 3030 cendo
1569 2995 1592 3015 ¹¹
1616 3005 1624 3030 ε
1644 3005 1662 3027 t<
1681 2993 1833 3030 Judicia
1851 2996 1918 3030 tua
1938 2993 2184 3039 adjuvabunt
2202 3002 2265 3029 me
2287 3002 2296 3028 :
2315 3004 2334 3026 n
2356 3001 2445 3028 ecce

1417 3055 1566 3100 judicia
1591 3054 1830 3101 adjuvantia.

1748 3160 1935 3196 Articulus
1961 3162 2125 3205 quartus.

1467 3242 1728 3279 Novissimum
1745 3241 1892 3278 factum
1912 3239 2106 3285 adhibuit,
2122 3249 2212 3275 cum
2231 3239 2441 3276 annexuit:

1421 3305 1465 3340 In
1483 3308 1674 3350 (eternum,
1694 3303 1736 3340 id
1767 3304 1845 3348 est,
1867 3303 1909 3338 in
1940 3301 2211 3345 aeternitatem,
2239 3310 2308 3336 seu
2335 3301 2444 3336 aeter-

1423 3408 1454 3440 ν,
1476 3402 1507 3432 6.
1525 3417 1564 3424 -
1589 3399 1712 3431 ⁷Psal-
1740 3406 1915 3438 Lxxxxin,
1943 3400 1972 3429 9.
1998 3414 2037 3418 —-
2061 3396 2075 3417 ⁸
2097 3397 2205 3433 Joau„
2229 3403 2307 3435 viu,
2332 3397 2382 3428 44.
2404 3414 2445 3420 —

1421 3447 1434 3468 ⁹
1456 3447 1541 3479 Psal.
1565 3454 1671 3485 xV111‚
1697 3449 1750 3485 10,
1775 3449 1881 3477 11.--
1905 3444 1933 3465 ¹⁰
1951 3442 2039 3474 Psal.
2060 3441 2142 3480 hoc,
2170 3443 2219 3473 39.
2238 3459 2278 3466 -
2301 3443 2322 3463 ¹¹
2346 3442 2443 3484 ibid„

1423 3495 1492 3526 175.

2498 1286 2614 1314 Veritas

2482 1327 2551 1362 quid
2572 1330 2601 1356 et

2487 1369 2593 1403 quotu-

1422 1401 1583 1448 partita;
1611 1401 1757 1437 scilicet
1777 1403 1916 1438 veritas
1944 1401 2133 1446 increata,
2164 1403 2392 1447 concreata,
2413 1403 2451 1438 et
2485 1408 2566 1444 plex.
