2633 3878
930 179 982 222 lN
1009 175 1388 221 HEXAEMERON.
1422 175 1578 218 SERM.
1611 177 1714 221 XVl.

249 271 388 323 dente,
406 270 504 313 licet
519 271 658 313 adhuc
676 271 814 312 essent
833 269 1045 310 idolorum
1065 267 1222 321 templa
1238 266 1283 306 in

249 342 444 394 Francia3
462 343 534 385 sed
554 342 741 384 dilatatio
760 341 840 382 fuit
857 341 1027 393 inffterra
1041 338 1284 393 promissio-

248 414 328 464 nis,
351 426 437 455 non
458 414 500 455 in
522 413 736 467 AEgypto3
759 424 842 452 non
866 412 976 452 circa
1006 410 1187 460 Graecos,
1209 408 1282 450 sed

246 485 357 526 circa
377 485 561 526 Latinos.

301 557 348 598 ln
367 557 517 611 quinto
540 558 730 609 tempore
752 554 910 608 regalis
936 553 1085 607 gloriae
1107 553 1280 593 fuerunt

245 628 341 679 tria,
364 628 517 669 scilicet
535 627 712 679 deJectio
732 626 901 680 superbi
916 626 1047 678 regis,
1063 623 1280 677 ampliatio

245 699 382 741 cultus
403 698 553 749 divini,
577 698 729 739 divisio
749 698 891 738 decem
918 697 1107 737 tribuum
1128 708 1151 736 a
1171 696 1279 737 duo-

244 771 336 812 bus.
361 770 409 811 In
428 783 540 811 novo
566 773 842 821 testamento,
866 773 1057 821 tempore
1083 767 1278 809 sublimis

243 826 474 893 catnedrae‚
499 855 524 883 a
545 841 752 894 Gregorio
776 853 911 893 usque
940 841 991 880 ad
1020 840 1274 891 Adrianum,

240 913 480 966 patriarcha
494 911 985 966 Constantinopolitanus
999 911 1277 952 contendebat

240 995 336 1024 cum
354 983 543 1026 Romano
560 984 783 1034 Pontifice,
801 986 842 1024 et
857 983 1019 1023 dicebat
1035 994 1079 1023 se
1094 982 1276 1022 Patri-ar-

239 1054 363 1096 cham
383 1055 661 1108 Catholicum,
678 1056 720 1096 id
738 1058 801 1096 est
815 1054 1122 1105 universalem3
1142 1057 1182 1094 et
1195 1054 1275 1094 fuit

238 1127 631 1168 excommunicatus
658 1130 699 1168 et
725 1127 997 1173 humiliatus,
1023 1128 1064 1166 et
1089 1126 1274 1166 thronus

237 1197 368 1240 David
388 1200 597 1240 exaltatus
616 1200 697 1241 fuit
712 1232 722 1251 ,
744 1200 851 1240 sicut
871 1199 996 1240 Petro
1022 1198 1273 1252 promiserat

237 1269 455 1312 Dominus
470 1271 671 1313 Similiter
687 1272 918 1325 Gregorius
932 1272 1071 1313 adhuc
1080 1273 1097 1324 j
1108 1271 1268 1322 avenis,

237 1344 277 1382 et
307 1342 498 1383 nondum
522 1343 736 1397 pontifex,
766 1343 980 1397 pugnavit
1007 1355 1104 1383 cum
1138 1342 1270 1396 Euty-

237 1412 332 1454 chio
356 1415 430 1467 (α),
453 1415 527 1468 qui
547 1415 721 1467 negavit
737 1415 1114 1464 resurrectioneni;
1139 1417 1179 1455 et
1199 1415 1270 1454 de-

235 1483 337 1524 vicit
374 1497 473 1525 eum
509 1487 552 1526 in
593 1489 819 1544 conspectu
851 1486 1021 1539 populi,
1059 1489 1106 1527 ut
1138 1486 1272 1527 David

235 1553 412 1596 Goliam.
430 1556 544 1597 Sicut
563 1558 690 1598 etiam
709 1557 841 1598 David
852 1558 1076 1611 ampliavit
1089 1558 1268 1608 cultum,

232 1627 293 1667 sic
311 1627 388 1668 iste
403 1628 615 1669 ordinavit
632 1629 836 1670 officium.
860 1629 911 1670 Et
926 1630 1031 1670 sicut
1053 1630 1181 1670 David
1197 1630 1271 1670 du-

231 1699 351 1740 cebat
373 1713 515 1741 arcam
530 1713 629 1742 cum
650 1704 812 1754 septem
827 1702 981 1752 choris,
1003 1702 1061 1742 sic
1078 1701 1154 1742 iste
1173 1701 1270 1742 fecit

231 1773 542 1824 processionem
574 1786 673 1814 cum
710 1777 871 1827 septem
899 1773 1051 1814 choris
1082 1773 1134 1814 Et
1162 1774 1270 1814 sicut

2316 196 2391 234 109

1358 266 1454 307 liter
1476 266 1520 306 in
1540 269 1730 320 tempore
1755 271 1928 313 Adriani
1958 285 2033 326 per
2063 275 2260 319 Carolum
2276 311 2288 331 ,
2314 282 2391 334 qui

1358 337 1607 378 miraculose
1645 339 1741 380 fecit
1777 342 2039 397 triumphos,
2075 349 2196 401 quasi
2235 351 2390 394 missus

1357 407 1539 458 angelus
1559 421 1585 449 a
1603 409 1780 451 Domino
1795 443 1804 460 ‚
1830 417 1869 453 et
1889 415 1971 465 sol,
1993 417 2034 457 id
2063 422 2125 460 est
2152 423 2282 462 aestus
2310 424 2389 464 tri-

1357 478 1603 531 bulationis,
1626 481 1730 522 abiit
1750 486 1876 533 retro,
1895 488 1934 525 et
1948 487 2053 529 facta
2070 494 2133 531 est
2152 505 2235 544 pax
2255 493 2390 536 Eccle-

1357 549 1451 600 siae,
1476 553 1524 590 ut
1551 555 1694 604 postea
1729 555 2001 599 constitueret
2030 561 2385 618 archiepiscopos,

1358 621 1590 675 episcopos,
1614 626 1654 664 ct
1674 626 1878 668 coenobia.

1408 693 1496 735 Hoc
1516 697 1705 749 tempore
1734 699 1813 739 fuit
1834 699 2000 742 claritas
2028 703 2254 758 doetrinae,
2287 710 2386 762 quia
2423 727 2548 756 carolus

2405 765 2541 800 {Magnus

2424 807 2533 835 littera-

1352 835 1398 875 in
1419 834 1571 878 Sancto
1594 838 1793 893 Dionysio
1816 841 2011 896 Bibliam,
2035 849 2076 887 et
2096 847 2141 888 in
2162 850 2305 891 multis
2322 851 2385 893 lo-
2407 856 2471 876 ΠΜ
2490 858 2547 878 “³⁸-

2408 893 2546 921 murator.

1355 763 1528 806 Carolus
1548 769 1714 809 vocavit
1732 769 1919 822 clericos,
1938 775 1979 813 et
1998 775 2164 828 scripsit
2179 777 2321 830 libros,
2339 786 2387 822 ut

1351 907 1425 958 cis;
1449 911 1489 949 et
1509 909 1778 963 incoeperunt
1799 913 1962 966 legere,
1986 919 2027 958 et
2039 922 2301 973 prosperari;
2324 936 2386 965 re-

1349 979 1525 1032 ligiosos
1546 983 1674 1023 etiam
1693 984 1927 1028 collocavit.
1951 987 2039 1030 Hoc
2061 992 2250 1046 tempore
2268 1006 2387 1048 opor-

1350 1052 1431 1092 tuit
1451 1053 1598 1095 venire
1618 1056 1751 1097 vitam
1775 1070 1851 1110 per
1875 1059 2085 1112 ordinem,
2107 1065 2182 1117 qui
2211 1065 2386 1109 haberet

1352 1123 1481 1164 vitam
1513 1126 1822 1180 propheticam3
1848 1130 1928 1171 hoc
1955 1136 2096 1174 autem
2124 1138 2294 1190 tempus
2322 1143 2386 1180 est

1351 1196 1619 1250 gemituum,
1644 1199 1685 1240 id
1705 1203 1787 1252 est,
1810 1201 1917 1243 sicut
1937 1203 1981 1244 in
2002 1206 2196 1257 passione
2216 1208 2384 1251 Domini

1348 1267 1427 1307 fuit
1446 1268 1585 1320 primo
1605 1269 1697 1321 lux,
1726 1271 1878 1314 deinde
1899 1275 2098 1327 tenebrae,
2121 1282 2265 1331 postea
2287 1280 2379 1332 lux,

1348 1339 1406 1379 sic
1426 1352 1594 1382 necesse
1615 1345 1677 1383 est
1703 1346 1749 1383 ut
1769 1345 1908 1397 primo
1934 1348 1987 1387 sit
2006 1348 2079 1390 lux
2103 1350 2318 1404 doctrinae,
2342 1357 2383 1394 et

1346 1411 1540 1451 succedat
1559 1411 1577 1452 J
1583 1413 1693 1453 osias
1716 1413 1901 1458 Ezechiae
1916 1449 1925 1467 ‚
1950 1423 2173 1473 postquam
2194 1422 2300 1465 facta
2320 1429 2383 1465 est

1344 1482 1560 1523 tribulatio
1588 1483 1835 1527 Judaeorum
1861 1501 1935 1541 per
1961 1492 2264 1543 captivitatem.
2297 1495 2378 1537 Ne-

1344 1565 1458 1595 cesse
1487 1559 1548 1595 est
1580 1556 1694 1597 enim
1735 1561 1781 1598 ut
1819 1563 1972 1612 surgat
2005 1575 2119 1603 unus
2156 1565 2377 1620 princeps,

1343 1624 1497 1665 zelator
1528 1625 1747 1679 Ecclesiae,
1772 1629 1846 1682 qui
1867 1635 1951 1683 est,
1974 1633 2043 1674 vel
2068 1635 2166 1686 erit,
2203 1638 2270 1678 vel
2288 1639 2380 1690 jam

1343 1696 1437 1736 suit.
1469 1696 1520 1738 Et
1547 1698 1716 1759 additur
1747 1715 1755 1741 :
1789 1700 1957 1744 Utinam
1981 1706 2074 1758 jam
2104 1719 2190 1749 non
2225 1709 2378 1763 fuerit,

1348 1768 1601 1822 priusquam
1623 1771 1675 1811 sit
1694 1772 1927 1815 obscuritas
1947 1776 2289 1823 tribulationum.

1401 1840 1604 1882 Similiter
1629 1842 1803 1885 Carolus
1830 1847 2032 1889 exaltavit
2063 1849 2315 1905 Ecclesiam;
2339 1858 2379 1897 et
2425 1879 2539 1907 Enna.

1345 1913 1418 1964 qui
1439 1912 1694 1956 videbantur
1715 1915 1828 1957 Petri
1851 1931 2125 1974 successoreS,
2149 1936 2378 1978 oppugna-
2417 1923 2455 1949 “⁰
2466 1924 2518 1950 ΕΟ·

2421 1964 2518 1991 clesiae

1339 1988 1495 2026 verunt
1524 1998 1635 2027 eam.
1672 1986 1782 2029 Nam
1809 1991 2003 2044 tempore
2031 1992 2201 2036 Henrici
2230 1996 2376 2046 Quarti
2395 2013 2446 2040 per
2480 2007 2536 2033 Ca·

231 1843 362 1885 David
399 1845 505 1886 vidit
543 1845 749 1897 angelum
787 1845 1091 1898 percutientem
1141 1858 1269 1899 super

230 1915 511 1968 Hierusalem,
527 1919 567 1958 et
589 1917 828 1970 promeruit
846 1920 894 1958 ut
914 1920 1108 1966 cessaret,
1125 1918 1268 1971 sicque

229 1987 386 2028 factum
415 1990 491 2039 est,
516 1988 629 2041 quod
657 1988 789 2029 Graeci
819 1989 1010 2030 videntes
1035 1988 1266 2030 Ecclesiam

2395 2047 2500 2075 rolum.

229 2059 466 2101 Romanam
485 2061 679 2111 exaltari,
695 2061 819 2102 divisi
834 2063 948 2110 sunt,
966 2064 1006 2101 et
1024 2061 1266 2102 ceciderunt

226 2131 272 2172 in
306 2131 507 2173 haeresim
535 2132 861 2186 eutychianam,
895 2135 937 2173 et
963 2133 1044 2173 hoc
1073 2135 1265 2186 tempore

226 2202 429 2252 Heraclii,
462 2203 537 2256 qui
565 2203 705 2256 primo
731 2203 813 2243 fuit
847 2203 1007 2253 bonus,
1047 2205 1089 2243 et
1119 2206 1264 2256 postea

227 2275 375 2316 cecidit
394 2274 436 2315 in
458 2274 675 2316 haeresim.
693 2274 791 2316 Post
810 2274 930 2315 illum
946 2287 1167 2328 nunquam
1185 2275 1264 2316 fuit

225 2345 457 2399 imperator
486 2346 532 2386 in
569 2345 752 2387 Oriente.
790 2345 907 2387 Sicut
939 2346 1068 2387 etiam
1100 2346 1263 2400 Assyrii

226 2419 500 2458 vastaverunt
519 2417 706 2468 Judaeos,
729 2417 788 2458 sic
803 2416 999 2458 Saraceni
1020 2429 1258 2470 occupave-

226 2490 328 2528 runt
349 2487 568 2529 ecclesiam
593 2487 928 2538 Antiochenam,
953 2487 1258 2541 Hierosolymi-

224 2561 392 2610 tanam,
431 2558 763 2600 Alexandrinam
779 2591 789 2610 ,
832 2558 1256 2612 Constantinopolita-

223 2641 347 2682 nam,
373 2642 510 2684 usque
539 2630 584 2670 in
610 2629 812 2671 Siciliam.
846 2629 964 2671 Sicut
995 2631 1079 2672 illae
1113 2631 1257 2672 decem

221 2702 358 2743 tribus
396 2702 658 2753 ceciderunt,
694 2705 735 2743 et
767 2704 1032 2744 recesserunt
1069 2715 1094 2744 a
1129 2704 1257 2746 domo

222 2773 368 2826 David,
392 2774 452 2814 sic
470 2774 554 2815 illae
576 2774 778 2825 ecclesiae,
807 2774 908 2828 quia
937 2775 1193 2826 ceciderunt,
1216 2779 1258 2817 et

221 2848 483 2887 recesserunt
501 2857 526 2886 a
546 2844 669 2887 Petro
689 2845 758 2886 cui
777 2845 939 2886 dictum
960 2849 1076 2888 erat¹
1095 2859 1105 2888 :
1131 2863 1149 2886 α
1163 2847 1256 2889 Tibi

221 2916 330 2958 dabo
349 2916 488 2958 claves
506 2919 644 2970 regni,
667 2931 687 2955 1>
712 2917 952 2959 inciderunt
969 2918 1015 2958 in
1034 2917 1171 2972 lupos.

276 2988 323 3029 In
342 2991 460 3030 sexto
478 2992 668 3043 tempore
694 2990 801 3031 facta
822 2992 921 3031 sunt
940 2991 1023 3032 tria
1044 3005 1053 3032 :
1078 2991 1255 3045 praecla-

220 3061 323 3103 ritas
343 3061 544 3113 victoriae,
565 3062 826 3116 praeclaritas
842 3062 1059 3115 doctrinae,
1084 3065 1254 3117 praecla-

219 3132 321 3174 ritas
339 3133 440 3175 vitae
460 3133 716 3187 propheticae
749 3149 758 3175 ι
781 3134 1038 3188 praeclaritas
1062 3136 1252 3179 victoriae

219 3205 263 3246 in
288 3205 598 3258 Sennacherib,
626 3206 701 3259 qui
734 3206 848 3247 venit
878 3209 1024 3248 contra
1050 3207 1249 3250 Hierusa-

218 3277 325 3330 lem,
356 3281 398 3319 et
425 3277 608 3330 angelus
640 3277 809 3319 Domini
844 3278 1051 3320 interfecit
1079 3284 1251 3322 centum

219 3349 434 3403 octoginta
452 3351 644 3404 quinque
664 3349 819 3401 millia;
836 3352 877 3391 et
892 3349 1090 3392 Ezechias
1103 3355 1250 3394 contra

217 3425 415 3464 naturam
433 3426 606 3464 sanatus
620 3428 698 3474 est,
718 3426 760 3465 et
777 3422 840 3464 sol
853 3423 1104 3465 retrocessit.
1125 3422 1246 3466 Simi-

260 3507 304 3547 (a)
326 3506 406 3540 Coet.
427 3507 508 3539 edit.
530 3507 679 3540 Eutiche.

1339 2056 1515 2098 fuerunt
1534 2059 1618 2100 duo
1640 2071 1761 2114 papae
1776 2076 1786 2112 ;
1812 2063 2006 2105 similiter
2024 2068 2216 2121 tempore
2235 2069 2267 2110 F
2269 2070 2375 2112 ride-

1337 2128 1413 2169 rici
1432 2129 1599 2183 Magni,
1620 2131 1719 2173 duo.
1739 2132 1791 2174 Et
1808 2138 1972 2176 certum
1990 2140 2064 2189 est,
2082 2140 2195 2192 quod
2221 2141 2374 2195 aliquis

1336 2199 1447 2241 inter
1467 2214 1539 2243 eos
1558 2203 1694 2245 voluit
1716 2208 2003 2249 exterminare
2023 2209 2277 2264 Ecclesiam;
2301 2215 2373 2256 sed

1336 2273 1516 2325 angelus
1549 2276 1778 2317 ascendens
1812 2279 1865 2319 ab
1894 2282 1992 2321 ortu
2020 2282 2139 2335 solis,
2174 2284 2372 2328 clamavit

1334 2347 1518 2397 quatuor
1539 2347 1705 2400 angelis
1725 2350 1739 2370 ²
1762 2362 1772 2390 ε
1800 2365 1820 2389 (ι
1840 2349 1976 2393 Nolite
1995 2365 2147 2396 nocere
2172 2360 2297 2400 terrae
2332 2363 2373 2401 et

1335 2416 1471 2468 mari,
1504 2430 1729 2472 quousque
1758 2420 1982 2473 signemus
2016 2438 2162 2468 servos
2192 2429 2265 2471 Dei
2292 2443 2372 2472 no-

1333 2487 1428 2537 stri,
1451 2502 1471 2525 n
1498 2491 1575 2529 etc.
1602 2489 1720 2531 Unde
1745 2492 1884 2534 adhuc
1905 2498 2037 2537 restat
2071 2497 2266 2542 Ecclesiae
2302 2515 2367 2544 se-

1333 2559 1553 2611 gregatio,
1576 2572 1653 2601 seu
1685 2562 1916 2606 tribulatio.
1941 2565 1993 2607 Et
2019 2567 2177 2611 dictum
2207 2576 2268 2614 est
2287 2586 2364 2616 an-

1331 2630 1428 2682 gelo
1446 2630 1778 2686 Philadelphiae,
1802 2636 1876 2689 qui
1907 2641 2050 2680 sextus
2071 2644 2133 2682 est
2153 2646 2166 2667 ³
2189 2657 2198 2684 :
2228 2660 2247 2684 α
2267 2645 2367 2689 Haec

1330 2701 1428 2743 dicit
1442 2701 1622 2744 Sanctus
1636 2707 1677 2745 et
1693 2704 1846 2759 VerUS,
1866 2709 1939 2761 qui
1958 2709 2087 2753 habet
2107 2713 2268 2758 clavem
2289 2717 2366 2760 Da-

1331 2773 1423 2824 vid;
1446 2775 1519 2828 qui
1539 2776 1694 2828 aperit,
1715 2781 1754 2818 et
1773 2791 1901 2822 nemo
1921 2782 2098 2838 claudit3
2125 2787 2300 2842 claudit,
2324 2794 2365 2833 et

1329 2857 1456 2887 nemo
1474 2847 1625 2901 aperit.
1647 2847 1741 2891 Scio
1759 2862 1888 2904 opera
1908 2856 2005 2907 tua,
2034 2857 2137 2910 quia
2156 2872 2250 2902 ecce
2268 2862 2362 2904 dedi

1329 2928 1474 2958 coram
1494 2921 1535 2959 te
1561 2919 1719 2961 ostium
1755 2927 1950 2976 apertum
1973 2941 1982 2968 ε
2003 2942 2023 2966 ))
2049 2932 2090 2970 et
2120 2931 2227 2973 dixit
2247 2935 2362 2987 quod

1329 2989 1469 3031 adhuc
1501 2991 1781 3045 intelligentia
1814 2996 2044 3052 Scripturae
2069 3002 2254 3057 daretur,
2293 3007 2360 3048 vel

1327 3062 1544 3115 revelatio,
1565 3065 1633 3105 vel
1650 3065 1780 3108 clavis
1793 3067 1941 3122 David,
1958 3084 2148 3125 personae
2168 3078 2236 3119 vel
2255 3078 2359 3120 mul-

1327 3133 1526 3187 titudini;
1548 3139 1588 3177 et
1609 3139 1747 3191 magis
1767 3141 1912 3194 credo,
1941 3146 2054 3198 quod
2079 3148 2353 3193 multitudini.

1327 3205 1373 3246 In
1393 3206 1574 3260 septimo
1593 3211 1783 3264 tempore
1802 3213 1961 3256 scimus
1976 3248 1987 3266 ,
2009 3219 2121 3271 quod
2141 3220 2233 3262 haec
2250 3222 2358 3265 facta

1327 3280 1441 3329 sunt,
1463 3279 1734 3323 reaedificatio
1750 3286 1911 3338 templi,
1934 3292 2184 3333 restauratio
2198 3293 2353 3348 cultuS‚

1325 3351 1367 3391 et
1389 3362 1472 3404 pax
1497 3351 1593 3393 data
1613 3355 1686 3394 est.
1722 3354 1769 3396 In
1789 3359 1985 3412 ‚tempore
2006 3362 2188 3415 septimo
2209 3365 2356 3410 futuro

1323 3510 1340 3540 ⁷
1359 3461 1376 3539 ἐ
1393 3459 1530 3502 Mami„
1555 3469 1624 3503 xw,
1646 3465 1696 3496 19.
1715 3482 1747 3487 —-
1773 3466 1787 3487 ²
1809 3466 1920 3508 Apoc„
1942 3477 2003 3513 vn,
2022 3472 2052 3506 3.
2074 3491 2109 3497 —
2133 3475 2148 3497 ³
2167 3476 2276 3519 apoc„
2300 3487 2352 3521 111,
