2633 3878
255 307 332 346 620

257 403 346 434 esse
381 390 533 431 solum.
575 388 783 430 Praeterea
820 387 1058 428 Bernardus
1095 386 1193 427 dicit
1223 388 1234 411 ¹
1266 397 1275 425 :

263 480 281 503 α
296 463 464 513 Quoties
481 462 540 501 sui
561 461 670 501 inter
683 459 898 510 homines,
916 459 1058 500 minus
1075 458 1203 498 homo
1217 466 1280 495 re-

258 536 313 576 dii
335 549 344 575 :
368 548 386 571 n
412 545 498 574 non
517 535 579 573 est
601 542 704 583 ergo
727 530 888 571 bonum
908 541 998 570 esse
1017 529 1126 568 inter
1146 525 1283 566 homi-

258 618 346 646 nes.
372 604 494 653 ltem,
526 602 597 655 qui
624 604 683 642 est
712 601 754 641 in
775 600 994 648 societate,
1023 609 1191 638 necesse
1222 598 1283 636 est

259 676 369 729 quod
408 675 461 715 sit
502 673 704 714 sollicitus
733 670 945 723 quomodo
974 681 1017 710 se
1052 668 1284 709 conformet

260 746 469 789 societati:
493 745 563 786 sed
585 743 810 796 Apostolus
829 742 928 783 dicit
942 747 971 792 Ξ,
993 740 1105 794 quod
1123 740 1283 779 bonum

260 821 321 858 est
341 830 426 857 non
447 817 606 857 nubere
623 847 633 864 ,
654 817 824 867 propter
844 813 1061 854 vitandam
1083 809 1286 851 sollicitu-

260 889 401 929 dinem
438 887 489 928 de
522 885 722 939 placendo
758 884 884 925 uxori
913 898 922 923 z
957 894 1063 934 ergo
1096 879 1287 920 similiter

261 959 421 998 bonum
441 960 503 998 est
523 967 695 997 omnem
716 955 955 995 societatem
988 953 1150 1003 fugere.
1180 949 1287 990 Con-

262 1033 327 1070 tra
344 1032 357 1053 3
380 1043 387 1068 :
419 1026 546 1068 «Non
578 1031 641 1066 est
665 1026 827 1065 bonum
853 1023 1071 1064 hominem
1101 1032 1191 1061 esse
1218 1031 1286 1060 so-

263 1100 352 1140 lum
376 1113 384 1140 :
407 1114 426 1136 »
464 1109 569 1149 ergo
599 1095 780 1136 solitudo
812 1097 875 1134 est
899 1091 1192 1146 vituperabilis
1208 1122 1218 1141 ,
1249 1093 1290 1131 et

263 1183 337 1223 per
368 1170 607 1223 oppositum
645 1166 818 1207 societas
846 1164 1078 1205 laudabilis.
1112 1162 1216 1202 Item
1243 1161 1255 1182 ⁶
1278 1175 1286 1201 :

270 1256 287 1278 «
302 1239 378 1280 Ubi
393 1241 495 1280 sunt
508 1238 591 1279 duo
607 1237 675 1278 vel
694 1239 779 1277 tres
791 1234 1042 1287 congregati
1063 1234 1106 1273 in
1118 1232 1290 1274 nomine

265 1322 386 1360 meo,
421 1310 467 1350 in
498 1309 636 1349 medio
664 1319 812 1347 eorum
841 1318 937 1346 sum
960 1320 968 1355 3
992 1319 1010 1341 n
1042 1316 1128 1345 non
1156 1303 1256 1343 dicit
1279 1316 1287 1342 ι

264 1381 337 1422 ubi
358 1390 468 1422 unus
483 1411 495 1430 ,
518 1379 590 1419 sed
611 1392 619 1418 :
645 1379 718 1420 ubi
737 1377 844 1427 duo,
865 1376 930 1418 vel
951 1379 1030 1418 tres
1050 1386 1063 1415 .·
1084 1386 1188 1427 ergo
1208 1385 1293 1414 me-

264 1451 343 1492 lior
362 1454 423 1491 est
445 1450 532 1491 vita
551 1450 595 1490 in
621 1448 979 1501 congregatione,
1001 1458 1131 1500 quam
1151 1445 1291 1486 solita-

265 1525 341 1564 ria.
367 1524 470 1565 Item
491 1524 571 1564 hoc
588 1523 790 1576 probatur
818 1534 892 1575 per
920 1521 1104 1561 litteram
1132 1519 1257 1559 istam
1281 1533 1289 1559 :

185 1594 246 1654 ,ἲ
266 1596 366 1648 quia
385 1595 558 1636 societas
576 1594 715 1644 fulcit,
738 1594 873 1643 fovet,
902 1594 942 1632 et
961 1590 1144 1632 defendit
1163 1604 1172 1629 ε
1196 1600 1294 1641 quae

267 1669 365 1706 sunt
394 1665 474 1706 tria
502 1665 613 1706 bona
629 1696 640 1715 ,
664 1663 820 1717 quibus
847 1661 1022 1703 solitarii
1053 1660 1292 1714 privantur.

268 1735 511 1788 Respondeo
538 1735 787 1785 dicendum,
809 1733 923 1786 quod
942 1731 1095 1784 triplex
1114 1733 1175 1771 est
1194 1729 1292 1770 soli-

268 1807 423 1847 tarium
441 1821 449 1847 :
466 1819 601 1847 unum
620 1818 694 1859 per
710 1804 897 1857 inopiam
914 1802 1166 1852 dilectionis,
1188 1801 1297 1842 sicut

268 1888 422 1917 avarus
438 1886 523 1918 non
536 1876 629 1917 vult
642 1876 799 1916 habere
813 1876 1050 1915 consortem
1064 1873 1109 1912 in
1120 1871 1293 1922 divitiis,

268 1958 345 1986 1188
364 1946 534 1987 invidus
554 1946 599 1985 in
617 1946 762 1996 bonis,
793 1957 870 1985 nec
896 1944 1103 1997 superbus
1131 1944 1177 1983 in
1206 1954 1298 1982 ma-

271 2017 389 2069 gnis,
412 2020 452 2058 et
471 2017 652 2058 solitudo
676 2017 768 2058 haec
787 2016 899 2057 mala
917 2015 1091 2056 omnino
1111 2018 1192 2062 est3
1215 2013 1299 2054 alia

270 2089 451 2130 solitudo
471 2101 544 2141 per
564 2089 771 2130 defectum
795 2086 1114 2137 consolationis,
1135 2088 1177 2126 et
1205 2085 1299 2125 haec

271 2161 427 2201 misera
440 2164 523 2211 est3
542 2163 585 2201 et
598 2160 680 2201 alia
700 2159 881 2200 solitudo
903 2170 977 2211 per
995 2158 1183 2210 quietem
1203 2168 1299 2197 con-

272 2232 580 2285 temptationis,
604 2234 646 2272 et
667 2231 760 2272 haec
790 2229 1010 2271 laudabilis
1034 2231 1075 2270 et
1103 2228 1296 2268 honesta.

274 2302 474 2343 Similiter
495 2303 647 2355 triplici
666 2302 791 2343 modo
806 2304 867 2342 est
882 2302 1077 2342 societas:
1103 2299 1301 2352 quaedam

274 2372 431 2412 scilicet
450 2373 623 2413 turbans
639 2376 680 2413 et
708 2372 966 2424 impedienS,
990 2371 1099 2411 sicut
1127 2370 1302 2410 societas

276 2442 505 2493 malorum3
530 2444 728 2496 quaedam
759 2443 946 2484 subsidio
966 2446 1006 2483 et
1025 2442 1172 2482 solatio
1192 2441 1302 2481 indi-

276 2526 396 2565 gens,
425 2515 532 2555 sicut
548 2515 721 2555 societas
741 2526 928 2555 uxorum
948 2516 988 2554 et
1008 2513 1300 2562 infirmorum;

277 2595 317 2625 et
343 2585 539 2637 quaedam
570 2586 778 2638 adjuvans
807 2587 848 2625 et
878 2596 1155 2637 promovens,
1194 2583 1304 2623 sicut

277 2655 451 2696 societas
477 2656 772 2708 perfectorum.
811 2654 954 2696 Prima
981 2657 1043 2695 est
1070 2653 1301 2705 fugienda;

278 2725 460 2766 secunda
476 2726 716 2776 toleranda;
748 2725 819 2766 sed
839 2725 962 2765 tertia
981 2723 1242 2776 appetenda,
1265 2726 1307 2764 et

278 2797 371 2837 haec
390 2800 448 2837 est
470 2797 514 2837 in
538 2797 760 2849 religione.
795 2796 970 2845 Quando
997 2796 1134 2847 igitur
1164 2795 1304 2848 Scrip-

281 2869 377 2907 tura
395 2868 660 2908 commendat
685 2868 952 2915 societatem,
978 2866 1234 2918 intelligitur
1257 2866 1308 2906 de

281 2938 374 2988 hac,
398 2941 438 2978 et
457 2939 536 2979 1108
555 2950 640 2978 11811
660 2941 873 2990 repugnat
892 2937 1108 2978 solitudini
1127 2940 1309 2978 contem-

282 3008 502 3061 plationis;
526 3008 625 3061 quia
643 3008 742 3048 dicit
762 3006 999 3047 Bernardus
1015 3008 1028 3028 ⁵
1060 3007 1174 3060 quod
1201 3007 1310 3047 inter

285 3079 439 3120 multos
467 3078 581 3119 solus
606 3080 742 3131 potest
773 3089 864 3117 esse
886 3078 1015 3117 homo
1046 3078 1247 3129 omnino,
1276 3078 1311 3118 si

284 3150 569 3191 curiositatem
589 3149 726 3201 fugiat
746 3163 754 3189 :
778 3151 819 3189 et
838 3148 896 3187 sic
917 3150 1060 3200 patent
1079 3148 1255 3200 objecta.

340 3221 404 3261 13.
426 3221 575 3262 Melior
596 3224 672 3271 est,
692 3223 768 3260 etc.
792 3218 893 3270 Egit
913 3229 1041 3270 supra
1059 3217 1110 3257 de
1130 3218 1313 3257 vanitate

286 3291 583 3344 imprudentiae
611 3303 620 3330 :
649 3293 690 3331 et
715 3290 816 3343 quia
835 3289 999 3330 vanitas
1019 3287 1314 3340 imprudentiae

289 3365 349 3401 est
369 3361 587 3414 culpabilis
600 3393 610 3410 ,
630 3364 670 3401 et
691 3360 958 3409 detestanda3
981 3359 1074 3399 ideo
1094 3360 1239 3398 contra
1258 3358 1315 3410 ip-

288 3443 379 3471 sam
390 3432 605 3472 invebitur
619 3431 838 3484 dupliciter
855 3445 864 3470 ι
878 3430 1032 3483 primo,
1048 3431 1218 3482 propter
1233 3440 1317 3468 ma-

334 3536 343 3557 ¹
366 3537 481 3576 Rern„
502 3537 535 3567 in
560 3537 672 3575 Cant„
690 3545 791 3568 serm.
813 3544 868 3567 XL.
890 3553 931 3558 —
947 3536 960 3556 ²
983 3536 989 3566 Ι
1019 3534 1109 3574 Cora,
1128 3541 1193 3574 vn,
1215 3534 1318 3565 32.—

292 3582 306 3604 2
326 3583 419 3622 Gen„
440 3591 478 3623 11,
500 3585 548 3615 18.
565 3601 603 3606 —
618 3584 628 3601 ⁴
647 3583 785 3623 Mania„
801 3591 905 3623 xvui,
925 3584 977 3615 20.
994 3599 1032 3606 -
1049 3583 1059 3601 ⁵
1076 3582 1195 3621 Rern„
1214 3588 1316 3613 serm.

925 296 1201 340 EXPOSITIO
1231 293 1284 336 IN
1314 290 1718 334 ECCLESIASTEN.

1351 382 1443 423 lum
1464 393 1671 434 praesens;
1693 381 1892 431 secundo,
1915 381 2085 433 propter
2104 380 2264 420 malum
2285 393 2380 422 suc-

1354 452 1518 503 cedens,
1529 452 1617 494 sive
1628 463 1888 504 consequens
1900 483 1909 500 ,
1923 451 1977 491 ibi
1993 451 2046 503 (v.
2059 449 2120 503 15)
2130 462 2139 490 :
2150 449 2254 492 Vidi
2264 461 2386 493 cunc·

1356 527 1419 565 tos
1439 524 1639 573 viventes,
1658 526 1736 563 818.
1755 522 1910 563 Malum
1927 533 2113 574 praesens
2125 523 2167 561 et
2181 521 2385 561 comitans

1357 593 1640 646 imprudentia
1663 595 1749 642 est,
1774 592 1886 644 quod
1905 603 2051 643 regem
2071 591 2246 632 divitem
2267 594 2307 632 et
2327 603 2387 632 se-

1356 676 1454 704 nem
1473 663 1641 715 subjicit
1660 675 1788 715 puero
1809 662 1982 715 pauperi
2002 662 2174 701 habenti
2197 662 2384 714 pruden-

1358 734 1491 784 tiam,
1522 736 1563 773 et
1602 734 1683 773 hoc
1719 733 1891 785 quidem
1922 744 2079 783 magna
2109 732 2273 772 vanitas
2302 746 2310 771 :
2348 733 2389 772 et

1360 807 1584 857 propterea
1603 803 1704 844 dicit
1725 817 1734 843 t
1757 802 1905 844 Melior
1925 806 1987 845 est
2001 812 2169 855 pauper
2187 803 2360 854 sapiens
2375 833 2386 852 ‚

1360 885 1454 927 reye
1473 885 1565 916 sene
1583 878 1623 917 et
1643 873 1791 924 statam
1812 873 2009 926 quamvis
2028 873 2103 913 iste
2125 873 2298 913 excedat
2320 884 2389 925 po-

1360 945 1515 995 tentia,
1545 945 1720 986 excedat
1752 943 1957 997 pecunia,
1984 943 2156 984 excedat
2183 943 2309 984 etiam
2329 954 2387 983 ae-

1361 1018 1460 1057 tate.
1483 1021 1496 1042 6
1531 1031 1550 1055 <‹
1569 1016 1796 1057 Pretiosior
1822 1018 1884 1055 est
1915 1015 2140 1068 sapientia,
2178 1026 2391 1067 parvaque

1362 1087 1500 1140 gloria
1518 1088 1570 1128 ad
1590 1090 1783 1140 tempus,
1806 1086 1997 1127 stultitia.
2023 1101 2041 1124 n
2063 1086 2115 1127 Et
2132 1087 2145 1108 '¹
2169 1099 2178 1125 z
2207 1100 2226 1124 κ
2245 1085 2392 1126 Melior

1363 1161 1424 1198 est
1444 1170 1604 1211 pauper
1622 1161 1663 1199 et
1676 1158 1887 1199 sufficiens
1908 1158 2007 1208 sibi,
2029 1169 2159 1211 quam
2181 1156 2394 1209 gloriosus

1363 1232 1405 1270 et
1422 1230 1620 1281 indigens
1639 1242 1761 1282 pane.
1782 1244 1800 1267 ›>
1828 1229 1877 1269 Et
1896 1229 2092 1281 explanat
2121 1228 2234 1281 quod
2255 1227 2361 1268 dixit
2381 1238 2391 1267 :

1366 1297 1499 1340 Stulte
1514 1329 1526 1348 ,
1550 1297 1651 1350 quia
1670 1297 1876 1338 defectum
1896 1296 2024 1336 habet
2044 1294 2322 1349 providentiae
2341 1294 2392 1335 de

1364 1369 1533 1419 futuro,
1557 1381 1648 1421 quae
1674 1372 1735 1409 est
1759 1380 1846 1408 una
1866 1379 1961 1420 pars
1989 1365 2246 1419 prudentiae3
2283 1365 2396 1406 unde

1365 1440 1464 1481 dicit
1485 1454 1493 1479 ;
1515 1439 1596 1486 Qui
1610 1440 1741 1481 nescit
1755 1438 1978 1491 providere
2000 1438 2048 1478 in
2064 1440 2299 1489 posterum,
2320 1435 2397 1476 sci-

1366 1511 1463 1552 licet
1485 1523 1630 1551 rerum
1657 1512 1875 1551 eventum.
1896 1509 1910 1530 ⁸
1935 1524 1954 1547 α
1974 1508 2143 1550 Utinam
2173 1510 2392 1561 saperent,

1368 1585 1409 1623 et
1420 1581 1724 1634 intelligerent,
1744 1593 1792 1621 ac
1816 1580 2053 1621 novissima
2072 1579 2357 1632 providerent.
2373 1591 2392 1616 ›>

1421 1655 1487 1693 tt.
1513 1651 1631 1699 Quod
1649 1652 1700 1694 de
1721 1661 1883 1693 carcere
1913 1651 2155 1702 catenisque
2179 1648 2400 1691 interdum

1369 1725 1466 1777 quis
1497 1722 1741 1776 eqredt'atur
1771 1722 1829 1764 ad
1860 1732 2052 1774 regmum.
2087 1720 2101 1742 ⁹
2138 1719 2400 1761 «Venditum

1370 1795 1533 1846 justum
1565 1793 1612 1833 in
1646 1793 1867 1834 vinculum
1892 1804 1979 1832 non
2009 1790 2260 1843 dereliquit:
2283 1789 2355 1830 sed
2377 1801 2402 1829 a

1372 1864 1662 1918 peccatoribus
1700 1863 1922 1913 liberavit,
1965 1863 2098 1903 donec
2129 1860 2299 1901 afferret
2340 1859 2402 1900 illi

1372 1937 1587 1988 sceptrum
1603 1934 1776 1986 regni.»
1796 1934 1852 1976 Ec
1870 1933 1983 1975 alius
1997 1935 2127 1975 natus
2142 1933 2190 1973 in
2211 1941 2398 1984 requam,

1373 2008 1524 2059 inopia
1542 2008 1830 2048 consumatur.
1847 2004 1898 2045 Et
1912 2004 1991 2044 1188
2010 2005 2180 2056 propter
2194 2014 2316 2043 suam
2336 2013 2404 2042 su-

1373 2078 1565 2131 perbiam
1584 2077 1612 2099 ¹⁰
1634 2088 1673 2117 z«
1696 2076 1823 2117 Sedes
1843 2075 2000 2115 ducum
2025 2073 2307 2127 superborum
2326 2071 2404 2112 de-

1375 2148 1532 2189 struxit
1563 2146 1823 2188 Dominus.»

1430 2223 1494 2260 15.
1506 2218 1612 2261 Vidi
1628 2221 1801 2259 cunctos
1815 2217 2021 2266 viventes,
2033 2217 2111 2255 etc.
2123 2214 2199 2254 Hic
2213 2214 2407 2266 tangitur

1377 2289 1561 2331 secundo
1611 2287 1773 2328 malum
1825 2286 1903 2325 sibi
1951 2284 2178 2325 succedens
2236 2285 2408 2336 propter

1377 2373 1499 2403 suam
1540 2358 1894 2412 imprudentiam,
1940 2356 2040 2409 qula
2079 2356 2170 2408 ipse
2203 2354 2405 2408 deprimi-

1377 2436 1464 2484 tur,
1502 2434 1543 2472 et
1580 2431 1688 2471 alius
1719 2428 1961 2477 extollitur;
1982 2427 2095 2468 unde
2136 2426 2265 2467 dicit:
2303 2425 2410 2468 Vidi

1379 2506 1551 2546 cunctos
1585 2503 1797 2549 viventes,
1831 2500 1908 2552 qui
1936 2497 2158 2540 ambulant
2193 2497 2268 2539 sub
2299 2495 2408 2546 sole,

1379 2576 1421 2616 id
1455 2577 1549 2624 est,
1584 2573 1741 2613 multos
1779 2573 1820 2612 et
1851 2568 2183 2610 innumerabiles
2225 2568 2408 2621 (hyper-

1381 2647 1521 2698 bole),
1563 2655 1658 2686 cum
1703 2642 1961 2685 adolescente
2005 2638 2220 2690 secundo,
2252 2638 2293 2678 id
2319 2641 2410 2688 est,

1382 2718 1457 2772 qui
1477 2728 1577 2757 eum
1598 2713 1790 2766 sequitur
1808 2712 1852 2752 in
1871 2722 2023 2763 regno,
2046 2709 2160 2749 unde
2181 2708 2305 2749 dicit:
2332 2708 2414 2756 Qui

1383 2789 1601 2840 eonsurqet
1625 2794 1701 2838 pro
1719 2794 1779 2825 eo.
1803 2781 1854 2822 Et
1874 2782 1931 2821 ita
1949 2780 2020 2821 alii
2050 2781 2290 2832 sequuntur
2310 2779 2411 2819 ado-

1382 2860 1609 2901 lescentem
1633 2887 1646 2906 ,
1703 2851 2010 2894 contemnendo
2054 2861 2212 2890 senem.
2258 2848 2414 2890 Exem-

1383 2930 1504 2983 plum
1535 2927 1586 2967 de
1616 2923 1775 2973 David,
1798 2922 1872 2975 qui
1903 2920 2125 2972 consurgit
2154 2919 2199 2960 in
2227 2931 2415 2971 regnum

1386 2998 1511 3048 Saul3
1534 3007 1662 3050 quem
1691 2991 1902 3034 consecuti
1923 2993 2022 3031 sunt
2043 2990 2144 3039 filii,
2166 2990 2314 3031 relicta
2339 2990 2412 3030 do-

1387 3083 1458 3112 mo
1478 3068 1599 3117 Saul,
1629 3075 1863 3115 omnesque
1884 3066 2092 3102 venerunt
2112 3061 2165 3102 ad
2188 3060 2321 3102 David
2342 3074 2351 3101 :
2374 3062 2416 3101 et

1387 3143 1494 3183 ratio
1510 3171 1520 3189 ,
1552 3138 1721 3190 propter
1753 3143 1884 3186 quam
1910 3134 2146 3183 sequuntur
2174 3130 2418 3171 adolescen-

1388 3216 1499 3261 tem,
1521 3209 1666 3250 relicto
1694 3215 1818 3252 sene,
1853 3204 1916 3242 est
1946 3201 2048 3253 quia
2078 3199 2187 3241 nulli
2214 3200 2417 3240 benefecit

1390 3293 1518 3323 senex
1537 3278 1688 3319 stultus
1710 3288 1718 3314 ε
1743 3276 1783 3314 et
1802 3273 1883 3312 hoc
1904 3271 2044 3311 innuit
2069 3270 2206 3310 littera
2236 3280 2417 3321 sequens

1393 3354 1448 3405 (v.
1460 3354 1525 3399 16)
1543 3363 1552 3390 :
1568 3349 1618 3389 1η
1621 3347 1774 3398 finitus
1790 3351 1991 3384 numerus
2002 3345 2062 3382 est
2073 3339 2219 3393 populi
2229 3338 2419 3380 omnium

1392 3424 1467 3477 qui
1488 3421 1663 3473 fuerunt
1679 3417 1776 3458 ante
1793 3424 1887 3455 eum
1898 3445 1911 3463 ,
1933 3412 1974 3452 id
1994 3414 2055 3452 est
2072 3412 2168 3451 ante
2188 3409 2419 3450 adventum

1394 3538 1495 3569 supra
1523 3527 1578 3560 cit.
1608 3543 1649 3549 —
1683 3525 1694 3543 ὃ
1728 3523 1827 3562 Infra,
1854 3530 1888 3560 X,
1917 3523 1946 3551 1.
1973 3536 2012 3541 -
2039 3520 2048 3537 ⁷
2079 3519 2194 3558 Prov.,
2223 3525 2294 3558 3111,
2321 3519 2352 3549 9.
2380 3534 2420 3541 --

1393 3577 1407 3600 8
1428 3578 1539 3616 Dent„
1558 3579 1667 3611 xxxn,
1686 3572 1736 3603 29.
1749 3586 1788 3592 —
1808 3569 1820 3587 ⁹
1836 3568 1932 3607 Sap..
1950 3574 1985 3605 x,
2009 3567 2058 3598 13.
2076 3581 2115 3588 —
2131 3565 2156 3585 ¹⁰
2176 3563 2295 3606 Eccli„
2315 3572 2350 3606 x,
2369 3564 2419 3598 17.
