2633 3878
151 699 233 726 Zetus
243 698 290 725 tri-

151 740 214 774 plex
221 760 227 767 .

177 1697 289 1724 Obiit-31

313 292 390 331 49ss

186 384 290 411 David·
310 382 394 423 fecit
424 377 518 414 :elus
538 383 647 411 meus.
675 371 741 408 Hic
767 373 823 406 est
843 368 947 406 zelus
974 367 1191 403 davidicus.
1214 364 1337 402 David

311 443 439 477 autem
477 437 750 483 interpretatur
786 430 1006 468 misericors
1023 458 1034 475 ,
1071 429 1134 465 vel
1173 428 1334 464 amicus.

309 502 399 547 Quis
419 503 473 538 est
493 509 586 545 crgo
602 497 705 533 zelus
719 496 802 540 iste,
820 494 894 530 nisi
915 492 1019 529 zelus
1037 489 1336 527 miseriem-dim?

306 563 406 599 Talis
424 562 528 598 zelus
549 560 690 596 dicitur
710 555 959 599 tabefaciens,
980 564 1048 589 scu
1068 551 1335 599 liquefaciens,

309 625 402 672 quia
433 622 688 670 compatiens.
725 617 947 656 Notandum
979 615 1109 662 itaque
1142 613 1253 661 quod
1283 614 1338 649 cst

309 686 412 723 zelus
432 683 722 727 miscricordioe,
741 679 913 727 Justitize,
937 676 1134 725 sapientiae
1158 687 1166 711 ε
1186 675 1337 722 primus

311 748 451 784 dicitur
482 743 745 792 co1npaticns;
784 740 980 777 secundus
1008 738 1170 783 faciens;
1205 736 1337 773 tertius

310 810 487 846 audiens.
510 810 559 843 De
579 804 732 853 primo¹
755 815 762 839 :
787 817 805 836 «
821 801 1032 839 Miserebor
1048 800 1176 836 omnis
1195 799 1337 834 domus

310 871 425 908 Israel
442 899 451 916 ,
488 874 522 905 ct
555 877 753 905 assumam
783 865 909 901 zelum
943 874 1014 911 pro
1049 862 1209 899 nominc
1248 870 1336 896 meo

309 937 442 970 sancto
463 946 472 968 :
493 946 509 966 »
530 943 617 968 ecce
639 930 744 967 zelus
764 927 1055 971 misericordiae,
1076 923 1338 970 assumptivas

310 995 446 1032 alionae
466 994 641 1031 miseriae.
666 996 716 1029 Dc
737 990 909 1028 secundo
931 990 945 1011 ²
969 1002 977 1024 ε
1008 1001 1026 1022 (ι
1053 990 1175 1033 Super
1193 984 1337 1021 solium

310 1057 432 1094 David
460 1056 629 1099 sedebit,
657 1058 693 1091 ct
720 1063 836 1100 super
861 1060 1028 1096 regnum
1055 1049 1159 1095 ojus,
1181 1049 1223 1083 ut
1249 1056 1339 1082 con-

310 1118 436 1155 firmet
456 1117 569 1160 illud,
586 1120 621 1153 et
641 1115 870 1153 corroboret
888 1110 1108 1158 injudicio,
1125 1112 1160 1145 et
1176 1108 1336 1156 justitia,

310 1181 471 1224 amodo,
489 1183 524 1216 ct
545 1189 668 1226 usquc
689 1177 728 1213 iu
747 1176 1027 1223 sempiternum
1053 1185 1061 1209 :
1086 1173 1191 1210 zelus
1213 1172 1338 1209 Domi-

310 1244 350 1279 ni
371 1242 610 1279 exercituum
630 1239 744 1277 t'acict
762 1238 849 1274 hoc.
873 1251 891 1271 »
924 1239 1017 1273 Ecce
1038 1235 1142 1272 zelus
1168 1234 1335 1281 J'ustitiae.

312 1307 360 1341 De
381 1305 490 1342 tertio
508 1307 520 1323 ²
545 1317 552 1340 :
581 1318 597 1336 «
613 1303 724 1338 Auris
743 1301 813 1338 zeli
834 1300 944 1336 audit
964 1298 1142 1336 omnia.»
1165 1297 1264 1333 Talis
1284 1300 1338 1333 est

310 1368 413 1403 auris
443 1366 633 1403 auditoris
666 1363 865 1412 sapientire
884 1361 1074 1399 zelatoris.
1110 1362 1203 1396 Ecce
1233 1359 1338 1395 zelus

308 1428 521 1476 sapientiae.

626 1521 813 1557 Artt'culus
837 1519 1019 1555 secundus.

357 1614 557 1653 Secundus
589 1613 727 1660 liquet,
751 1622 840 1648 cum
865 1609 1045 1647 scribitur
1073 1622 1081 1645 ι
1113 1609 1209 1652 Quia
1235 1609 1339 1644 obliti

309 1683 405 1715 sunt.
445 1676 545 1721 Quid
585 1675 689 1711 enim
724 1677 780 1711 est
814 1673 988 1716 oblivio,
1031 1671 1104 1707 nisi
1139 1669 1338 1706 memoriae

310 1739 547 1777 lubricatio?
587 1740 630 1773 iit
672 1739 790 1781 nota,
831 1734 940 1782 quod
977 1731 1247 1780 vituperabilis
1284 1735 1339 1768 est

311 1801 529 1846 memoria,
576 1810 662 1847 quae
706 1799 876 1845 quatuor
918 1794 1238 1832 memorabilium
1283 1796 1338 1830 est

310 1865 459 1909 oblita,
487 1862 632 1899 scilicet
664 1861 806 1897 divinae
838 1849 1128 1906 praeceptionis,
1159 1855 1337 1904 prohibi-

309 1927 438 1970 tionis,
467 1922 752 1973 promissionis,
773 1925 809 1957 et
829 1918 1158 1964 comminationis,
1178 1921 1338 1966 propter

308 1987 529 2035 periculum
550 1985 798 2028 omissionis,
825 1981 1135 2025 commissionis,
1157 1980 1336 2016 amissio-

309 2051 394 2096 nis,
421 2053 457 2086 et
489 2046 748 2086 admissionis.
784 2048 834 2082 De
862 2044 990 2092 primo
1024 2043 1164 2079 dicitur
1183 2043 1196 2063 Δ
1219 2054 1227 2078 :
1263 2042 1337 2079 «Si

310 2112 421 2149 obliti
452 2121 586 2147 sumus
619 2119 765 2146 nomen
796 2107 860 2144 Dei
892 2106 1035 2152 nostri,
1064 2109 1099 2142 et
1128 2105 1159 2140 si
1192 2115 1339 2152 expan—

311 2175 440 2210 dimus
459 2184 598 2210 manus
619 2174 771 2208 nostras
796 2169 847 2206 ad
878 2170 997 2205 Deum
1023 2167 1207 2204 alienum.
1231 2180 1248 2200 »
1273 2166 1337 2203 Hic

310 2235 459 2272 oblivio
478 2235 642 2271 refertur
663 2233 714 2269 ad
733 2230 1051 2280 praeceptionem,
1077 2228 1265 2275 expansio
1286 2228 1337 2264 ad

309 2297 631 2345 prohibitionem.
663 2297 713 2332 De
740 2292 914 2329 secundo
934 2293 947 2314 ⁵
971 2303 978 2326 :
1006 2304 1022 2324 (ι
1053 2293 1238 2327 Fecerunt
1256 2300 1338 2326 ma—

310 2360 393 2396 lum
422 2359 462 2395 in
495 2360 705 2404 conspectu
738 2354 913 2399 Domini,
943 2357 980 2390 et
1012 2352 1122 2389 obliti
1154 2354 1242 2388 sunt
1271 2351 1337 2388 Dei

310 2421 383 2466 sui,
404 2421 612 2457 servientes
628 2417 786 2454 Baalim.
810 2429 829 2451 r»
849 2416 915 2452 Hic
934 2414 1084 2451 oblivio
1105 2413 1268 2450 refertur
1286 2413 1338 2450 ad

309 2482 630 2531 1›rohibit30nem.
667 2483 715 2516 De
745 2478 855 2516 tertio
892 2478 1071 2516 scribitur
1104 2488 1127 2514 a
1164 2476 1337 2513 Psalmo-

311 2545 461 2593 grapho
483 2546 496 2566 ⁶
535 2557 542 2580 :
583 2557 599 2576 «
630 2542 745 2580 Obliti
781 2544 870 2578 sunt
901 2542 1035 2586 Deum,
1074 2539 1142 2587 qui
1175 2538 1338 2575 salvavit

310 2618 403 2653 cos,
423 2620 440 2640 n
463 2606 628 2654 supple,
658 2605 698 2641 in
717 2614 799 2651 spe.
830 2602 894 2639 Hic
913 2602 1077 2639 refertur
1108 2600 1255 2637 oblivio
1286 2599 1337 2636 ad

309 2668 624 2717 promissionem.
648 2669 699 2703 De
721 2667 860 2713 quarto
886 2663 900 2685 ⁷
923 2677 930 2701 :
959 2677 975 2697 α
995 2662 1205 2711 Adimplcti
1225 2664 1335 2707 sunt,

311 2735 347 2768 et
365 2731 521 2768 saturati
542 2730 796 2767 elevaverunt
815 2738 882 2764 cor
902 2737 1031 2773 suum,
1063 2729 1098 2763 et
1118 2725 1230 2762 obliti
1250 2727 1339 2761 sunt

311 2794 413 2837 mei,
435 2795 471 2829 et
492 2802 565 2839 ego
592 2802 658 2828 ero
680 2790 734 2827 eis
763 2789 876 2837 quasi
893 2789 1015 2825 leaena
1030 2815 1042 2832 ,
1063 2787 1162 2824 sicut
1189 2786 1338 2834 pardus

312 2855 351 2891 in
380 2855 444 2891 via
476 2855 734 2902 Assyriorum.
766 2867 782 2888 n
809 2853 874 2889 Hic
908 2851 1070 2888 refertur
1101 2849 1250 2887 oblivio
1286 2847 1337 2884 ad

313 2917 671 2954 comminationem.

649 3018 836 3054 Articulus
864 3018 1006 3052 tertius.

359 3105 526 3143 Tertium
544 3103 668 3149 lucet,
689 3113 778 3139 cum
798 3100 961 3138 traditur
980 3111 988 3136 :
1016 3099 1131 3136 Verba
1151 3102 1227 3134 tua.
1255 3099 1337 3134 Haec

312 3171 400 3206 sunt
417 3167 540 3205 verba
555 3163 868 3209 comminatoria,
882 3163 919 3198 et
935 3161 1025 3198 ideo
1046 3160 1167 3207 digna
1187 3169 1337 3196 memo-

312 3232 383 3277 ria,
421 3229 619 3277 praecipue
656 3229 816 3276 propter
854 3224 926 3261 tria
961 3235 969 3260 :
999 3226 1082 3259 tum
1119 3222 1213 3269 quia
1250 3223 1338 3257 sunt

311 3293 433 3329 verba
452 3291 603 3336 fidelia,
630 3289 752 3326 verba
770 3285 1054 3331 formidabilia,
1076 3283 1198 3320 verba
1221 3283 1336 3319 inter-

314 3353 516 3391 minabilia
537 3365 545 3389 ε
566 3352 684 3400 plane
703 3349 861 3396 fidelia,
881 3349 1072 3397 quantum
1093 3345 1145 3383 ad
1161 3347 1339 3382 tenorem

358 3451 514 3491 ¹Ezech.‚
531 3459 649 3491 xxxix,
667 3451 718 3482 25.
738 3465 776 3472 -
797 3448 809 3470 ²
829 3448 906 3488 isa„
928 3455 974 3487 ix,
995 3447 1027 3478 7.
1044 3462 1085 3469 —
1100 3444 1112 3464 ³
1127 3444 1222 3485 Sap„
1245 3450 1265 3483 ι,
1289 3444 1338 3475 10.

314 3517 355 3525 -
373 3499 489 3531 ⁵Psal.
509 3506 609 3539 ηιμ,
633 3500 684 3530 21.
710 3514 751 3520 -
770 3497 784 3519 ⁵
801 3495 922 3535 Judic„
945 3501 1003 3533 ιιι,
1026 3494 1059 3525 7.
1078 3510 1119 3516 -
1137 3492 1149 3510 ⁶
1169 3489 1261 3523 psal.
1283 3497 1339 3530 CV,

315 3550 366 3580 21.
397 3563 436 3570 -
464 3547 477 3568 '¹
505 3546 589 3584 Ose„
617 3552 700 3584 1111,
727 3545 765 3584 6,
797 3544 828 3575 7.
854 3557 895 3565 -
926 3542 938 3559 ·
965 3539 1056 3573 psal.
1085 3546 1198 3579 cxuv,
1230 3537 1280 3569 13.
1300 3553 1340 3561 -

1014 275 1284 319 Ext‘OSlTio
1315 274 1365 316 lN
1397 271 1744 316 PSALTERtUM.

1415 363 1560 411 eloquii
1575 375 1585 409 3
1608 362 1677 399 scd
1695 360 1978 405 formidabilia,
1999 361 2190 407 quantum
2204 361 2254 398 ad
2269 361 2440 409 rigorem

1409 425 1575 471 judicii;
1602 423 1671 460 scd
1694 421 2024 466 interminabilia,
2046 423 2239 468 quantum
2259 422 2310 458 ad
2329 423 2440 461 dolo-

1413 497 1496 524 rem
1516 485 1709 533 supplicii.
1744 487 1793 521 De
1824 484 1952 532 primo
1979 494 2050 531 per
2079 482 2320 520 psalmistam
2347 485 2442 521 dici-

1413 551 1475 584 tur
1495 549 1508 570 ⁸
1543 561 1551 584 ς
1591 561 1608 580 «
1642 546 1777 583 Fidelis
1810 545 1994 582 Dominus
2025 545 2066 580 in
2097 544 2283 581 omnibus
2311 545 2442 583 verbis

1414 610 1520 646 suis:
1550 623 1566 641 »
1592 618 1684 654 ergo
1713 606 1808 643 etin
1836 607 1966 643 verbis
1987 606 2294 643 comminatoriis
2315 619 2324 643 :
2353 617 2441 645 cccc

1413 671 1535 708 verba
1554 669 1713 714 tidelia,
1734 679 1802 704 seu
1832 667 2049 704 credibilia.
2084 670 2132 704 De
2167 668 2342 705 secundo
2374 679 2444 717 per

1415 732 1646 779 Prophetam
1671 730 1849 777 psallitur
1870 731 1883 751 ⁰
1911 742 1919 766 :
1954 742 1970 762 «
1999 732 2027 765 A
2048 729 2178 766 verbis
2210 729 2285 766 tuis
2312 730 2445 767 sormi-

1415 794 1522 830 davit
1542 804 1609 829 cor
1630 803 1777 838 meum,
1793 805 1810 824 n
1829 794 1865 828 et
1884 791 2054 827 maxime
2072 801 2094 827 a
2108 791 2439 829 comminatoriis:

1415 865 1504 891 ecce
1525 854 1647 891 verba
1668 853 1949 890 formidabilia.
1984 855 2033 890 De
2060 853 2171 890 tertio
2195 855 2221 876 ¹⁰
2244 865 2252 889 :
2280 866 2299 887 «
2319 854 2444 891 Verba

1414 928 1502 953 mea
1530 927 1609 952 non
1640 915 1895 963 primm-ibunt
1926 927 1935 951 :
1962 929 1979 949 »
2013 925 2102 951 ecce
2133 915 2255 952 verba
2273 915 2443 952 intermi-

1414 977 1587 1024 nabilia3
1611 978 1704 1026 quia
1729 977 1994 1024 proculdubio
2014 981 2143 1014 manet
2165 977 2441 1025 comminatio,

1414 1042 1597 1077 manente
1618 1040 1857 1077 comminuto
1879 1039 2086 1087 supplicio.

1739 1147 1924 1181 Articulus
1951 1148 2118 1191 quartus.

1462 1229 1650 1272 Quartum
1679 1228 1817 1273 claret,
1851 1239 1941 1264 cum
1968 1227 2140 1275 sequitur
2163 1239 2172 1264 ε
2196 1229 2342 1264 Inimici
2360 1230 2442 1265 mei.

1414 1290 1484 1334 Qui
1522 1292 1611 1327 sunt
1648 1289 1719 1335 illi,
1759 1300 1859 1337 quos
1896 1290 2079 1328 inimicos
2116 1289 2284 1332 dicebat,
2328 1298 2445 1337 super

1415 1362 1586 1399 quorum
1603 1351 1787 1388 vecordia
1801 1351 2038 1396 tabescebat,
2057 1350 2131 1387 nisi
2147 1361 2247 1398 quos
2265 1351 2444 1388 inimicos

1415 1413 1567 1450 Domini
1610 1413 1914 1459 cognoscebat?
1954 1416 2007 1451 lta
2044 1411 2218 1460 profecto
2254 1412 2445 1459 probatur

1413 1475 1535 1524 ipsius
1564 1476 1805 1522 testimoni03
1841 1475 1894 1512 ait
1923 1475 2029 1512 enim
2058 1475 2086 1498 ¹¹
2123 1486 2130 1510 :
2164 1487 2183 1508 «
2210 1476 2345 1511 Nonne
2376 1474 2444 1522 qui

1415 1538 1584 1575 oderunt
1603 1541 1637 1574 te
1654 1566 1665 1584 ,
1699 1538 1884 1583 Domine,
1905 1538 2090 1584 oderam,
2113 1539 2150 1574 et
2170 1547 2287 1584 super
2317 1535 2444 1573 inimi-

1398 1610 1481 1638 ·cos
1516 1603 1603 1638 tuos
1637 1601 1921 1637 tabescebam?
1950 1600 2120 1637 Perfecto
2151 1599 2245 1636 odio
2280 1599 2442 1637 oderam

1413 1662 1515 1706 illos,
1539 1666 1576 1699 et
1594 1662 1742 1698 inimici
1769 1662 1857 1698 facti
1877 1664 1966 1698 sunt
1985 1661 2093 1698 mihi.
2115 1674 2131 1695 ι)
2158 1662 2222 1698 Dei
2241 1672 2336 1699 vero
2354 1662 2443 1698 sunt

1414 1724 1573 1770 inimici,
1597 1725 1661 1771 qui
1683 1724 1798 1771 hujus
1818 1724 1947 1760 saeculi
1968 1726 2057 1760 sunt
2077 1723 2206 1769 amici,
2222 1723 2330 1771 quia,
2344 1723 2443 1761 sicut

1413 1786 1594 1822 scribitur
1616 1784 1657 1831 ¹²,
1681 1799 1697 1819 «
1719 1786 1958 1833 quicumque
1988 1785 2152 1823 voluerit
2184 1786 2333 1823 amicus
2360 1796 2442 1822 esse

1413 1848 1528 1894 hujus
1554 1847 1682 1883 saeculi
1699 1876 1708 1893 ,
1731 1847 1910 1883 inimicus
1937 1847 2000 1884 Dei
2033 1847 2290 1884 constituitur.
2312 1861 2330 1882 »
2353 1849 2444 1892 Quae

1413 1919 1504 1946 vcro
1525 1910 1653 1956 major
1675 1909 1874 1954 vecordia,
1895 1920 2016 1956 quam
2032 1909 2244 1946 amicitiam
2266 1909 2443 1947 divinam

1413 1974 1663 2009 contemnere
1683 1982 1755 2019 pro
1776 1971 2006 2008 mundana?
2026 1973 2070 2008 Et
2088 1973 2194 2016 nota,
2216 1971 2326 2020 quod
2345 1971 2444 2010 tales

1412 2032 1557 2069 inimici
1580 2033 1872 2080 distinguuntur
1892 2033 2139 2070 distinctione
2158 2033 2300 2082 triplici
2317 2045 2326 2070 :
2349 2044 2443 2072 nam

1413 2096 1478 2133 alii
1514 2096 1695 2133 dicuntur
1734 2095 1946 2142 infirmati,
1981 2096 2048 2133 alii
2083 2096 2338 2144 locupletati,
2376 2096 2444 2133 alii

1413 2159 1591 2205 exaltati3
1613 2161 1650 2195 ct
1668 2161 1758 2194 sunt
1780 2158 1999 2195 trimembri
2021 2159 2444 2207 concupiscentiairre-

1414 2223 1493 2259 titi:
1516 2223 1701 2270 quidam,
1737 2222 2051 2268 concupiscentia
2081 2222 2232 2268 carnis3
2263 2222 2442 2270 quidam,

1413 2284 1727 2331 concupiscentia
1769 2283 1998 2329 oculorum3
2034 2283 2221 2331 quidam,
2254 2283 2442 2331 superbia

1412 2347 1512 2383 vitre.
1538 2349 1586 2383 De
1619 2345 1754 2392 primis
1783 2345 1924 2391 legitur
1950 2346 1978 2367 ¹³
2001 2358 2011 2381 :
2044 2359 2060 2378 «
2081 2345 2153 2388 Qui
2173 2345 2362 2382 tribulant
2379 2356 2442 2382 me

1412 2409 1558 2445 inimici
1574 2407 1665 2453 mei,
1680 2407 1755 2456 ipsi
1770 2407 1956 2444 infirmati
1976 2410 2076 2452 sunt,
2092 2409 2129 2443 et
2153 2407 2381 2444 ceciderunt
2396 2419 2404 2444 :
2421 2420 2439 2443 »

1412 2481 1500 2507 cccc
1528 2469 1675 2506 inimici
1706 2469 1914 2513 infirmati,
1949 2479 2120 2516 quorum
2152 2468 2376 2506 infirmitate
2407 2472 2445 2506 et

1411 2532 1630 2569 lubricitate
1677 2531 1918 2578 dignoscitur
1956 2530 2123 2567 Ecclesia
2160 2530 2354 2568 tribulari.
2395 2532 2444 2568 De

1412 2593 1594 2631 secundis
1614 2593 1639 2614 Η·
1662 2605 1670 2629 :
1697 2593 1837 2630 «Facti
1862 2594 1952 2629 sunt
1980 2592 2111 2629 hostes
2139 2592 2222 2640 ejus
2247 2592 2289 2629 in
2319 2592 2444 2640 capite

1412 2657 1508 2703 ejuS,
1540 2658 1576 2692 et
1607 2654 1754 2691 inimici
1783 2655 1865 2701 ejus
1897 2654 2123 2702 locupletati
2152 2657 2242 2692 sunt
2269 2666 2277 2691 ε
2301 2667 2318 2689 n
2354 2664 2443 2691 ecce

1411 2717 1560 2754 inimici
1586 2716 1834 2764 locupletati,
1856 2716 1993 2764 quales
2017 2718 2107 2753 sunt
2132 2715 2314 2754 nonnulli
2335 2715 2443 2764 prin-

1412 2780 1516 2828 cipes
1551 2782 1586 2816 et
1626 2779 1796 2826 praelati,
1835 2780 2015 2816 vacantes
2050 2777 2252 2826 cupiditati
2287 2777 2451 2826 potIus„

1412 2852 1532 2890 quam
1561 2840 1750 2877 charitati.
1782 2842 1833 2876 De
1854 2840 1972 2878 tertiis
2003 2839 2185 2877 scribitur
2212 2850 2237 2877 a
2265 2839 2440 2879 Psalmo-

1411 2903 1562 2951 grapho
1592 2903 1618 2925 ¹5
1644 2915 1651 2939 :
1679 2902 1866 2939 «Inimici
1892 2902 2045 2940 Domini
2065 2913 2186 2949 mox,
2214 2904 2258 2939 ut
2282 2901 2442 2940 honori·

1411 2966 1514 3003 ficati
1539 2964 1703 3012 fuerint,
1738 2967 1775 3001 et
1804 2964 1981 3011 exaltati,
2021 2964 2267 3009 deficientes,
2302 2973 2442 3012 quem-

1412 3027 1630 3066 admodum
1670 3027 1825 3075 fumus,
1859 3026 2072 3064 deficient:
2103 3039 2121 3063 »
2165 3036 2254 3064 ecce
2295 3025 2444 3063 inimici

1412 3090 1583 3137 exaltati,
1602 3100 1773 3138 quorum
1793 3089 1910 3137 culpa
1930 3091 1966 3126 et
1984 3099 2103 3137 poena
2121 3089 2384 3127 connotantur
2401 3087 2443 3125 in

1411 3153 1535 3191 verbo
1555 3152 1746 3200 praesenti.

1841 3253 2012 3295 Epilogus.

1461 3340 1520 3378 Ait
1540 3351 1634 3387 ergo
1654 3339 1989 3387 psalmographus
1999 3367 2012 3386 ,
2032 3337 2208 3376 divinam
2225 3333 2442 3375 commina-

1414 3441 1424 3460 n
1446 3440 1535 3473 Psal.
1555 3440 1643 3480 hoc,
1675 3441 1746 3471 161,
1774 3456 1815 3461 -
1845 3439 1869 3461 ¹⁰
1894 3437 2031 3478 Manli„
2058 3445 2152 3478 xxiv,
2174 3439 2225 3470 35.
2246 3455 2286 3461 —
2309 3440 2331 3460 ¹¹
2357 3438 2444 3472 Psal.
2480 3412 2488 3424 ⁸

1415 3495 1589 3528 cxxxviii,
1610 3488 1667 3528 21,
1690 3488 1744 3518 22.
1759 3503 1800 3508 —
1820 3485 1846 3508 ¹²
1864 3485 1948 3525 lacn,
1966 3492 2012 3526 1v‚
2034 3487 2063 3517 4.
2082 3502 2123 3508 -
2145 3484 2173 3507 ¹⁸
2191 3485 2281 3518 Psal.
2300 3493 2396 3526 xxvi,
2413 3488 2443 3519 2.

1414 3553 1454 3559 —
1475 3535 1501 3556 ¹⁸
1519 3534 1650 3574 Thr-en„
1670 3541 1694 3574 1,
1715 3535 1745 3566 5.
1763 3550 1803 3557 —
1824 3533 1846 3552 ¹⁵
1864 3531 1955 3564 Psal.
1977 3539 2096 3572 xxxw,
2116 3533 2167 3564 20.

2491 1677 2604 1704 Inimici

2462 1717 2515 1745 Dei
2542 1718 2602 1752 qui.
