2633 3878
23 3091 106 3117 Oculi
119 3099 151 3117 ra

20 3131 155 3159 tionales.

1060 250 1302 292 PSALMUS
1332 250 1503 292 CXVIII.

212 346 272 380 tus
291 343 611 389 incitamentum,
644 342 790 379 scilicet
809 341 892 389 spei
912 340 1155 377 debilitatem
1176 350 1244 376 ex-

210 405 350 454 pressit
363 416 497 443 versus
515 404 758 453 praecedens;
777 403 996 440 secundum
1011 403 1241 440 incitamen-

211 470 319 513 tum,
346 468 529 504 videlicet
548 466 641 502 fidei
662 466 873 502 exilitatem
894 464 1076 512 exprimit
1107 475 1244 501 versus

209 541 394 578 praesenS‚
408 531 448 566 in
465 540 545 577 quo
561 528 754 575 Propheta
775 528 849 564 sub
870 527 1094 574 poenitentis
1114 527 1242 573 figura

211 593 272 630 vel
290 592 418 629 forma
439 590 621 639 exprimit
641 592 677 626 et
697 590 893 637 expromit
921 600 1001 637 quo
1021 589 1142 625 modo
1164 599 1242 625 ere-

209 654 323 699 didit,
343 665 422 702 quo
440 652 606 690 eredidit
620 680 630 697 ‚
647 652 744 700 quid
764 652 944 697 eredidit,
967 654 1128 698 propter
1142 651 1241 698 quid

209 716 374 754 credidit
395 728 403 753 :
424 716 500 752 hoc
532 717 613 760 est,
647 717 777 751 actum
807 714 1008 750 difficilem
1022 741 1033 760 ,
1067 713 1241 750 intellec-

208 781 292 815 tum
305 778 546 826 disparilem,
562 776 767 814 materiam
780 776 1046 821 umbratilem,
1061 775 1240 813 notitiam

208 840 526 877 desiderabilem.

545 938 728 973 Articulus
750 938 905 983 primus.

251 1026 425 1063 Primum
459 1025 712 1073 praenotavit,
753 1035 846 1061 cum
880 1025 963 1061 ait:
990 1027 1198 1070 Defecerant
1227 1039 1237 1062 :

204 1098 291 1125 ecce
306 1087 501 1124 defectum
519 1087 622 1124 cirea
642 1086 830 1124 credendi
845 1086 1040 1124 effectum.
1064 1088 1238 1124 Defectus

202 1152 259 1187 est
276 1149 399 1188 facilis
413 1177 425 1194 ,
446 1149 636 1197 quoniam
658 1149 818 1186 effectus
847 1149 1031 1185 difficilis.
1059 1150 1238 1187 Facilitas

202 1211 375 1249 defectus
410 1211 632 1248 manifestat
682 1211 953 1248 difficultatem
989 1211 1161 1249 effectus.
1195 1215 1238 1249 Et

199 1273 442 1319 notandum,
465 1273 576 1321 quod
596 1273 700 1310 circa
730 1273 920 1310 credendi
942 1273 1123 1310 effectum
1141 1273 1235 1310 faci-

199 1336 286 1373 liter
318 1336 531 1383 deficiunt,
567 1347 667 1384 quos
697 1336 934 1382 mundante,
964 1337 1141 1373 carnales
1159 1365 1171 1383 ‚
1200 1341 1237 1374 et

200 1398 410 1435 diabolieae
458 1398 692 1435 tentationes
748 1399 1001 1436 vehementer
1044 1398 1231 1436 afficiunt.

199 1460 364 1497 Mundus
384 1460 547 1508 quidem
567 1460 686 1498 afficit
704 1471 773 1508 per
791 1460 972 1497 timorem
983 1473 994 1507 ;
1017 1471 1133 1506 caro,
1163 1472 1235 1508 per

199 1522 380 1559 dolorem
393 1535 404 1568 3
432 1522 642 1568 diabolus,
663 1533 735 1570 per
759 1523 968 1570 pudorem.
1003 1522 1131 1559 Prima
1165 1523 1234 1559 de-

196 1584 311 1621 fectio
340 1584 572 1631 prohibetur
598 1587 637 1620 ¹:
665 1586 849 1621 «Fratres
866 1613 876 1629 ,
908 1585 1029 1621 nolite
1061 1584 1233 1622 deficere

195 1645 482 1684 benefacientes
502 1646 543 1682 in
563 1646 729 1682 Domino
749 1647 838 1682 Jesu
857 1647 1020 1683 Christo.
1033 1648 1060 1693 »ζ
1075 1646 1231 1683 Procul-

196 1708 320 1746 dubio
338 1708 603 1752 benefaciunt,
624 1710 661 1745 ct
669 1707 955 1745 benefaciendo
972 1708 1096 1744 fidem
1115 1719 1230 1746 suam

194 1771 455 1820 patefaciunt,
477 1773 542 1820 qui
564 1773 764 1810 ministros
782 1772 919 1809 Christi
947 1772 1167 1820 recipiunt,
1195 1775 1231 1809 et

194 1837 370 1882 receptos
389 1834 592 1878 reficiunt;
615 1845 638 1871 a
657 1845 738 1882 quo
757 1845 838 1882 prae
856 1834 996 1872 timore
1022 1833 1228 1870 mundano

193 1895 372 1944 plerique
385 1896 583 1933 deficiunt.
599 1896 779 1933 Secunda
793 1896 958 1933 defectio
977 1895 1176 1932 inhibetur
1191 1897 1224 1932 ²:

198 1974 214 1991 «
236 1957 485 2005 Disciplinam
505 1958 678 2004 Domini,
699 1958 756 1994 fili
775 1958 853 2003 mi,
873 1969 923 1994 ne
945 1958 1131 2004 abjicias3
1155 1968 1228 1995 nec

195 2020 373 2064 deficias,
394 2031 482 2056 cum
499 2020 551 2057 ab
573 2031 619 2057 eo
641 2020 895 2068 corriperis.»
917 2019 1018 2057 Nulli
1040 2019 1225 2066 dubium,

192 2082 290 2129 quin
309 2093 333 2119 a
352 2082 488 2119 divina
507 2082 716 2130 disciplina
743 2082 923 2126 deficiat,
947 2082 977 2118 si
999 2082 1086 2129 quis
1106 2092 1226 2130 prop-

190 2147 247 2181 ter
266 2144 393 2181 carnis
412 2144 596 2181 dolorem
616 2144 755 2181 Christi
774 2144 898 2180 fidem
917 2144 1082 2190 rejiciat.
1102 2144 1226 2181 Tertia

190 2206 354 2244 defectio
382 2207 602 2253 cohibetur,
627 2207 697 2244 ubi
717 2207 859 2244 dicitur
887 2208 937 2245 ab
966 2207 1156 2255 Apostolo
1177 2208 1190 2229 ³
1214 2219 1222 2243 :

192 2271 346 2314 «Peto,
378 2280 427 2306 ne
461 2269 653 2307 deficiatis
685 2271 725 2307 in
768 2269 1094 2307 tribulationibus
1126 2269 1224 2306 meis

189 2342 260 2378 pro
291 2331 430 2378 vobis,
467 2343 554 2379 quae
586 2335 642 2368 est
672 2332 801 2379 gloria
828 2335 1008 2369 vestra.»
1032 2333 1099 2369 Hic
1129 2332 1225 2380 petit

187 2393 418 2440 Apostolus,
445 2404 494 2430 ne
514 2393 654 2430 fideles
682 2394 724 2430 in
743 2394 821 2431 fide
843 2394 1054 2439 deficiant,
1076 2394 1107 2430 si
1129 2394 1223 2430 doc-

188 2458 312 2491 torem
326 2454 418 2491 fidei
432 2456 611 2492 tribulari
625 2456 892 2503 conspiciant,
909 2467 979 2493 nec
1000 2456 1039 2492 id
1058 2456 1222 2503 pudoris

189 2516 401 2564 deputent,
422 2516 492 2554 sed
509 2517 666 2554 honori.
1123 2531 1126 2534 ⁴

507 2625 691 2660 Arm-ulus
715 2623 901 2660 secundus.

233 2705 458 2742 Secundum
490 2706 744 2750 subnotavit,
765 2717 856 2743 eum
883 2705 1061 2743 subdidit
1083 2718 1091 2742 ι
1117 2707 1221 2743 Ocuiz‘

185 2769 266 2804 mei.
294 2767 337 2804 Hi
362 2771 453 2805 sunt
471 2769 577 2805 oculi
605 2769 788 2815 rationis,
823 2769 892 2817 qui
920 2779 960 2805 se
988 2768 1137 2805 habent
1166 2769 1218 2805 ad

184 2829 384 2867 credibilis
422 2830 696 2868 excellentiam
725 2831 896 2869 veritatis
920 2834 947 2877 ὓ,
982 2831 1081 2869 sicut
1113 2831 1217 2869 oculi

183 2890 472 2942 vespertilionis
487 2895 538 2932 ad
558 2895 698 2932 solaris
718 2895 973 2933 eminentiam
1000 2895 1182 2932 claritatis
1205 2908 1213 2931 :

183 2965 273 2992 ecce
292 2966 439 3003 magna
459 2957 738 3004 cognoscibilis
757 2960 794 2994 et
813 2957 1065 3004 cognocentis
1085 2957 1215 3005 dispa-

182 3016 321 3062 rilitaS,
355 3021 391 3054 et
409 3018 500 3055 ideo
530 3029 677 3066 magna
701 3019 936 3066 cognitionis
968 3019 1132 3056 exilitas.
1173 3021 1214 3056 Et

152 3104 163 3112 .
181 3078 428 3125 notandum,
449 3080 558 3128 quod
577 3080 637 3117 isti
660 3081 871 3118 rationales
906 3081 1011 3118 oculi
1032 3081 1214 3118 dicuntur

182 3140 402 3186 humiliati,
429 3141 666 3188 illuminati,
698 3143 828 3189 beati;
862 3142 1052 3190 quoniam
1083 3142 1211 3179 humi-

180 3201 325 3239 liantur
344 3207 538 3251 quantum
556 3204 607 3241 ad
627 3204 802 3241 naturale
824 3204 1042 3251 judicium,
1063 3204 1212 3241 illumi-

179 3266 322 3301 nantur
343 3268 535 3313 quantum
554 3265 605 3302 ad
625 3265 921 3314 supernaturale
938 3266 1154 3313 judicium,
1175 3269 1212 3304 et

179 3325 452 3365 beatificantur
472 3330 666 3377 quantum
697 3328 750 3366 ad
781 3328 962 3366 aeternale
986 3328 1206 3376 praemium.

224 3425 278 3456 ¹11
302 3425 424 3466 Thess„
446 3435 502 3467 ιιι,
527 3430 574 3460 13.
596 3445 636 3451 -
662 3429 675 3450 ²
696 3431 802 3467 Pron,
826 3437 882 3467 ιιι,
907 3431 956 3460 tt.
977 3445 1016 3452 —
1045 3428 1056 3446 ³
1075 3427 1206 3469 Ephes„

180 3477 241 3512 11),
268 3473 318 3503 13.
337 3489 379 3496 —
405 3475 418 3495 δ
437 3474 552 3515 Arist„
572 3475 704 3516 Metapa
724 3501 731 3515 ‚
755 3476 812 3507 lib.
838 3476 876 3506 Η.
905 3493 940 3497 -
960 3475 973 3497 ⁵
990 3474 1066 3513 lm,
1091 3482 1132 3513 ει,
1157 3477 1204 3507 Η.

178 3532 219 3540 ·—
235 3519 247 3535 ⁶
264 3518 399 3561 Ephea,
418 3529 447 3562 1,
471 3522 520 3553 18.
544 3538 583 3544 —
609 3523 618 3540 ⁷
636 3523 725 3562 Luc„
750 3531 790 3563 x,
811 3525 860 3555 ⁶23.
884 3540 923 3546 —-
940 3523 950 3541 Β
972 3522 1074 3562 Rom„
1097 3529 1153 3560 ιιι,
1174 3525 1205 3553 2.

2276 260 2354 298 423

1318 343 1368 376 De
1396 339 1525 386 primo
1543 340 1556 362 ⁶
1579 351 1588 376 :
1615 355 1631 373 «
1653 342 1762 378 Oculi
1787 343 1966 380 sublimis
1991 345 2041 392 (a)
2073 345 2244 382 hominis
2278 345 2352 382 hu-

1318 402 1454 438 miliati
1474 403 1564 438 sunt
1585 414 1594 438 :
1617 415 1634 436 »
1658 413 1746 440 ecce
1768 405 1873 441 oculi
1893 405 2089 443 humiliati
2108 407 2259 454 J'udicio
2279 418 2352 445 na-

1318 463 1444 500 turali.
1477 466 1526 500 De
1559 464 1763 501 secundo6
1783 477 1793 500 ε
1817 468 1960 503 «Pater
1991 468 2126 514 gloriae
2152 469 2218 506 det
2235 469 2352 506 vobis

1315 524 1493 572 spiritum
1514 525 1711 573 sapientiae
1725 529 1761 563 et
1778 527 2027 565 revelationis
2047 530 2087 566 in
2105 530 2350 576 agnitionem

1316 587 1425 633 ejus,
1454 587 1696 625 illuminatos
1723 589 1858 626 oculos
1891 590 2022 627 cordis
2052 592 2168 627 vestri
2190 605 2200 628 .·
2221 607 2237 625 »
2261 603 2350 630 ecce

1316 649 1420 684 oculi
1455 648 1665 686 illuminati
1694 650 1846 697 judicio
1880 652 1925 698 (b)
1962 653 2263 700 supernaturali.
2298 656 2348 691 De

1314 710 1425 746 tertio
1444 712 1456 732 ⁷
1480 722 1487 745 :
1514 724 1531 744 «
1552 713 1654 748 Beati
1676 712 1806 759 oculi,
1843 713 1911 761 qui
1933 713 2070 751 vident
2091 725 2180 762 quae
2198 725 2270 752 vos
2288 715 2347 751 vi-

1314 771 1412 809 detis
1433 784 1441 809 :
1465 786 1483 806 ι)
1505 783 1594 810 ecce
1613 774 1718 811 oculi
1738 775 1843 812 beati
1862 776 2024 824 praemio
2044 777 2231 814 aeternali.

1660 879 1842 915 Articulus
1861 882 2004 916 tertius.

1359 960 1529 997 Tertium
1548 961 1772 1007 annotavit,
1792 972 1883 998 cum
1899 962 2054 999 addidit
2073 975 2082 999 :
2105 965 2148 1000 In
2170 965 2348 1010 eloquium

1313 1026 1424 1059 tuum.
1448 1023 1553 1059 Istud
1573 1023 1639 1060 Dei
1664 1023 1870 1071 eloquium
1896 1027 1952 1061 est
1977 1024 2071 1062 fidei
2100 1025 2345 1073 mysterium.

1313 1085 1520 1132 Eloquium
1560 1086 1735 1123 audienti
1766 1086 1961 1133 creditur,
1997 1089 2039 1123 ut
2071 1087 2122 1124 ab
2163 1086 2347 1124 audiente

1312 1147 1506 1190 credatur,
1535 1150 1571 1184 et
1590 1148 1681 1185 fidei
1711 1149 1898 1197 mysteria
1925 1150 2001 1186 sint
2026 1149 2142 1186 nobis
2174 1149 2345 1195 credita,

1310 1212 1345 1246 et
1361 1220 1384 1246 a
1397 1209 1514 1246 nobis
1528 1210 1688 1257 credita,
1697 1211 1809 1258 juxta
1822 1211 1923 1248 illud
1939 1212 2106 1249 verbum
2120 1211 2296 1260 Apostoli
2306 1210 2340 1249 ⁸:

1313 1271 1500 1308 «Credita
1519 1274 1609 1308 sunt
1633 1272 1711 1309 illis
1737 1273 1896 1321 eloquia
1926 1273 2005 1310 Dei.
2026 1287 2043 1308 »
2069 1277 2106 1310 et
2123 1276 2212 1311 nota
2243 1273 2346 1310 circa

1310 1333 1373 1369 Dei
1393 1333 1565 1381 eloquia,
1581 1334 1692 1382 quod
1705 1345 1751 1371 ea
1762 1335 1932 1381 legimus
1951 1336 1990 1372 in
2009 1335 2202 1385 Scriptura
2221 1335 2346 1372 fluen-
2380 1349 2505 1386 Eloquia

1309 1395 1382 1441 tia,
1403 1396 1606 1442 stillantia,
1627 1396 1847 1434 imbuentia
1868 1410 1876 1434 ε
1898 1409 1985 1445 quae
2004 1401 2095 1434 sunt
2112 1398 2237 1435 tribus
2256 1409 2344 1446 per·
2362 1391 2431 1420 ¹³01·

1308 1458 1414 1494 sonis
1434 1458 1578 1494 divinis
1607 1459 1887 1505 congruentia,
1908 1460 1949 1495 in
1970 1463 2163 1507 quantum
2187 1460 2345 1498 realiter

1307 1519 1553 1566 indistantia,
1573 1521 1645 1558 sed
1665 1522 1905 1568 originaliter
1925 1522 2110 1560 distantia
2124 1551 2134 1567 ,
2155 1522 2254 1560 sicut
2272 1534 2344 1571 pa-

1306 1585 1358 1618 tet
1372 1583 1413 1618 in
1432 1592 1520 1619 rore
1540 1582 1707 1629 fluente,
1728 1584 1890 1621 ssuendo
1911 1584 2098 1629 stillante,
2118 1584 2283 1621 fluendo
2305 1587 2342 1622 et

1305 1643 1491 1680 stillando
1517 1655 1650 1681 aerem
1674 1646 1888 1682 imbuente.
1917 1647 2018 1683 Patri
2046 1657 2221 1694 namque
2249 1657 2343 1683 con-

1305 1704 1412 1742 venit
1429 1705 1569 1753 fluere3
1590 1706 1685 1743 Filio
1698 1734 1710 1751 ,
1729 1707 1894 1753 stillare3
1913 1708 2069 1755 Spiritui
2086 1711 2221 1745 sancto
2233 1737 2246 1754 ,
2267 1708 2340 1745 im-

1304 1767 1439 1804 buere.
1462 1767 1670 1805 Enimvero
1691 1769 1789 1806 sicut
1809 1780 1855 1806 ex
1878 1772 1984 1806 Patre
2004 1770 2143 1816 Filius,
2165 1773 2201 1807 et
2220 1781 2302 1808 non
2319 1783 2340 1809 e

1305 1839 1523 1875 converso,
1559 1830 1614 1867 sic
1634 1842 1682 1867 ex
1702 1834 1791 1869 actu
1822 1831 1972 1868 fluendi
2003 1834 2111 1869 actus
2140 1832 2338 1880 stillandi‚

1304 1895 1340 1929 et
1361 1903 1442 1930 non
1464 1903 1484 1929 e
1515 1903 1721 1930 converso.
1755 1896 1798 1930 Et
1832 1894 1929 1931 sicut
1958 1906 2006 1931 ex
2037 1897 2146 1932 Patre
2177 1897 2214 1932 et
2243 1895 2339 1934 Filio

1303 1955 1464 2001 Spiritus
1484 1958 1640 1992 sanctus
1656 1985 1667 2002 ,
1689 1956 1744 1993 sie
1765 1967 1813 1993 ex
1839 1957 1989 1994 fluendi
2016 1961 2052 1994 et
2079 1958 2254 1995 stillandi
2274 1969 2339 1996 ac-

1302 2017 1406 2054 tibus
1425 2019 1604 2065 procedit
1622 2019 1830 2056 imbuendi
1863 2022 1984 2056 actus.
2019 2022 2071 2057 De
2104 2020 2233 2068 primo
2266 2032 2339 2069 per

1300 2080 1461 2127 Moysen
1495 2079 1635 2116 dicitur
1665 2081 1679 2102 ⁹
1715 2092 1724 2116 :
1761 2092 1779 2114 «
1810 2080 1920 2118 Fluat
1960 2083 2003 2117 ut
2035 2092 2101 2118 ros
2133 2081 2337 2130 eloquium

1301 2153 1435 2178 meum
1453 2154 1461 2178 :
1479 2155 1496 2176 υ
1510 2153 1599 2179 ecee
1620 2143 1828 2190 eloquium
1840 2142 1981 2180 fluens.
1998 2146 2048 2181 De
2066 2144 2244 2181 secundo
2265 2156 2336 2193 per

1299 2204 1372 2241 Job
1393 2205 1577 2241 asseritur
1595 2204 1621 2226 ¹⁰
1643 2217 1679 2241 :«
1688 2206 1810 2253 Super
1829 2205 1919 2241 illos
1939 2205 2111 2243 stillabat
2131 2205 2334 2254 eloquium

1299 2276 1434 2302 meum
1457 2278 1466 2302 ε
1489 2280 1506 2301 »
1532 2277 1620 2303 eece
1647 2266 1852 2314 eloquium
1873 2267 2036 2304 stillans.
2060 2270 2111 2305 De
2131 2268 2244 2305 tertio
2264 2279 2336 2316 per

1299 2328 1522 2375 Sapientem
1548 2328 1730 2365 scribitur
1749 2328 1773 2350 ¹¹
1797 2341 1805 2365 :
1828 2342 1845 2363 «
1864 2330 1948 2376 Ipse
1967 2333 2157 2377 tanquam
2187 2329 2336 2367 imbres

1297 2390 1420 2426 mittet
1439 2390 1599 2438 eloquia
1619 2390 1820 2438 sapientiae
1838 2393 1936 2428 sure:
1950 2405 1967 2426 n
1985 2391 2114 2428 imber
2129 2395 2260 2428 autem
2281 2392 2334 2429 ab

1297 2452 1516 2488 imbuendo
1555 2452 1697 2489 dicitur
1736 2465 1744 2488 :
1777 2463 1866 2489 ecce
1900 2453 2102 2501 eloquium
2133 2454 2331 2491 imbuens.

1297 2515 1392 2550 Ecce
1417 2514 1608 2551 nonnulla
1629 2514 1887 2551 consonantia
1906 2514 2007 2551 inter
2028 2515 2091 2552 Dei
2113 2516 2274 2563 eloquia
2295 2518 2333 2553 et

1295 2575 1390 2612 fidei
1409 2575 1619 2623 mysteria,
1639 2575 1680 2612 in
1697 2579 1889 2624 quantum
1910 2576 2053 2613 divinis
2068 2577 2249 2625 personis
2268 2587 2330 2614 re-

1295 2637 1544 2685 spondentia.

1626 2737 1808 2772 Articulus
1833 2740 1998 2783 quartus.

1341 2827 1527 2870 Quartum
1563 2825 1788 2872 denotavit,
1825 2836 1916 2863 cum
1955 2826 2055 2863 dixit
2087 2839 2095 2864 :
2129 2829 2293 2866 Dicentes
2313 2830 2326 2866 ἐ

1294 2889 1444 2933 Quando
1464 2888 1699 2925 consolaberis
1720 2899 1773 2925 me
1788 2891 1806 2925 ?
1827 2890 1900 2927 Ista
1921 2889 2138 2928 consolatio
2159 2893 2216 2928 est
2232 2891 2326 2930 fidei

1289 2950 1553 2987 remuneratio
1574 2978 1585 2996 ,
1620 2950 1731 2996 qu'us
1762 2950 1899 2987 dilatio
1931 2954 1987 2988 est
2017 2952 2147 2989 fidelis
2179 2953 2321 2991 animae

1291 3012 1495 3049 desolatio.
1516 3013 1559 3048 Et
1576 3014 1670 3048 nota
1690 3012 1801 3060 quod
1818 3013 2037 3060 specialiter
2055 3014 2128 3051 ista
2147 3016 2324 3053 consola-

1289 3074 1389 3112 toria
1419 3073 1650 3119 retributio,
1679 3084 1748 3110 seu
1784 3075 2036 3112 retributoria
2079 3076 2320 3123 consolatio,

1290 3140 1346 3174 est
1373 3135 1557 3181 enutritis,
1579 3135 1752 3173 veritatis
1766 3165 1777 3182 ,
1797 3139 1834 3173 et
1852 3136 2039 3174 bonitatis
2059 3138 2203 3175 divinae
2224 3149 2313 3176 con·

1287 3197 1503 3246 templatio.
1526 3198 1668 3235 Entitas
1689 3209 1802 3236 suam
1822 3199 1993 3247 speciem
2012 3199 2296 3238 demonstrabit
2304 3213 2317 3248 ;

1286 3260 1428 3298 veritas
1451 3270 1565 3297 suam
1591 3259 1732 3298 faciem
1760 3260 1970 3298 illustrabit
1985 3274 1995 3307 ;
2028 3261 2185 3298 bonitas
2204 3272 2319 3298 suam

1286 3322 1463 3371 requiem
1489 3322 1736 3360 ministrabit.
1758 3324 1809 3360 De
1837 3323 1966 3371 primo
1982 3323 2038 3360 ¹²:
2064 3336 2082 3358 α
2101 3326 2206 3371 Ego,
2243 3335 2317 3373 ego

1284 3432 1325 3439 —
1342 3415 1356 3436 ⁹
1377 3414 1487 3451 Dent„
1507 3419 1628 3451 xxxu,
1645 3414 1677 3442 2.
1697 3427 1737 3434 -
1758 3411 1784 3433 ¹⁰
1801 3409 1882 3450 Job,
1903 3418 1986 3442 xxix
2002 3435 2012 3451 ‚
2030 3412 2082 3442 22.
2100 3429 2141 3435 —
2160 3412 2182 3435 ¹¹
2198 3412 2317 3455 Βαὰλ,

1286 3469 1403 3500 xxxix,
1423 3464 1453 3491 ιι.
1477 3476 1514 3482 -
1535 3459 1561 3479 ἲ·
1582 3459 1731 3497 Isa.,1.i,
1754 3460 1802 3490 ¹2.

1324 3518 1368 3558 (a)
1395 3515 1488 3555 Γαίῃ.
1510 3513 1682 3546 sublimes.
1701 3530 1740 3536 —
1758 3512 1803 3553 (b)
1828 3513 1908 3545 Coel.
1923 3512 2002 3545 edil.
2022 3513 2159 3551 indicio.
