2633 3878
48 1374 127 1401 Servi
143 1383 186 1401 sa-

49 1420 72 1442 ta
79 1424 93 1441 n
100 1424 131 1442 32.

207 280 284 318 350

205 374 286 401 non
304 365 455 399 tantum
471 360 689 407 loquuntur
709 357 757 394 de
777 357 899 403 malo,
918 360 954 393 et
968 356 1091 393 modo
1109 355 1232 399 malo,

204 426 273 462 sed
299 425 414 461 etiam
438 422 516 458 fine
547 420 666 458 malo.
690 422 739 456 De
756 419 885 468 primo
907 419 917 439 ¹
939 431 948 455 ε
975 433 990 452 «
1011 419 1143 455 Simon
1164 427 1232 452 au-

203 492 279 524 tem
298 485 554 534 pecuniarum
575 486 610 520 et
629 482 763 530 patriae
788 481 940 518 delator
968 480 1070 517 male
1093 480 1232 526 loque-

203 550 317 584 batur
337 547 385 583 de
406 546 523 587 Onia:
548 559 565 578 n
589 545 707 592 plane
736 543 839 580 male
863 542 1117 589 loquebatur,
1140 540 1233 587 quia

204 611 252 646 de
282 609 388 645 malo
417 607 667 655 loquebatur,
690 609 726 642 et
752 605 901 641 malitia
929 606 1011 639 crat
1042 601 1232 650 loquendi

202 672 380 709 materia.
415 673 463 707 Dc
496 670 695 714 secundo,
730 669 797 704 ubi
833 667 931 703 dixit
964 665 1149 702 Dominus
1181 665 1233 701 ad

203 734 333 770 Laban
356 734 368 755 ²
386 746 393 769 :
413 747 429 766 «
445 735 566 776 Cave,
586 742 635 767 ne
654 730 875 778 quidquam
897 738 1034 775 aspere
1057 726 1234 774 loquaris

204 798 339 833 eontra
366 795 486 831 Jacob
510 807 517 829 :
547 808 565 826 n
595 793 663 828 ubi
690 791 922 839 prohibetur
942 800 1023 827 non
1042 787 1233 835 loquendi

203 858 396 902 materies,
417 856 483 893 scd
507 855 714 892 maneries.
737 856 787 890 De
804 853 917 890 tertio
935 854 948 876 ³
966 865 974 888 :
993 854 1075 888 «Ne
1091 855 1233 887 tcmcrc

205 920 300 968 quid
332 918 529 967 loquaris,
558 928 686 965 neque
721 927 788 953 cor
820 919 931 952 tuum
962 915 1009 950 sit.
1037 914 1154 950 velox
1183 913 1234 948 ad

203 981 484 1029 proferendum
506 989 728 1016 sermonem
750 988 883 1014 coram
906 980 996 1013 Deo.
1014 990 1030 1010 η
1057 975 1121 1011 Hic
1141 984 1233 1021 pro-

203 1044 361 1080 hibetur
382 1042 610 1079 tcmerarius
629 1039 820 1088 loquendi
839 1038 950 1084 finis,
970 1037 1033 1074 vel
1058 1036 1233 1081 intentio,

205 1105 273 1153 qui
292 1116 372 1142 non
392 1106 497 1152 patet
518 1102 707 1148 audienti,
730 1101 798 1138 sed
821 1103 911 1137 Deo.

535 1209 716 1243 :trtz'culus
743 1210 905 1254 quartus.

255 1292 463 1329 curiositas
487 1301 582 1327 vero
601 1289 775 1337 patescit,
796 1300 886 1325 cum
907 1286 1236 1333 psalmographus

208 1357 436 1406 superaddit
470 1369 477 1392 :
513 1356 640 1391 Servus
672 1357 787 1390 autem
822 1358 904 1389 tuus
936 1353 1163 1388 emercabatur
1197 1353 1236 1386 in

203 1419 524 1466 jtiste'ficationibus
558 1420 651 1453 tuis:
678 1428 723 1453 ac
751 1416 782 1452 si
811 1415 1003 1452 diceretur
1032 1413 1202 1461 apertius
1227 1425 1234 1449 :

208 1485 334 1519 Servus
364 1486 444 1518 tuus
478 1481 705 1518 exercebatur
732 1481 770 1514 in
801 1480 874 1514 tuis
886 1477 1234 1523 Justz'ficaciom'bus;

207 1546 276 1583 sed
307 1544 405 1581 servi
434 1547 576 1580 satanae
609 1541 851 1589 suspicantes
881 1539 1054 1585 sinistre,
1082 1549 1237 1575 exerce-

207 1609 349 1645 bantur
367 1607 407 1643 in
427 1606 505 1642 suis
525 1602 893 1642 mordicationibus.
917 1604 959 1638 Et
975 1604 1069 1638 nota
1089 1600 1138 1637 de
1158 1611 1237 1636 ser-

206 1672 263 1706 vis
284 1673 441 1714 satanae,
460 1667 627 1715 qualiter
644 1667 822 1713 oporteat
839 1675 906 1701 eos
927 1674 1120 1700 exercerc.
1141 1666 1238 1700 Nam

207 1741 411 1769 servorum
429 1727 718 1775 hujuscemodi,
739 1726 903 1774 quidam
922 1729 1011 1762 sunt
1027 1725 1135 1770 mali,
1154 1724 1238 1772 qui-

208 1795 301 1831 dam
319 1793 488 1841 pejores,
507 1790 670 1839 quidam
689 1789 846 1837 pessimi
865 1801 872 1824 :
896 1798 1067 1835 quorum
1087 1786 1237 1834 primos

208 1858 361 1903 oportet
381 1864 498 1902 opere
520 1852 729 1896 inclinare3
752 1850 947 1887 secundos
967 1849 1131 1885 verbere
1152 1848 1237 1884 dis—

207 1917 394 1965 ciplinare
429 1929 436 1952 z
466 1915 598 1951 tertios
632 1914 752 1950 latere
783 1912 1032 1959 sanguinare.
1077 1913 1127 1946 De
1157 1910 1237 1958 pri-

207 1980 280 2016 mis
292 1981 302 2000 ³*
320 1992 328 2015 :
344 1992 359 2013 «
373 1979 537 2015 Servum
552 1976 741 2012 inclinant
755 1974 1003 2022 operationes
1020 1972 1205 2009 assiduae:
1218 1986 1233 2006 »

207 2054 294 2079 eece
323 2041 423 2079 servi
444 2039 537 2077 mali
565 2041 600 2075 et
625 2038 725 2086 pigri
747 2036 960 2074 inclinatio.
985 2037 1034 2071 De
1055 2033 1237 2071 secundis

207 2105 312 2141 idem
367 2117 374 2140 ε
401 2118 417 2136 «
441 2102 567 2148 Panis,
590 2104 625 2137 et
642 2099 864 2147 disciplina,
885 2101 921 2135 et
942 2108 1040 2145 opus
1061 2107 1196 2142 servo3
1218 2108 1234 2129 »

208 2178 296 2203 ecce
331 2165 431 2202 servi
459 2164 604 2212 pejoris
637 2161 914 2209 disciplinatio.
950 2162 999 2196 De
1031 2159 1150 2195 tertiis
1184 2159 1196 2180 ⁶
1226 2171 1234 2194 :

211 2244 228 2263 «
249 2230 364 2265 Servo
384 2227 555 2275 pessimo
576 2225 678 2262 latus
699 2224 934 2270 sanguinare
947 2235 957 2268 3
979 2235 997 2255 »
1022 2231 1110 2257 ecce
1137 2220 1237 2256 servi

207 2290 363 2338 pessimi
386 2287 648 2335 sanguinatio.

640 2395 808 2436 Epilogus.

256 2480 349 2517 Dicit
375 2489 468 2525 crgo
498 2477 558 2513 vir
581 2477 706 2523 Justus
734 2474 785 2511 ab
813 2473 965 2520 injustis
986 2472 1183 2519 inspectus
1203 2473 1241 2507 ct

210 2543 430 2590 despectus,
446 2540 684 2587 inspectores
705 2547 796 2573 suos
816 2546 898 2572 non
919 2534 1152 2582 despiciens,
1169 2532 1239 2569 sed

208 2605 431 2653 inspiciens,
451 2614 532 2639 non
553 2600 722 2638 exterius
743 2598 960 2643 recitando,
983 2596 1052 2633 sed
1078 2596 1239 2632 interius

208 2667 458 2712 meditando,
486 2664 696 2702 abusiones
723 2672 861 2699 eorum
890 2659 959 2708 qui
987 2662 1132 2695 temere
1155 2658 1241 2694 des-

208 2732 419 2778 pexerunt,
441 2728 534 2775 quia
559 2725 764 2763 temerarie
792 2724 1045 2771 inspexerunt
1067 2733 1074 2757 :
1097 2722 1241 2756 Etenim

209 2795 372 2829 sederant
388 2821 397 2837 ,
438 2794 626 2837 tanquam
662 2786 840 2834 injuriosi
877 2785 1030 2832 judices
1071 2783 1241 2820 alienam

206 2854 395 2900 justitiam
434 2856 573 2889 temcrc
611 2850 857 2897 judicantes3
897 2849 1085 2892 Principes
1100 2872 1113 2890 ,
1156 2847 1240 2879 tan-

211 2928 331 2965 quam
349 2915 485 2952 furiosi
504 2917 775 2961 usurpatores,
801 2910 975 2947 alienum
999 2909 1063 2955 jus
1089 2906 1164 2943 sibi
1184 2909 1240 2942 te-

211 2989 317 3015 mere
342 2977 616 3021 vendicantes3
639 2978 671 3010 et
697 2974 885 3009 adversum
913 2981 966 3007 me
993 2970 1240 3016 loquebantur,

211 3046 401 3089 tanquam
421 3037 681 3081 murmurosi,
703 3036 872 3072 actiones
889 3044 996 3070 meas
1019 3031 1239 3069 mordican-

211 3108 286 3149 tes,
309 3111 428 3140 sertus
448 3104 566 3137 autem
595 3104 677 3135 tuus
707 3098 936 3134 exercebatur
956 3098 994 3131 z'n
1014 3097 1086 3130 tuis
1102 3094 1242 3140 justifi-

213 3165 435 3206 cationibus,
466 3162 555 3199 licet
582 3160 694 3198 aliter
722 3158 900 3196 videatur
929 3156 1152 3204 aliquibus,
1175 3153 1242 3202 qui

214 3229 323 3264 erant
343 3225 493 3262 curiose
515 3223 768 3271 suspicantes.

564 3370 712 3397 VERSICU
719 3369 785 3396 Lus
811 3367 892 3394 VIII.

263 3480 425 3516 emam
438 3482 468 3514 et
484 3477 684 3514 testimonia
699 3479 775 3518 tua,
791 3475 862 3509 etc.
874 3471 973 3516 Quia
989 3467 1062 3505 viri
1073 3465 1165 3514 justi
1179 3465 1246 3501 de-

215 3542 335 3580 fectus
353 3539 467 3578 traxit
486 3537 679 3584 originem
697 3546 745 3572 ex
767 3534 968 3581 despectu,
987 3533 1024 3568 et
1039 3528 1246 3576 despectus

904 265 1178 310 EXPOSITIO
1207 263 1261 306 IN
1292 261 1643 306 PSALTERlUM.

1309 364 1357 389 ex
1377 352 1518 389 affectu
1532 364 1542 397 ;
1570 353 1607 388 et
1632 351 1811 396 aspectus
1837 358 1883 384 ex
1911 347 2076 392 effectu3
2096 347 2243 386 idcirco
2264 349 2334 386 ad-

1307 414 1491 451 hibendis
1518 411 1703 450 remediis
1735 411 1837 446 circa
1872 408 2100 457 despectum
2133 411 2170 445 et
2203 420 2336 457 aspec-

1308 480 1405 521 tum,
1436 476 1534 512 sicut
1563 475 1603 511 in
1634 473 1759 510 tribus
1787 471 2009 520 praenotatis
2033 470 2234 507 versiculis
2257 472 2337 517 ple-

1308 539 1396 574 nius
1428 540 1483 574 est
1517 546 1745 584 expressum
1756 547 1766 582 3
1802 535 1842 570 in
1875 535 1950 570 hoc
1975 535 2115 581 quarto
2141 532 2336 569 versiculo

1309 600 1519 636 adhibetur
1533 598 1756 635 remedium
1770 596 1872 633 circa
1891 597 2022 643 ipsum
2043 595 2238 639 effectum,
2259 594 2335 631 dif-

1309 662 1457 698 finitive
1484 660 1670 696 dictando
1697 659 1809 695 illum
1834 658 2056 694 nullatenus
2077 656 2336 693 deserendum

1310 726 1471 772 propter
1509 720 1726 769 opprobria
1765 719 2111 767 exprobrantium,
2146 721 2337 766 tanquam

1309 784 1563 822 laudabiliter
1583 785 1802 829 acceptum,
1823 784 2064 828 perceptum,
2088 782 2337 828 conceptum,

1309 847 1522 893 inceptum.
1564 847 1676 882 Istam
1716 842 2017 891 quadruplicem
2069 841 2262 879 rationem
2299 842 2339 878 in

1309 907 1490 956 praescnti
1516 906 1703 954 proponit
1732 904 1926 941 versiculo
1957 904 2008 940 ad
2039 915 2117 940 suae
2142 903 2339 941 sententiae

1311 969 1651 1006 confirmationem
1683 980 1691 1004 ε
1723 967 1906 1003 videlicet
1935 966 2225 1014 acceptionem,
2251 976 2339 1013 per-

1311 1033 1552 1081 ceptionem,
1573 1031 1892 1079 conceptionem,
1912 1029 2175 1077 inceptionem
2205 1042 2214 1066 :
2242 1039 2339 1076 qua-

1310 1107 1399 1132 rum
1418 1094 1549 1142 prima
1566 1093 1734 1141 pertinet
1760 1092 1812 1128 ad
1833 1091 2053 1129 sensualem
2075 1091 2315 1128 audientiam
2327 1105 2337 1138 3

1311 1156 1485 1195 secunda
1507 1156 1558 1192 ad
1584 1154 1887 1191 intellectualem
1906 1153 2188 1201 perspicaciam
2200 1167 2210 1200 3
2230 1153 2342 1190 tertia

1312 1220 1363 1257 ad
1389 1218 1635 1256 effectualem
1661 1217 2010 1264 complacentiam3
2034 1217 2173 1263 quarta
2198 1216 2250 1252 ad
2278 1227 2342 1253 ac-

1311 1282 1458 1318 tualem
1479 1279 1775 1327 experientiam.

1643 1385 1831 1420 Articulus
1856 1385 2008 1430 primus.

1360 1471 1556 1515 Quantum
1576 1467 1627 1504 ad
1647 1467 1839 1514 primum,
1861 1466 1913 1503 ait
1944 1479 1952 1503 :
1974 1468 2066 1504 Nam
2086 1468 2119 1502 et
2141 1469 2344 1505 testimonia

1313 1538 1390 1570 tua.
1413 1535 1498 1569 Haec
1519 1534 1608 1568 sunt
1626 1530 1796 1567 veritatis
1816 1529 2059 1575 testimonia,
2084 1541 2171 1577 quae
2194 1530 2344 1578 accepit

1313 1594 1526 1632 audientia.
1547 1596 1591 1630 Et
1608 1595 1717 1638 nota,
1735 1593 1845 1640 quod
1862 1592 2129 1639 multipliciter
2149 1591 2344 1639 accipiun-

1312 1661 1373 1695 tur
1389 1657 1519 1693 divina
1540 1655 1760 1692 testimonia
1778 1667 1786 1690 :
1805 1654 2039 1702 plerumque
2054 1664 2125 1701 per
2142 1653 2340 1701 auditum3

1311 1720 1547 1768 plerumque
1566 1728 1637 1765 per
1656 1717 1804 1762 visum3
1825 1716 2060 1763 plerumque
2079 1726 2151 1762 per
2172 1716 2341 1753 tactum:

1311 1782 1440 1828 primo
1472 1780 1595 1816 modo
1626 1778 1869 1826 accipiuntur
1902 1777 2125 1814 testimonia
2155 1777 2255 1824 oris3
2289 1788 2344 1814 se-

1312 1844 1444 1880 cundo
1457 1871 1467 1889 ,
1504 1831 1727 1879 testimonia
1763 1840 1911 1887 operis;
1948 1839 2061 1876 tertio
2076 1867 2087 1885 ,
2124 1839 2344 1876 testimonia

1312 1905 1524 1943 resuscitati
1547 1904 1736 1952 corporis.
1761 1905 1811 1939 De
1832 1902 1962 1949 primo
1983 1900 2124 1937 dicitur
2141 1902 2155 1924 ⁷
2177 1913 2185 1937 :
2212 1914 2228 1935 ιι
2245 1900 2346 1937 Vivi-

1312 1968 1386 2004 fica
1417 1978 1504 2013 me,
1541 1969 1578 2003 et
1615 1964 1836 2003 custodiam
1869 1963 2089 2000 testimonia
2122 1962 2201 1999 oris
2226 1962 2301 2008 tui,
2323 1977 2340 1996 »

1312 2029 1425 2077 quasi
1447 2029 1551 2066 dicat
1571 2041 1579 2065 :
1605 2029 1759 2073 Vivifica
1777 2037 1831 2063 me
1849 2037 1920 2074 per
1938 2025 2072 2072 gratiae
2091 2025 2343 2071 medIcinam,

1313 2095 1350 2128 et
1368 2092 1570 2128 custodiam
1589 2101 1660 2138 per
1679 2099 1837 2126 morum
1854 2087 2116 2135 disciplinam,
2140 2089 2345 2124 testimonia

1313 2156 1386 2190 oris
1410 2155 1480 2198 tui,
1501 2163 1589 2200 quae
1609 2150 1773 2198 accipiet
1791 2149 1991 2186 audientia
2013 2159 2084 2196 per
2107 2149 2342 2185 doctrinam.

1313 2218 1363 2252 De
1397 2214 1592 2259 secundo,
1631 2224 1702 2260 pcr
1739 2211 2027 2258 Evangelistam
2063 2210 2244 2247 scribitur
2277 2211 2290 2232 ⁸
2333 2222 2341 2246 z

1316 2290 1334 2311 «
1354 2277 1502 2324 Opera,
1524 2287 1611 2324 quae
1636 2286 1709 2321 ego
1734 2274 1836 2311 facio
1865 2274 1905 2310 in
1931 2273 2091 2310 nomine
2112 2272 2232 2310 Patris
2250 2271 2342 2317 mei,

1311 2339 1394 2376 haec
1420 2337 1688 2376 testimonium
1709 2336 1917 2384 perhibent
1936 2335 1985 2372 de
2006 2346 2067 2371 mc
2079 2347 2090 2381 3
2113 2347 2130 2369 »
2152 2334 2264 2383 quasi
2283 2333 2343 2370 di-

1313 2404 1372 2438 cat
1403 2413 1411 2438 :
1449 2401 1566 2447 Opera
1596 2411 1673 2446 quoe
1703 2410 1763 2445 eqo
1795 2400 1914 2443 facio,
1942 2408 2025 2434 non
2051 2397 2246 2441 humana,
2275 2395 2345 2432 sed

1312 2463 1443 2500 divina
1461 2462 1622 2508 virtute,
1646 2462 1885 2497 testimoniam
1904 2459 2092 2506 perhibent
2109 2459 2152 2494 de
2171 2468 2261 2494 mea
2281 2456 2342 2493 di-

1311 2525 1485 2562 vinItate.
1523 2517 1576 2561 'De
1602 2523 1715 2560 tertio
1739 2524 1753 2545 ⁹
1781 2535 1789 2559 ε
1820 2535 1837 2556 «
1862 2521 2005 2557 Virtute
2032 2530 2177 2567 magna
2202 2519 2343 2556 redde-

1312 2588 1408 2625 bant
1436 2587 1604 2635 apostoli
1633 2584 1903 2622 testimonium
1929 2582 2223 2619 resurrectionis
2256 2582 2346 2617 Jesu

2403 1592 2499 1618 Testi-

2379 1633 2479 1659 monia

2374 1674 2483 1702 divina.

1314 2650 1451 2688 Christi
1473 2647 1626 2686 Domini
1645 2647 1768 2684 nostri
1791 2659 1798 2683 :
1820 2660 1837 2680 >³
1862 2645 2131 2682 testimonium
2150 2653 2345 2680 resurrec-
2374 2643 2385 2654 ⁸

1313 2712 1444 2758 tionis,
1465 2714 1521 2748 est
1539 2709 1805 2747 testimonium
1826 2706 2040 2745 resuscitati
2060 2705 2248 2754 corporis

1630 2815 1820 2850 Articulus
1845 2812 2031 2848 secundus.

1362 2901 1557 2945 Quantum
1577 2897 1629 2934 ad
1649 2895 1882 2941 secundum,
1904 2894 2014 2931 addit
2033 2906 2041 2930 ε
2063 2893 2254 2931 Meditatio
2270 2902 2347 2928 mea

1315 2966 1378 2998 est.
1400 2963 1520 2998 Porro
1541 2958 1744 2995 meditatio
1766 2959 1823 2993 est
1842 2954 2091 3004 perspicaciae
2108 2953 2348 2991 intellectua-

1315 3024 1363 3061 lis
1384 3023 1496 3060 actio.
1518 3021 1619 3066 Quid
1639 3031 1733 3068 ergo
1756 3022 1812 3056 est
1833 3031 1841 3055 :
1866 3019 2084 3055 Testimonia
2106 3020 2168 3053 tua
2194 3016 2347 3052 medita-

1318 3089 1368 3122 tio
1397 3097 1474 3122 mea
1503 3088 1574 3130 est,
1595 3083 1671 3120 nisi
1693 3081 1803 3130 quod
1828 3091 1899 3129 per
1928 3079 2258 3125 testificationem,
2279 3090 2347 3115 seu

1315 3147 1636 3196 praedicationem
1655 3143 1804 3191 accepit
1828 3142 2008 3189 auditus,
2033 3152 2104 3189 per
2127 3140 2347 3178 meditatio-

1316 3222 1408 3248 nem
1435 3209 1610 3258 percepit
1636 3207 1881 3244 intellectus‘?
1914 3207 1956 3241 Et
1983 3207 2095 3250 nota,
2126 3203 2236 3251 quod
2266 3212 2346 3238 non

1316 3272 1551 3310 inconcinne
1574 3270 1667 3307 dicit
1688 3282 1697 3306 ;
1724 3269 1915 3305 Μεάίίαιίο
1942 3278 2020 3303 mea
2046 3278 2055 3302 z
2088 3275 2171 3302 non
2196 3266 2346 3300 tantum

1360 3385 1553 3424 1ΗΜαεΙι.,
1577 3391 1625 3424 ιν,
1646 3385 1676 3414 1.
1696 3381 1762 3405 —-²
1779 3381 1874 3418 Gen„
1896 3386 1993 3418 xxxi,
2017 3379 2069 3409 24.
2086 3394 2127 3400 --
2142 3376 2155 3395 ²
2175 3374 2293 3414 Eccle„
2315 3382 2347 3414 v,

1319 3438 1348 3467 1.
1369 3451 1403 3457 —-
1428 3434 1442 3455 ¹·
1461 3432 1580 3469 Eccli„
1600 3437 1730 3469 xxxm,
1751 3429 1802 3459 27.
1823 3444 1864 3451 —
1889 3427 1902 3448 5
1929 3425 2026 3466 thid„
2053 3425 2107 3456 25.
2133 3440 2175 3447 -
2195 3423 2206 3441 ‘⁵
2230 3422 2348 3463 Ecca„

1317 3489 1406 3522 thi,
1424 3482 1455 3512 5.
1473 3496 1513 3502 —
1530 3480 1540 3498 ⁷
1561 3476 1649 3510 Psal.
1665 3476 1743 3516 hoc,
1764 3476 1814 3507 Π.
1834 3491 1868 3497 -
1888 3473 1901 3495 ⁸
1919 3473 2029 3512 Joan,
2045 3480 2077 3510 x,
2098 3472 2152 3503 25.
2170 3486 2205 3493 -—
2225 3469 2240 3491 ⁹
2261 3469 2346 3511 Act„

1319 3537 1366 3570 iv,
1388 3530 1439 3559 33.

2385 3267 2508 3295 Medita-

2365 3308 2417 3336 tio.
