2633 3878
1121 217 1290 259 CAPUT
1316 217 1384 259 Xl.

182 311 278 363 hoc,
295 311 408 366 quod
421 311 644 353 videbatur
657 309 881 352 retributio
895 307 1112 361 injustitiae
1140 307 1210 360 (a),

182 386 354 436 propter
373 394 504 435 quam
524 381 848 422 assecurabatur
867 379 996 420 homo
1017 378 1061 417 in
1082 377 1210 428 malo,

180 455 222 494 et
238 453 427 506 torpebat
441 452 493 493 ad
505 453 682 492 bonum.
706 449 955 492 Remedium
973 451 1115 489 autem
1132 449 1213 488 hoc

180 523 369 566 consistit
395 525 440 564 in
467 523 802 564 consideratione
828 521 1120 562 retributionis
1145 521 1212 559 fu-

180 598 312 645 turae3
344 598 385 636 et
417 595 621 648 quoniam
651 593 762 634 Deus
792 592 947 633 tribuet
967 592 1015 645 (b)
1039 591 1213 632 benefa-

179 665 390 706 cientibus
412 665 547 716 bona,
570 667 611 705 et
629 663 989 704 malefacientibus
1010 662 1213 703 retribuet

179 736 306 785 mala,
332 736 426 776 ideo
452 736 591 788 primo
614 747 667 776 ex
687 733 1021 775 consideratione
1046 732 1212 785 praemii

177 807 330 848 invitat
351 807 398 859 (c)
424 808 477 847 ad
495 808 655 848 bonum
670 821 680 856 ;
697 806 884 847 secundo
904 818 957 846 ex
980 805 1213 847 considera-

176 878 288 919 tione
318 877 512 931 supplicii
542 879 712 918 revocat
744 889 769 917 a
794 876 931 927 malo,
954 876 1012 917 ibi
1035 886 1102 926 (v.
1125 876 1175 929 8)
1199 890 1208 917 :

175 950 223 991 Sz·
249 950 379 991 annis
408 949 553 990 'multis
581 948 746 990 viscerz'c
775 947 910 997 homo,
935 949 1014 987 etc.
1042 946 1209 987 Bonum

175 1021 334 1071 autem,
345 1019 397 1060 ad
405 1019 517 1072 quod
532 1019 749 1070 invitat(d)
758 1050 767 1068 ,
780 1021 842 1059 est
852 1019 1012 1059 bonum
1028 1019 1208 1070 pietatis,

174 1102 271 1143 quae
291 1090 403 1131 valet
422 1090 474 1131 ad
502 1090 658 1141 omnia,
678 1094 718 1130 et
743 1092 910 1142 propter
931 1101 1061 1141 quam
1080 1089 1212 1129 maxi-

174 1173 243 1202 me
269 1162 374 1213 justi
404 1161 640 1212 salvantur,
677 1161 784 1202 sicut
815 1162 929 1213 patet
953 1159 1067 1212 apud
1093 1160 1210 1202 Μαί-

175 1232 375 1281 ῐΙιωῑιηι’,
410 1232 485 1272 ubi
517 1232 607 1272 sola
636 1244 765 1284 opera
796 1230 1099 1271 misericordiae
1125 1243 1207 1271 nu-

173 1306 409 1343 merantur.
433 1302 530 1343 Ideo
549 1303 748 1343 hortatur
767 1302 836 1342 hic
856 1301 908 1341 ad
929 1313 1058 1354 opera
1078 1301 1210 1341 mise-

172 1373 386 1424 ricordiae,
421 1377 465 1414 et
492 1373 773 1426 eleemosynae
807 1372 1007 1413 faciendae
1040 1376 1212 1425 propter

171 1445 524 1486 retributionem:
558 1448 598 1485 et
628 1445 765 1498 primo
801 1444 1000 1485 hortatur
1028 1446 1074 1483 ut
1105 1443 1211 1483 fiant

171 1515 376 1565 libenter;
410 1517 609 1566 secundo,
641 1518 689 1557 ut
720 1516 824 1556 fiant
850 1515 1129 1565 abundanter,
1151 1514 1209 1554 ibi

174 1594 230 1639 (v.
244 1587 280 1639 ⁶2)
303 1603 310 1628 :
328 1588 541 1639 Dapartes
555 1593 659 1638 octo,
676 1590 771 1637 etc.;
795 1587 932 1638 tertio,
957 1590 1003 1626 ut
1024 1587 1127 1627 fiant
1143 1586 1208 1626 in-

171 1660 397 1708 cessanter,
407 1658 465 1698 ibi
480 1661 536 1710 (v.
548 1658 583 1710 4)
601 1672 609 1697 :
631 1659 711 1704 Qui
722 1658 914 1700 observat
927 1661 1111 1707 ventu-m,
1128 1660 1206 1698 etc.

171 1728 276 1769 Cum
296 1740 401 1781 ergo
424 1728 621 1769 hortatur
644 1732 691 1769 ut
712 1730 815 1768 fiant
835 1729 1074 1769 voluntarie
1095 1731 1136 1768 et
1155 1728 1207 1768 li-

170 1800 332 1850 benter,
373 1801 595 1853 praemittit
629 1801 995 1851 exhortationem,
1030 1803 1071 1840 et
1103 1800 1208 1840 sub-

165 1872 318 1924 jungit
340 1872 681 1913 retributionem.
705 1872 963 1913 Exhortatur
991 1872 1129 1923 igitur
1157 1872 1210 1912 ad

169 1943 350 1984 libenter
370 1943 682 1996 eleemosynam
697 1943 952 1993 faciendam;
972 1943 1067 1984 ideo
1085 1943 1206 1984 dicit:

170 2015 295 2057 Mitte
318 2025 474 2068 panem
494 2018 635 2064 tuum,
666 2015 707 2055 id
731 2017 814 2065 est,
840 2014 1021 2055 libenter
1046 2017 1086 2055 et
1105 2014 1210 2054 libe-

170 2085 314 2126 raliter
347 2086 425 2136 da,
453 2098 540 2127 non
572 2098 647 2139 per
676 2086 986 2135 extorsionem,
1013 2088 1055 2125 et
1087 2085 1208 2137 quasi

170 2161 339 2198 coactus
357 2159 390 2198 ⁴²:
415 2173 433 2195 α
456 2157 757 2210 Unusquisque
774 2160 900 2210 prout
917 2156 1144 2197 destinavit
1165 2156 1209 2196 in

171 2230 295 2269 corde
325 2242 418 2280 suo,
441 2241 528 2269 non
559 2241 612 2269 ex
633 2228 800 2268 tristitia
815 2261 824 2278 ‚
848 2223 926 2268 aut⁴
949 2240 1002 2268 ex
1023 2227 1206 2268 necessi-

170 2303 281 2341 tate:
310 2300 489 2341 hilarem
509 2300 623 2340 enim
651 2299 841 2340 datorem
869 2298 1008 2350 diligit
1035 2298 1161 2339 Deus.
1186 2313 1206 2335 n

171 2372 329 2413 Pcmem
361 2376 503 2421 tuum,
530 2383 618 2411 non
648 2370 836 2410 alienum
855 2370 896 2409 3:
926 2384 945 2407 «
976 2368 1055 2418 Qui
1085 2369 1210 2410 offert

171 2442 427 2482 sacrificium
460 2454 513 2481 ex
548 2440 782 2481 substantia
814 2439 1040 2492 pauperis,
1081 2439 1203 2491 quasi

171 2513 246 2566 qui
259 2512 450 2554 victimat
464 2511 599 2552 filium
615 2511 658 2551 in
673 2513 843 2564 aspectu
863 2510 1009 2563 patris.
1032 2525 1051 2547 ›)
1067 2511 1102 2552 S
1106 2521 1209 2563 uper

173 2588 440 2626 transeuntes
455 2592 612 2634 aquas.-
623 2582 635 2602 ⁶
648 2581 827 2634 «Aquae,
844 2593 948 2633 quas
962 2580 1119 2631 vidisti,
1134 2580 1207 2621 ubi

171 2654 375 2695 meretrix
405 2653 542 2702 sedet,
578 2651 725 2705 populi
757 2654 878 2701 sunt,
914 2652 956 2691 et
989 2653 1152 2701 gentes.
1184 2666 1203 2687 »

173 2725 456 2766 Transeuntes
486 2735 608 2776 aquae
642 2724 762 2770 sunt,
795 2721 869 2774 qui
903 2723 1125 2762 transeunt
1158 2721 1209 2761 de

174 2799 302 2848 gente
319 2796 364 2836 in
384 2797 577 2848 gentem,
607 2796 648 2834 et
671 2793 722 2834 de
750 2805 887 2845 regno
918 2792 970 2833 ad
1002 2791 1209 2845 populum

173 2868 380 2918 alterum3
415 2865 521 2907 tales
552 2868 652 2906 sunt
682 2863 900 2918 peregrini
933 2866 974 2904 et
1005 2863 1206 2915 advenae;

173 2939 262 2979 istis
294 2938 484 2979 facienda
514 2939 578 2978 est
609 2937 878 2989 eleemosyna
904 2936 917 2957 ⁵
945 2947 955 2975 ε
987 2949 1007 2973 «
1038 2933 1209 2987 Frange

175 3011 377 3053 esurienti
404 3023 559 3064 panem
576 3012 700 3051 tuum
715 3041 724 3059 ‚
747 3011 787 3050 et
809 3019 969 3060 egenos
989 3018 1209 3060 vagosque

175 3084 302 3126 induc
320 3083 367 3124 in
386 3083 562 3124 domum
583 3084 718 3123 tuam.
740 3079 851 3122 »Vel
870 3091 996 3132 aquae
1022 3081 1120 3120 sunt
1139 3079 1210 3119 tri-

175 3156 411 3197 bulationes
431 3157 675 3208 praesentes,
692 3154 819 3206 juxta
837 3151 941 3193 illud
962 3151 975 3173 ⁸
994 3163 1004 3192 ε
1030 3166 1049 3189 «
1072 3150 1208 3191 Intra-

176 3230 331 3270 verunt
367 3238 490 3280 aquae
522 3237 659 3279 usque
688 3224 741 3265 ad
771 3223 959 3264 animam
993 3233 1148 3263 meam.
1183 3235 1203 3260 ι)

176 3299 462 3340 Transeuntes
479 3309 602 3350 aquae
623 3298 724 3337 sunt
743 3306 966 3348 pauperes,
988 3295 1030 3334 et
1047 3292 1206 3344 afflicti,

221 3383 228 3401 ¹
249 3381 385 3421 Matth„
405 3389 491 3422 xxV,
513 3381 620 3412 34-40.
642 3397 682 3402 —
697 3379 711 3400 ²
730 3379 754 3409 ll
779 3378 869 3417 Corn,
891 3385 940 3417 lx,
955 3378 986 3409 7.
1004 3393 1046 3399 —-
1061 3376 1074 3398 3
1091 3375 1212 3417 Eccli.,

176 3437 300 3470 xxxw,
320 3431 372 3462 24.
397 3447 437 3453 —
456 3429 467 3447 ⁴
487 3429 600 3469 Apoc„
619 3434 711 3466 xvh,
733 3428 783 3458 15.
806 3443 842 3449 —
864 3426 877 3448 ⁵
894 3426 972 3465 lsa„
995 3431 1099 3464 Lvm,
1117 3425 1149 3455 7.
1172 3441 1208 3447 --

177 3478 190 3499 ⁶
212 3477 298 3509 Psal.
326 3486 451 3519 vam,
476 3479 506 3508 2.
527 3493 567 3500 —
592 3475 604 3497 ⁷
633 3475 722 3515 Luc„
749 3482 821 3515 xiv,
847 3475 896 3506 13.
920 3491 961 3497 —
981 3474 993 3492 ⁸
1011 3472 1127 3512 Eccli.‚
1147 3479 1212 3513 xil,

178 3526 209 3557 2.
230 3543 270 3548 —
289 3525 302 3547 ⁹
322 3525 411 3567 Luc„
431 3532 503 3566 xvr,
524 3526 554 3557 9.
575 3541 615 3548 -
639 3524 664 3545 ¹⁰
684 3523 710 3554 11
733 3522 826 3562 Cora,
849 3529 926 3563 v111,
949 3522 998 3554 14.
1016 3537 1057 3544 -
1077 3521 1098 3540 ¹¹
1119 3520 1208 3561 Luc„

2239 225 2311 262 671

1287 307 1359 360 qui
1379 318 1454 359 per
1473 306 1767 349 tribulationes
1788 311 2011 351 transeunt
2030 310 2081 352 ad
2102 310 2313 363 requiem;

1285 378 1441 418 talibus
1468 380 1530 417 est
1561 377 1826 432 eleemosyna
1858 381 2045 422 facienda
2074 385 2088 407 ⁷
2114 395 2123 422 z
2161 396 2180 419 (ι
2211 380 2317 422 Cum

1284 448 1387 488 facis
1413 447 1678 500 convivium,
1711 461 1814 490 voca
1843 463 2049 504 pauperes
2075 463 2123 492 ac
2142 451 2314 502 debiles,

1286 531 1419 559 caecos
1445 521 1484 559 et
1504 519 1688 559 claudos.
1711 534 1729 557 »
1755 520 1805 560 Et
1827 521 2017 562 redditur
2038 522 2170 562 ratio:
2199 522 2316 573 Quia

1283 594 1377 642 post
1404 594 1591 642 tempora
1622 590 1755 632 multa
1784 592 1976 633 invenies
2006 592 2154 643 illum,
2184 593 2226 633 id
2255 596 2317 633 est

1284 661 1604 702 retributionem
1626 674 1702 713 pro
1722 662 1820 702 illo:
1849 675 1935 702 non
1955 666 2064 714 {ergo
2092 663 2230 704 deficit
2254 675 2318 705 re-

1284 730 1478 780 tributio,
1498 731 1569 771 sed
1591 731 1783 772 differtur
1802 734 1815 756 ⁸
1835 747 1843 772 :
1871 748 1889 770 «
1909 732 2088 773 Benefac
2113 734 2252 785 justo,
2276 736 2317 774 et

1284 801 1475 842 invenies
1504 802 1827 843 retributionem
1851 815 2081 855 magnam,
2109 807 2150 844 et
2176 804 2210 844 si
2232 816 2317 845 non

1284 872 1337 914 ab
1364 873 1477 926 ipso,
1508 876 1619 912 certe
1643 885 1668 912 a
1688 873 1878 914 Domino.
1901 888 1920 911 ›)
1947 874 2051 915 Item
2071 875 2111 915 ⁹:
2136 891 2155 913 «
2176 874 2316 915 Facite

1284 943 1405 985 vobis
1424 943 1583 983 amicos
1603 943 1653 982 de
1673 955 1916 984 mammona
1935 945 2185 997 iniquitatis.
2209 961 2228 983 »

1321 1017 1360 1055 2.
1380 1014 1601 1066 Dapartes
1611 1016 1785 1065 septem,
1799 1016 1878 1054 ete.
1890 1013 1967 1054 Hic
1981 1015 2164 1056 secundo
2179 1017 2317 1057 horta-

1283 1087 1353 1125 tur
1365 1084 1416 1125 ad
1437 1084 1626 1125 dandum
1647 1084 1930 1134 abundanter,
1947 1087 1988 1125 et
2008 1086 2228 1138 praemittit
2246 1099 2316 1128 ex-

1282 1156 1582 1205 hortationem,
1595 1157 1869 1209 etsubjungit
1881 1158 2104 1198 rationem.
2117 1158 2318 1200 Exhorta-

1283 1229 1354 1267 tur
1371 1239 1477 1278 ergo
1493 1227 1546 1267 ad
1564 1226 1882 1278 abundantiam,
1902 1228 2043 1269 d1cens
2060 1242 2069 1268 :
2093 1229 2156 1270 Da
2172 1234 2318 1282 partes

1282 1302 1458 1350 septem,
1492 1308 1652 1340 necnon
1681 1301 1718 1339 et
1747 1302 1858 1348 octo,
1889 1299 1932 1339 id
1963 1302 2048 1350 est,
2082 1300 2315 1341 secundum

1282 1369 1602 1423 possibilitatem
1622 1371 1796 1410 tuarum
1814 1369 1988 1420 virium,
2011 1370 2063 1411 da
2082 1370 2315 1425 eleemosy-

1282 1454 1399 1491 nam,
1421 1444 1483 1492 ut,
1506 1441 1596 1482 sive
1617 1452 1778 1493 pauper
1798 1440 1944 1491 fueris,
1969 1442 2060 1482 sive
2084 1442 2221 1493 dives,
2244 1443 2317 1484 des

1282 1512 1494 1553 bonorum
1514 1514 1690 1552 tuorum
1714 1511 1937 1564 septimam
1967 1515 2006 1552 et
2035 1515 2226 1553 octavam
2241 1545 2251 1562 ,
2274 1513 2316 1554 id

1283 1586 1366 1634 est,
1389 1586 1552 1636 partem
1575 1595 1812 1635 pauperum
1839 1582 1965 1623 facias
1983 1583 2138 1623 honam
2162 1587 2191 1609 ¹⁰
2206 1596 2244 1623 t«
2266 1583 2316 1625 Ut

1282 1658 1423 1694 vestra
1469 1653 1728 1694 abundantia
1773 1653 1945 1694 illorum
1982 1654 2168 1707 inopiam
2214 1668 2312 1708 sup-

1282 1725 1406 1777 pleat.
1430 1740 1449 1763 »
1476 1725 1527 1766 Et
1555 1726 1581 1751 ¹¹
1607 1740 1615 1764 :
1651 1741 1669 1763 (ι
1703 1725 1801 1765 Date
1840 1726 2151 1779 eleemosynam
2186 1727 2236 1767 sle
2265 1739 2315 1768 eo

1283 1796 1396 1849 quod
1417 1799 1620 1849 superest.
1643 1811 1662 1833 »
1689 1795 1785 1836 Ideo
1804 1796 1902 1836 dicit
1920 1811 1929 1836 ε
1961 1797 2030 1838 Da
2050 1801 2196 1849 parles
2215 1807 2313 1849 Sep-

1282 1873 1384 1909 tem:
1402 1880 1477 1920 per
1496 1867 1711 1908 senarium
1733 1867 1847 1907 enim
1867 1867 2162 1920 intelligimus,
2182 1881 2315 1921 quan-

1280 1941 1374 1979 tum
1389 1938 1544 1978 sufficit
1558 1938 1609 1978 ad
1626 1937 1904 1990 supplendam
1918 1939 2209 1979 necessitatem
2222 1951 2314 1991 pro-

1281 2008 1418 2060 priam
1435 2023 1444 2057 ;
1469 2008 1676 2061 quidquid
1696 2008 1808 2048 ultra
1830 2008 1933 2049 illud
1955 2012 2032 2060 est,
2053 2009 2207 2050 dicitur
2227 2020 2316 2063 sep-

1282 2084 1363 2121 tem
1381 2083 1417 2121 et
1434 2082 1538 2130 Octo,
1560 2082 1598 2119 et
1614 2079 1692 2119 hoc
1714 2079 1972 2132 pauperibus
1988 2082 2050 2120 est
2064 2080 2316 2121 distribuen-

1282 2149 1400 2190 dum.
1432 2149 1524 2190 Non
1550 2152 1613 2190 est
1642 2150 1997 2202 congregandum
2024 2150 2068 2190 in
2094 2151 2316 2192 thesauros

1281 2223 1492 2272 terrenos,
1516 2222 1585 2261 sed
1607 2221 1814 2272 coelestes3
1838 2221 1951 2262 unde
1971 2223 2024 2263 ¹²:
2050 2237 2068 2260 «
2093 2222 2316 2264 Thesauri-

1282 2297 1371 2334 zate
1388 2293 1510 2333 vobis
1526 2294 1747 2334 thesauros
1767 2293 1810 2333 in
1831 2293 1950 2344 coelo,
1966 2294 2040 2334 ubi
2057 2306 2134 2334 nec
2148 2306 2313 2347 aerugo,

1281 2377 1359 2405 nec
1386 2365 1500 2405 tinea
1531 2364 1771 2405 demolitur.
1796 2379 1815 2401 n
1841 2363 1892 2405 Et
1919 2363 1948 2388 ¹³
1971 2378 1979 2405 :
2013 2379 2032 2403 (ι
2053 2364 2097 2405 Si
2130 2365 2316 2406 multum

1281 2435 1357 2474 tibi
1389 2435 1540 2484 fuerit,
1576 2435 1841 2475 abundanter
1872 2434 2029 2484 tribue3
2070 2435 2105 2474 si
2137 2447 2313 2488 parum,

1282 2506 1411 2546 etiam
1449 2506 1552 2546 illud
1594 2506 1774 2546 libenter
1806 2505 2015 2557 impertiri
2046 2506 2182 2547 stude.
2214 2521 2233 2543 n
2264 2506 2315 2547 Et

1283 2577 1388 2618 ratio
1406 2577 1479 2630 huj
1489 2590 1538 2618 us
1552 2576 1761 2628 largitatis
1776 2575 1979 2627 redditur,
1998 2588 2097 2617 eum
2111 2577 2310 2619 infertur:

1285 2648 1393 2694 Quia
1420 2649 1621 2701 mnan-a&
1650 2649 1692 2687 et
1720 2646 1944 2699 multiplex
1969 2647 2160 2688 redditur
2182 2649 2311 2699 ratio,

1282 2718 1461 2759 scilicet:
1488 2721 1658 2771 propter
1679 2717 1886 2758 cautelam
1906 2718 2005 2758 mali
2015 2730 2028 2770 3
2053 2719 2166 2760 unde
2185 2719 2308 2761 dicit:

1282 2790 1481 2843 anoras,
1504 2789 1617 2842 quod
1645 2790 1704 2832 sit
1728 2790 1919 2841 futurum
1946 2789 2053 2832 malz·
2074 2800 2199 2843 super
2228 2796 2312 2834 ter-

1282 2873 1397 2904 ram:
1418 2862 1521 2916 quia
1539 2874 1643 2914 ergo
1664 2873 1750 2902 non
1767 2874 1810 2902 es
1824 2863 1978 2913 certUS,
1996 2873 2166 2903 necesse
2184 2862 2314 2904 habes

1282 2933 1360 2974 tibi
1386 2933 1628 2986 providere,
1666 2945 1719 2974 ne
1745 2932 1904 2973 incidas
1924 2933 1969 2973 in
1995 2933 2251 2986 periculum:
2274 2938 2314 2975 et

1283 3006 1521 3047 remedium
1548 3005 1760 3059 optimum
1792 3008 1855 3046 est
1881 3005 2102 3046 abundans
2128 3005 2313 3048 eleemo-

1283 3090 1389 3131 syna
1421 3077 1447 3099 ¹⁴
1469 3092 1476 3118 :
1499 3092 1518 3116 (ι
1550 3077 1758 3118 Conclude
1794 3076 2108 3129 eleemosynam
2139 3077 2183 3118 in
2218 3078 2314 3120 sinu

1282 3148 1496 3202 pauperis,
1518 3151 1559 3190 et
1584 3148 1676 3189 haec
1695 3159 1771 3201 pro
1791 3150 1832 3188 te
1854 3147 2038 3198 rogabit,
2061 3151 2103 3188 et
2120 3147 2316 3191 liberabit

1283 3221 1336 3261 ab
1369 3220 1488 3262 omni
1520 3220 1646 3260 malo.
1683 3233 1702 3256 »
1737 3218 1911 3272 Propter
1944 3219 2314 3272 amplificationem

1284 3292 1425 3334 meriti
1439 3291 1538 3333 dicit
1559 3294 1615 3342 (v.
1634 3290 1696 3344 3):
1720 3290 1777 3333 Si
1793 3290 1958 3343 repletae
1979 3291 2141 3342 fuerint
2160 3293 2311 3345 nubes,

1284 3376 1340 3409 xl,
1373 3371 1424 3401 41.
1452 3385 1492 3391 —
1528 3367 1552 3388 ¹²
1577 3367 1711 3406 Maitlz„
1743 3374 1796 3408 V1,
1827 3368 1878 3398 20.
1908 3384 1948 3390 —
1977 3367 2001 3388 ¹³
2030 3367 2119 3410 Tob„
2149 3377 2193 3409 iv,
2223 3371 2254 3402 9.
2274 3388 2314 3395 ...

1286 3418 1309 3439 ἱ*
1329 3416 1449 3456 Εεείι”.,
1471 3423 1566 3456 xxix,
1590 3418 1639 3447 15.

1327 3470 1372 3509 (α)
1389 3469 1472 3502 Caet.
1490 3468 1569 3500 edit.
1584 3467 1735 3510 justitiae.
1753 3484 1787 3489 -
1808 3465 1853 3508 (b)
1881 3467 1963 3500 Item
1978 3468 2106 3502 tribuit.
2121 3487 2156 3493 —
2175 3470 2213 3512 (c)
2233 3471 2314 3504 Item

1284 3517 1406 3550 mittet.
1428 3533 1468 3541 —
1492 3516 1542 3557 (d)
1564 3517 1646 3548 Item
1668 3514 1824 3547 invitant.
