2633 3878
1005 246 1273 287 Exposlrlo
1306 245 1355 286 ΙΝ
1388 246 1736 288 PSALTERIUM.

1408 337 1601 382 praecepto
1627 335 1824 378 avertitur,
1845 334 1896 370 ad
1914 334 2159 382 prohibitum
2180 338 2430 386 convertitur,

1407 400 1443 433 et
1462 396 1514 432 ad
1538 396 1735 433 interitum
1754 395 1964 442 obligatur.

310 253 386 289 514

660 418 877 446 vnnsleums
902 419 979 445 xvi.

359 525 436 559 176.
462 524 607 568 Erram‘,
625 525 717 559 sicut
748 526 822 559 ovis
842 535 920 569 quoe
935 526 1069 569 periit,
1091 525 1160 558 etc.
1186 524 1240 558 En
1261 533 1332 558 au-
1723 502 1910 537 Armuh‘s
1934 501 2119 537 secundus·

308 585 415 620 distis
446 584 627 631 clypeum
659 585 922 631 spiritualem,
958 584 1102 620 scilieet
1146 583 1332 620 orationis

307 646 501 691 virtutem,
524 645 704 691 exterius,
726 646 898 689 interius,
921 645 1099 692 superius
1118 648 1332 692 protegen-

307 711 398 751 tem,
421 711 555 744 contra
574 707 779 754 passionis,
802 706 1044 751 offensionis,
1064 709 1100 743 et
1120 706 1332 753 separatio-

1454 583 1594 617 Mctum
1615 582 1847 618 infelicitatis
1867 581 2092 629 adaperuit,
2110 581 2291 628 inquiens
2313 594 2321 618 ε
2344 583 2428 626 Quae

1405 645 1529 688 periit.
1559 644 1632 679 Ista
1661 642 1891 689 periclitatio
1920 645 1974 679 est
2001 642 2137 679 mortis
2160 643 2368 690 obligatio,
2395 647 2431 681 et

1408 702 1555 738 idcirco
1577 703 1724 739 timoris
1747 703 1861 740 ratio.
1884 705 1925 739 Et
1943 705 2056 749 nota,
2077 703 2187 750 quod
2205 704 2372 750 legimus
2390 704 2431 741 in

1406 764 1601 810 Scriptura
1628 764 1818 811 triplicem
1847 764 2168 811 periclitationem
2178 777 2189 811 3
2222 768 2258 802 et
2288 776 2430 802 secun·
2468 775 2589 811 Triplex

1408 824 1504 860 dum
1522 824 1716 871 triplicem
1735 824 2073 872 periclitationem,
2094 825 2345 871 intelligimus
2363 826 2431 862 tri-
2449 815 2591 883 P‘fiffiga‘

1406 885 1551 932 plicem
1583 885 1866 932 obligationem
1876 899 1886 932 3
1926 888 1961 922 et
1994 886 2211 923 secundum
2242 887 2434 934 triplicem
2460 895 2589 930 seriptu—

1408 947 1707 993 obligationem‚
1720 947 1934 994 accipimus
1944 947 2137 994 triplicem
2154 948 2303 985 timoris
2317 948 2434 985 ratio·
2452 943 2496 963 ¹⁸⁸·

306 771 366 807 nis
386 771 584 814 timorem3
603 768 814 804 novissime
828 768 999 804 auditote
1015 768 1197 804 virtutem
1211 768 1333 814 ipsius

307 834 575 879 protegentem
592 830 764 874 interius,
779 833 912 866 contra
931 829 1111 866 timorem
1132 829 1332 865 infernalis

307 894 494 930 interitus.
516 892 644 929 Sciens
665 892 769 928 enim
784 892 989 938 Propheta,
1006 892 1114 938 quod
1131 892 1170 927 in
1188 892 1334 927 orantis

308 955 542 992 conscientia
567 955 693 1001 potest
719 953 812 989 oriri
839 953 1120 999 cogitationum
1151 963 1334 989 accusan-

174 2574 288 2607 Triplex

194 2615 255 2640 ovis

175 2663 263 2681 error.

308 1017 403 1053 tium
427 1020 463 1052 et
489 1015 756 1052 excusantium
776 1014 1062 1058 controversia,
1088 1014 1333 1060 cogitationi-

308 1080 381 1115 bus
411 1077 700 1122 accusantibus,
733 1080 863 1112 actum
898 1076 1111 1123 iniquitatis
1141 1076 1335 1113 recitanti-

308 1141 401 1185 bus,
423 1144 459 1177 et
478 1142 625 1176 metum
650 1138 881 1174 infelicitatis
902 1137 1179 1183 excitantibus,
1201 1148 1248 1174 ex
1268 1138 1335 1174 ad-

306 1212 419 1238 verso
440 1199 743 1247 cogitationibus
763 1198 1052 1244 excusantibuS,
1068 1201 1199 1236 actum
1218 1199 1335 1246 aequi—

307 1263 393 1300 tatis
403 1262 666 1306 recitantibus,
680 1264 716 1297 et
726 1271 835 1307 spem
850 1260 1040 1297 felicitatis
1055 1261 1332 1305 excitantibus,-

307 1336 378 1362 nec
409 1326 615 1372 ignorans,
644 1324 834 1371 quoniam
864 1323 1051 1361 orationis
1074 1324 1214 1370 virtuS,
1245 1335 1334 1360 cum

307 1391 435 1434 partes
460 1398 550 1423 suas
576 1386 739 1422 viriliter
760 1385 990 1432 interponit,
1013 1385 1111 1421 inter
1133 1388 1262 1432 partes
1282 1386 1336 1422 al-

307 1452 494 1487 tercantes
509 1447 765 1485 amicabiliter
775 1447 989 1494 componit,
1002 1447 1191 1493 quoniam
1205 1450 1335 1484 actum

307 1510 519 1557 iniquitatis
540 1509 688 1556 expiat,
711 1512 859 1545 metum
876 1507 1120 1545 'infelicitatis
1141 1508 1332 1554 exsufflat,

307 1573 511 1619 praemium
529 1572 721 1609 felicitatis
748 1572 939 1619 postulat,
960 1574 996 1607 et
1016 1571 1199 1607 meritum
1217 1571 1335 1619 aequi-

307 1634 393 1670 tatis
409 1634 553 1681 allegat
569 1647 576 1670 :
598 1636 722 1670 totum
740 1643 967 1680 processum
990 1633 1248 1679 praehabitum
1266 1643 1335 1679 per

307 1696 472 1732 verbum
503 1695 750 1742 propositum
780 1694 950 1731 breviter
980 1697 1249 1741 repraesentat,
1278 1693 1336 1730 di-

308 1767 419 1794 cens:
441 1760 586 1802 Eri-avi,
602 1760 690 1802 etc.‚
707 1756 819 1803 quasi
838 1765 981 1792 canens
996 1766 1093 1792 voce
1108 1755 1331 1792 dulcisona:

306 1816 579 1852 Praevaricatus
610 1827 717 1861 sum,
752 1814 989 1862 periclitatus
1021 1825 1107 1851 sum
1116 1826 1126 1860 3
1160 1815 1230 1851 sed
1267 1825 1334 1862 spe

306 1878 543 1915 salvificatus
562 1888 663 1923 sum,
684 1877 779 1924 quia
794 1877 1022 1922 justificatus
1043 1887 1143 1913 sum.
1163 1877 1336 1920 Quatuor

307 1950 401 1986 ergo
437 1942 620 1976 notantur
645 1938 685 1974 in
714 1938 938 1986 proposito,
963 1937 1108 1974 scilicet
1133 1940 1239 1975 actus
1263 1938 1336 1973 ini-

307 2000 475 2048 quitatis,
496 2003 621 2037 metus
640 1999 892 2044 infelicitatis,
913 2002 1111 2046 speratum
1130 1999 1335 2046 praemium

305 2062 515 2107 felicitatis,
537 2065 574 2098 et
601 2072 700 2109 opus
725 2061 969 2098 meritorium
992 2060 1184 2108 aequitatis
1204 2072 1212 2096 :
1241 2071 1337 2108 quo·

306 2135 393 2160 rum
412 2123 583 2170 primum
605 2123 788 2160 orationis
806 2122 929 2159 virtus
950 2122 1079 2169 expiat
1086 2134 1098 2168 3
1117 2123 1337 2159 secundum

308 2185 504 2230 exsufflat;
527 2185 681 2222 tertium
702 2184 896 2232 postulat,
918 2186 954 2220 et
974 2185 1158 2231 quartum
1178 2184 1332 2230 allegat.

638 2289 827 2323 Articulus
847 2289 1002 2333 primus.

354 2372 490 2407 Actum
503 2370 718 2417 iniquitatis
737 2369 900 2417 aperuit,
917 2369 1069 2406 dicens:
1090 2372 1223 2406 Erravz'
1242 2371 1336 2406 sicut

309 2433 397 2467 ovis.
424 2434 603 2468 Errorem
627 2432 932 2475 commemorat,
954 2430 1018 2467 ovi
1046 2442 1087 2467 se
1107 2433 1332 2478 comparat,

309 2495 468 2540 propter
499 2496 605 2540 gesta
636 2493 804 2530 brutalia
834 2503 921 2540 quae
947 2494 1132 2540 patrarat.
1155 2495 1198 2529 Et
1222 2495 1333 2538 nota,

310 2554 420 2601 quod
445 2555 614 2600 legimus
641 2554 681 2591 in
712 2554 916 2601 Scripturis
946 2554 1139 2602 triplicem
1163 2565 1337 2591 errorem

311 2616 417 2652 ovis:
439 2616 583 2652 scilicet
596 2627 770 2652 errorem
786 2616 980 2661 abeuntis,
999 2626 1172 2652 errorem
1190 2615 1337 2652 adeun-

310 2677 376 2722 tis,
395 2687 569 2714 errorem
594 2678 810 2725 pereuntis:
843 2677 988 2725 quibus
1018 2677 1259 2725 respondent
1277 2687 1337 2714 er-

311 2749 418 2775 rores
437 2738 599 2774 totidem
618 2739 658 2775 in
676 2739 865 2786 peccatis3
885 2739 1066 2776 videlicet
1095 2750 1203 2776 error
1224 2749 1337 2776 aver-

311 2800 444 2845 sionis,
461 2800 741 2846 conversionis,
755 2804 791 2836 et
810 2800 1073 2847 obligationis,
1091 2803 1141 2837 De
1160 2801 1311 2848 primo*
1329 2814 1337 2838 :

316 2873 332 2893 α
352 2861 388 2898 Si
408 2861 548 2897 fuerint
564 2862 681 2898 alicui
702 2864 858 2898 centum
873 2872 981 2907 oves,
1003 2865 1039 2898 et
1057 2863 1240 2899 erraverit
1258 2873 1339 2899 una

312 2933 360 2958 ex
374 2922 445 2959 eis:
463 2936 481 2956 »
497 2933 584 2959 ecce
600 2934 708 2960 error
725 2924 917 2969 abeuntis,
937 2924 1135 2970 pertinens
1155 2924 1208 2960 ad
1228 2934 1338 2960 aver-

312 2983 475 3020 sionem.
498 2986 547 3021 De
567 2984 740 3021 secundo
755 2983 769 3004 ²
786 2997 794 3020 :
822 2997 839 3018 «
858 2986 999 3021 Omnes
1018 2995 1091 3021 nos
1111 2985 1223 3032 quasi
1244 2995 1338 3021 oves

312 3045 546 3091 erravimus,
575 3046 847 3092 unusquisque
873 3046 913 3081 in
941 3046 1049 3082 viam
1080 3057 1194 3083 suam
1222 3046 1339 3083 decli-

311 3106 443 3143 navit:
468 3121 486 3142 »
509 3117 596 3144 ecce
623 3117 731 3144 error
756 3106 956 3151 adeuntis,
983 3107 1146 3144 attinens
1168 3108 1220 3145 ad
1249 3118 1339 3145 con-

312 3168 545 3205 versionem.
579 3170 630 3205 De
659 3168 770 3205 tertio
803 3167 985 3205 scribitur
1022 3168 1062 3204 in
1098 3169 1302 3216 proposito
1327 3181 1335 3205 :

311 3230 444 3265 Erravi
466 3232 558 3266 sicut
578 3232 665 3274 ovis,
685 3241 762 3276 quoe
781 3232 892 3275 periit
911 3241 923 3266 :
942 3239 1030 3266 ecce
1048 3239 1156 3266 error
1174 3241 1340 3276 pereun-

312 3291 380 3336 tis,
405 3294 582 3338 spectans
601 3291 653 3327 ad
681 3291 976 3338 obligationem.
1005 3290 1112 3327 Unde
1138 3291 1339 3338 tripliciter

315 3355 428 3398 errat,
448 3352 687 3400 quicumque
705 3352 918 3390 mortaliter
937 3354 1084 3400 peccat,
1106 3352 1297 3400 quoniam
1317 3363 1339 3389 a

358 3484 364 3502 ¹
391 3483 522 3524 Matth„
550 3491 650 3524 xviii,
679 3485 728 3516 12.
760 3500 800 3508 —
827 3484 840 3505 ²
864 3484 943 3524 lsa„
975 3491 1054 3525 Lm,
1083 3485 1114 3516 6.
1137 3500 1176 3508 -
1206 3484 1220 3506 ³
1245 3483 1335 3515 Psal.

1407 1018 1511 1044 nem.
1542 1008 1756 1045 Attenditur
1783 1011 1913 1045 autem
1935 1008 2226 1056 periclitationis
2244 1009 2434 1046 ternarius

1408 1071 1602 1116 quantum
1630 1069 1681 1106 ad
1707 1070 1927 1116 periculum
1955 1070 2153 1117 superiuS,
2184 1070 2369 1115 interius,
2399 1074 2436 1107 et

1408 1131 1598 1167 exterius:
1621 1131 1697 1168 hoc
1719 1134 1792 1176 est,
1816 1131 2036 1178 periculum
2056 1131 2190 1168 damni
2209 1131 2435 1179 superioris,

1407 1192 1551 1228 vermis
1570 1192 1779 1238 interioris,
1801 1195 1837 1228 et
1855 1192 1956 1238 ignis
1976 1192 2190 1229 exterioris.
2210 1192 2304 1229 lnde
2322 1192 2434 1230 colli-

1408 1257 1524 1303 gitur,
1558 1257 1668 1303 quod
1700 1256 1877 1303 quisquis
1907 1256 2196 1303 praevaricatur,
2233 1256 2434 1304 tripliciter

1406 1320 1666 1367 periclitatur,
1698 1320 1792 1368 quia
1820 1319 2018 1367 tripliciter
2042 1320 2254 1367 obligatur,
2287 1323 2324 1358 et
2345 1321 2436 1358 ideo

1407 1381 1597 1428 tripartito
1624 1381 1774 1418 timoris
1801 1381 1960 1417 vinculo
1987 1381 2208 1428 colligatur.
2227 1381 2356 1418 Prima
2372 1392 2437 1429 pe-

1407 1445 1584 1483 riclitatio
1614 1456 1684 1493 per
1709 1445 1951 1482 Psalmistam
1980 1446 2228 1493 exprimitur,
2247 1446 2317 1483 ubi
2336 1447 2438 1494 psal-

1407 1507 1498 1544 litur
1514 1509 1528 1530 ³
1546 1519 1554 1543 ε
1579 1521 1596 1541 «
1617 1510 1777 1544 Pereant
1796 1509 2022 1554 peccatores
2041 1518 2063 1544 a
2083 1507 2182 1544 facie
2201 1507 2293 1544 Dei:
2313 1520 2332 1543 »
2350 1518 2437 1545 ecce

1407 1569 1640 1616 periclitatio
1661 1571 1839 1616 respectu
1859 1569 1994 1605 damni
2014 1568 2236 1615 superioris.
2260 1569 2439 1606 Secunda

1407 1630 1639 1678 periclitatio
1659 1630 1847 1676 innuitur,
1868 1630 1937 1666 ubi
1960 1641 2030 1677 per
2051 1629 2287 1667 Antiochum
2304 1641 2438 1678 regem

1407 1692 1608 1740 iniquum,
1644 1696 1680 1729 et
1714 1692 1893 1729 fidelium
1930 1692 2152 1739 inimicum,
2183 1693 2363 1746 asseritur
2392 1695 2434 1730 ¹·:

1412 1768 1428 1788 (ι
1446 1757 1541 1791 Ecce
1560 1765 1679 1801 pereo
1709 1754 1859 1791 tristitia
1883 1765 2028 1801 magna
2059 1755 2100 1791 in
2119 1756 2222 1791 terra
2240 1754 2392 1791 aliena:
2415 1767 2433 1790 »

1409 1827 1496 1853 ecce
1512 1816 1742 1863 periclitatio
1756 1818 1932 1863 respectu
1942 1815 2085 1852 vermis
2097 1815 2303 1853 interioris.
2313 1816 2437 1853 Tertia

1407 1878 1637 1925 periclitatio
1667 1879 1914 1925 proponitur,
1950 1877 2020 1914 ubi
2052 1877 2194 1924 legitur
2219 1879 2258 1914 ⁵:
2285 1890 2304 1912 «
2333 1878 2437 1915 Blas-

1407 1939 1638 1986 phemantes
1658 1940 1698 1976 in
1718 1939 1969 1986 corruptione
1991 1950 2061 1976 sua
2081 1939 2290 1987 peribunt,
2309 1939 2436 1987 perci-

1407 2001 1558 2048 pientes
1577 2001 1799 2038 mercedem
1817 2001 2035 2047 inJ'ustitiae:
2057 2014 2076 2037 »
2095 2012 2185 2039 ecce
2204 2001 2437 2049 periclitatio

1408 2065 1587 2110 respectu
1603 2063 1705 2110 ignis
1726 2062 1940 2100 exterioris.

1745 2168 1931 2203 Articulus
1958 2168 2100 2203 tertius.

1457 2250 1660 2296 Speratum
1690 2248 1896 2295 praemium
1928 2247 2119 2284 felicitatis
2156 2247 2305 2284 exeruit
2342 2247 2438 2294 adji-

1410 2310 1538 2346 ciens:
1571 2310 1694 2353 Quaere
1721 2319 1858 2346 servum
1886 2312 2006 2354 tuum,
2029 2310 2200 2345 Domine:
2226 2318 2308 2346 non
2333 2308 2438 2345 enim

1410 2371 1611 2419 desperat,
1641 2371 1708 2418 qui
1731 2370 1853 2418 quaeri
1872 2370 2081 2407 desiderat.
2106 2370 2192 2407 Sine
2219 2380 2286 2417 spe
2307 2369 2437 2423 nulla-

1409 2435 1522 2470 tenus
1538 2433 1701 2471 auderet
1721 2433 1849 2469 dicere
1867 2444 1875 2468 :
1901 2434 2036 2477 Quaere.
2059 2431 2097 2469 Si
2117 2430 2257 2479 quaeris
2272 2430 2438 2479 qualiter

1411 2505 1562 2542 quaeras
1579 2507 1588 2531 :
1609 2505 1690 2531 non
1716 2494 1882 2542 qualiter
1901 2493 2073 2530 Herodes
2091 2503 2260 2541 puerum
2283 2494 2436 2540 Jesum3

1409 2566 1491 2593 non
1511 2556 1678 2603 qualiter
1691 2556 1860 2593 Ananias
1877 2556 2058 2602 Sahlum3
2080 2555 2150 2592 sed
2170 2554 2336 2603 qualiter
2350 2556 2440 2592 Pas-

1410 2620 1472 2655 tor
1496 2618 1693 2666 piissimus
1717 2628 1838 2665 pecus
1865 2628 1993 2654 suum.
2017 2619 2114 2655 Nam
2141 2616 2311 2654 Herodes
2335 2627 2439 2664 quaa-

1410 2679 1502 2716 sivit
1517 2690 1687 2727 puerum
1704 2679 1756 2716 ad
1774 2679 2045 2726 perdendum,-
2066 2678 2235 2715 Ananias
2263 2677 2440 2726 quaesivit

1410 2740 1572 2791 Saulum
1608 2740 1661 2777 ad
1687 2739 1929 2782 curandum;
1967 2740 2037 2776 sed
2073 2741 2207 2776 Pastor
2242 2739 2440 2787 piissimus

1411 2801 1591 2849 quaesivit
1616 2811 1737 2848 pecus
1757 2811 1872 2837 suum
1892 2800 1944 2837 ad
1963 2800 2142 2847 supernis
2163 2799 2348 2847 gregibus
2367 2811 2437 2848 ag-

1413 2862 1673 2909 gregandum.
1694 2863 1744 2898 De
1758 2861 1888 2909 primo
1910 2860 1923 2882 ⁶
1941 2873 1949 2897 :
1977 2872 1996 2896 «
2013 2862 2201 2898 Futurum
2220 2863 2289 2908 est,
2311 2863 2354 2898 ut
2371 2863 2439 2899 He-

1409 2923 1527 2961 rodes
1554 2925 1701 2970 quaerat
1726 2933 1897 2970 puerum
1918 2922 1971 2959 ad
2000 2922 2249 2969 perdendum
2281 2933 2394 2960 eum:
2416 2935 2435 2959 »

1411 2996 1499 3022 ecce
1512 2995 1611 3033 puer
1621 2984 1804 3032 quaeritur
1820 2984 1871 3020 ad
1884 2983 2147 3031 perdendum.
2159 2986 2211 3021 De
2224 2984 2398 3022 secundo
2409 2986 2436 3020 ⁷:

1415 3059 1433 3081 «
1452 3048 1586 3091 Quaere
1606 3047 1647 3083 in
1668 3046 1789 3083 domo
1814 3045 1923 3082 Judae
1951 3045 2111 3082 Saulum
2139 3045 2299 3083 nomine
2323 3046 2440 3084 Thar-

1411 3119 1576 3146 sensem.
1598 3122 1616 3144 »
1642 3108 1707 3145 Hic
1736 3107 1873 3145 Saulus
1904 3107 2088 3154 quaeritur
2117 3107 2171 3144 ad
2202 3107 2437 3144 curandum.

1411 3172 1462 3207 De
1478 3170 1604 3216 tertio,
1624 3169 1693 3206 ubi
1722 3169 1884 3217 mystice
1904 3168 2085 3206 scribitur
2108 3168 2157 3205 de
2173 3170 2329 3216 pastore
2347 3167 2439 3215 piis—

1411 3231 1510 3268 simo
1531 3229 1569 3267 ⁸:
1595 3243 1612 3266 α
1630 3230 1838 3277 Relinquet
1862 3229 2077 3276 nonaginta
2095 3239 2242 3266 novem
2263 3229 2305 3265 in
2322 3238 2436 3265 mon-

1411 3293 1536 3339 tibus,
1564 3295 1600 3330 et
1625 3291 1745 3330 vadet
1769 3301 1940 3339 quaerere
1970 3301 2079 3336 eam,
2111 3300 2199 3338 quae
2226 3288 2395 3326 erravit:
2415 3301 2433 3324 n

1412 3398 1525 3431 van,
1554 3390 1585 3422 3.
1615 3407 1656 3414 —
1686 3390 1700 3412 θ
1727 3390 1739 3421 1
1763 3390 1887 3431 Maeli„
1920 3396 1978 3430 111,
2010 3390 2060 3420 13.
2094 3405 2129 3411 -
2160 3388 2173 3410 ⁸
2203 3387 2231 3418 ll
2259 3387 2364 3429 Petra,
2392 3396 2436 3431 11,

1413 3439 1465 3469 12.
1484 3455 1526 3461 —
1549 3437 1563 3460 ⁶
1581 3437 1716 3478 Macth„
1735 3444 1773 3477 1¹,
1796 3438 1844 3469 13.
1867 3454 1901 3459 ——
1925 3435 1937 3456 ⁷
1959 3435 2049 3475 Act..
2069 3441 2117 3474 lx,
2135 3436 2185 3466 11.
2205 3451 2245 3458 —
2268 3433 2282 3456 ⁸
2302 3435 2436 3477 Mamm,

1412 3491 1513 3525 xvm,
1537 3486 1586 3517 12.
