<?xml version="1.0" encoding="UTF-8"?>
<!DOCTYPE html PUBLIC "-//W3C//DTD XHTML 1.0 Transitional//EN"
    "http://www.w3.org/TR/xhtml1/DTD/xhtml1-transitional.dtd">
<html xmlns="http://www.w3.org/1999/xhtml" xml:lang="en" lang="en">
 <head>
  <title>
</title>
<meta http-equiv="Content-Type" content="text/html;charset=utf-8" />
  <meta name='ocr-system' content='tesseract 3.04.00' />
  <meta name='ocr-capabilities' content='ocr_page ocr_carea ocr_par ocr_line ocrx_word'/>
</head>
<body>
  <div class='ocr_page' id='page_1' title='image "./operaomniasixtiv09bonauoft_0538.png"; bbox 0 0 2633 3878; ppageno 0'>
   <div class='ocr_carea' id='block_1_1' title="bbox 288 299 363 338">
    <p class='ocr_par' dir='ltr' id='par_1_1' title="bbox 288 299 363 338">
     <span class='ocr_line' id='line_1_1' title="bbox 288 299 363 338; baseline 0.027 -2"><span class='ocrx_word' id='word_1_1' title='bbox 288 299 363 338; x_wconf 63' lang='lat'>5502</span> 
     </span>
    </p>
   </div>
   <div class='ocr_carea' id='block_1_2' title="bbox 283 380 1313 1302">
    <p class='ocr_par' dir='ltr' id='par_1_2' title="bbox 283 380 1313 1302">
     <span class='ocr_line' id='line_1_2' title="bbox 289 380 1312 430; baseline -0.007 -7"><span class='ocrx_word' id='word_1_2' title='bbox 289 386 400 423; x_wconf 88' lang='lat' dir='ltr'>cabat</span> <span class='ocrx_word' id='word_1_3' title='bbox 422 397 430 421; x_wconf 76' lang='grc' dir='ltr'>ε</span> <span class='ocrx_word' id='word_1_4' title='bbox 453 388 488 420; x_wconf 89' lang='lat' dir='ltr'>et</span> <span class='ocrx_word' id='word_1_5' title='bbox 515 383 613 420; x_wconf 85' lang='lat' dir='ltr'>sicut</span> <span class='ocrx_word' id='word_1_6' title='bbox 632 382 794 430; x_wconf 69' lang='lat' dir='ltr'>a-quitas</span> <span class='ocrx_word' id='word_1_7' title='bbox 810 381 1033 428; x_wconf 86' lang='lat' dir='ltr'>judicabat,</span> <span class='ocrx_word' id='word_1_8' title='bbox 1054 381 1107 417; x_wconf 80' lang='lat' dir='ltr'>sic</span> <span class='ocrx_word' id='word_1_9' title='bbox 1128 380 1312 417; x_wconf 86' lang='lat' dir='ltr'>severitas</span> 
     </span>
     <span class='ocr_line' id='line_1_3' title="bbox 287 443 1313 492; baseline -0.006 -8"><span class='ocrx_word' id='word_1_10' title='bbox 287 446 524 484; x_wconf 81' lang='lat' dir='ltr'>vindicabat.</span> <span class='ocrx_word' id='word_1_11' title='bbox 562 444 669 481; x_wconf 80' lang='lat' dir='ltr'>Unde</span> <span class='ocrx_word' id='word_1_12' title='bbox 708 443 900 492; x_wconf 79' lang='lat' dir='ltr'>Propheta</span> <span class='ocrx_word' id='word_1_13' title='bbox 931 443 1236 489; x_wconf 88' lang='lat' dir='ltr'>contemplatus,</span> <span class='ocrx_word' id='word_1_14' title='bbox 1275 443 1313 478; x_wconf 74' lang='lat' dir='ltr'>et</span> 
     </span>
     <span class='ocr_line' id='line_1_4' title="bbox 288 503 1312 558; baseline -0.009 -9"><span class='ocrx_word' id='word_1_15' title='bbox 288 508 591 558; x_wconf 85' lang='lat' dir='ltr'>contemplando</span> <span class='ocrx_word' id='word_1_16' title='bbox 612 508 891 551; x_wconf 54' lang='lat' dir='ltr'>consternatus,</span> <span class='ocrx_word' id='word_1_17' title='bbox 914 505 1022 553; x_wconf 88' lang='lat' dir='ltr'>quod</span> <span class='ocrx_word' id='word_1_18' title='bbox 1044 504 1118 540; x_wconf 85' lang='lat' dir='ltr'>tale</span> <span class='ocrx_word' id='word_1_19' title='bbox 1140 506 1194 540; x_wconf 83' lang='lat' dir='ltr'>cst</span> <span class='ocrx_word' id='word_1_20' title='bbox 1210 503 1312 550; x_wconf 88' lang='lat' dir='ltr'>judi-</span> 
     </span>
     <span class='ocr_line' id='line_1_5' title="bbox 287 565 1313 620; baseline -0.009 -9"><span class='ocrx_word' id='word_1_21' title='bbox 287 575 391 611; x_wconf 90' lang='lat' dir='ltr'>cium</span> <span class='ocrx_word' id='word_1_22' title='bbox 410 571 619 620; x_wconf 71' lang='lat' dir='ltr'>aequitatis,</span> <span class='ocrx_word' id='word_1_23' title='bbox 641 569 715 606; x_wconf 86' lang='lat' dir='ltr'>tale</span> <span class='ocrx_word' id='word_1_24' title='bbox 736 578 894 616; x_wconf 84' lang='lat' dir='ltr'>quoquc</span> <span class='ocrx_word' id='word_1_25' title='bbox 915 565 1150 613; x_wconf 85' lang='lat' dir='ltr'>supplicium</span> <span class='ocrx_word' id='word_1_26' title='bbox 1171 565 1313 602; x_wconf 84' lang='lat' dir='ltr'>severi-</span> 
     </span>
     <span class='ocr_line' id='line_1_6' title="bbox 288 627 1313 683; baseline -0.01 -9"><span class='ocrx_word' id='word_1_27' title='bbox 288 636 391 679; x_wconf 81' lang='lat' dir='ltr'>tatiS‚</span> <span class='ocrx_word' id='word_1_28' title='bbox 424 634 540 683; x_wconf 89' lang='lat' dir='ltr'>quale</span> <span class='ocrx_word' id='word_1_29' title='bbox 568 631 831 670; x_wconf 86' lang='lat' dir='ltr'>testimonium</span> <span class='ocrx_word' id='word_1_30' title='bbox 852 628 1045 674; x_wconf 83' lang='lat' dir='ltr'>vcritatis3</span> <span class='ocrx_word' id='word_1_31' title='bbox 1079 627 1313 675; x_wconf 75' lang='lat' dir='ltr'>supplicavit</span> 
     </span>
     <span class='ocr_line' id='line_1_7' title="bbox 287 690 1307 745; baseline -0.01 -9"><span class='ocrx_word' id='word_1_32' title='bbox 287 701 323 736; x_wconf 86' lang='lat' dir='ltr'>ct</span> <span class='ocrx_word' id='word_1_33' title='bbox 353 696 578 745; x_wconf 74' lang='lat' dir='ltr'>suppliciter</span> <span class='ocrx_word' id='word_1_34' title='bbox 607 692 845 731; x_wconf 76' lang='lat' dir='ltr'>mendicavit</span> <span class='ocrx_word' id='word_1_35' title='bbox 876 690 1097 728; x_wconf 81' lang='lat' dir='ltr'>subsidium</span> <span class='ocrx_word' id='word_1_36' title='bbox 1130 690 1307 738; x_wconf 88' lang='lat' dir='ltr'>pietatis:</span> 
     </span>
     <span class='ocr_line' id='line_1_8' title="bbox 287 753 1308 810; baseline -0.011 -11"><span class='ocrx_word' id='word_1_37' title='bbox 287 761 396 810; x_wconf 89' lang='lat' dir='ltr'>quod</span> <span class='ocrx_word' id='word_1_38' title='bbox 410 759 578 796; x_wconf 81' lang='lat' dir='ltr'>breviter</span> <span class='ocrx_word' id='word_1_39' title='bbox 591 754 802 799; x_wconf 72' lang='lat' dir='ltr'>annotavit,</span> <span class='ocrx_word' id='word_1_40' title='bbox 824 764 911 790; x_wconf 89' lang='lat' dir='ltr'>cum</span> <span class='ocrx_word' id='word_1_41' title='bbox 926 753 1000 790; x_wconf 91' lang='lat' dir='ltr'>ait:</span> <span class='ocrx_word' id='word_1_42' title='bbox 1021 755 1199 800; x_wconf 61' lang='lat' dir='ltr'>AEqzticac,</span> <span class='ocrx_word' id='word_1_43' title='bbox 1215 755 1308 799; x_wconf 82' lang='lat' dir='ltr'>etc.;</span> 
     </span>
     <span class='ocr_line' id='line_1_9' title="bbox 286 815 1309 860; baseline -0.008 0"><span class='ocrx_word' id='word_1_44' title='bbox 286 834 331 860; x_wconf 92' lang='lat' dir='ltr'>ac</span> <span class='ocrx_word' id='word_1_45' title='bbox 367 823 398 859; x_wconf 90' lang='lat' dir='ltr'>si</span> <span class='ocrx_word' id='word_1_46' title='bbox 436 831 531 857; x_wconf 77' lang='lat' dir='ltr'>voce</span> <span class='ocrx_word' id='word_1_47' title='bbox 571 819 716 855; x_wconf 87' lang='lat' dir='ltr'>diceret</span> <span class='ocrx_word' id='word_1_48' title='bbox 745 815 1005 854; x_wconf 84' lang='lat' dir='ltr'>tremebunda</span> <span class='ocrx_word' id='word_1_49' title='bbox 1035 827 1042 851; x_wconf 93' lang='lat'><strong>:</strong></span> <span class='ocrx_word' id='word_1_50' title='bbox 1075 817 1167 852; x_wconf 86' lang='lat' dir='ltr'>Ecce</span> <span class='ocrx_word' id='word_1_51' title='bbox 1194 815 1309 852; x_wconf 88' lang='lat' dir='ltr'>video</span> 
     </span>
     <span class='ocr_line' id='line_1_10' title="bbox 286 877 1310 933; baseline -0.009 -12"><span class='ocrx_word' id='word_1_52' title='bbox 286 886 379 933; x_wconf 90' lang='lat' dir='ltr'>quia</span> <span class='ocrx_word' id='word_1_53' title='bbox 404 883 489 920; x_wconf 82' lang='lat' dir='ltr'>talis</span> <span class='ocrx_word' id='word_1_54' title='bbox 508 884 563 918; x_wconf 88' lang='lat' dir='ltr'>cst</span> <span class='ocrx_word' id='word_1_55' title='bbox 582 879 743 928; x_wconf 74' lang='lat' dir='ltr'>aequitas</span> <span class='ocrx_word' id='word_1_56' title='bbox 766 878 1000 926; x_wconf 76' lang='lat' dir='ltr'>J&#39;udicando,</span> <span class='ocrx_word' id='word_1_57' title='bbox 1022 877 1149 926; x_wconf 80' lang='lat' dir='ltr'>qualis</span> <span class='ocrx_word' id='word_1_58' title='bbox 1169 877 1310 914; x_wconf 84' lang='lat' dir='ltr'>veritas</span> 
     </span>
     <span class='ocr_line' id='line_1_11' title="bbox 285 939 1306 990; baseline -0.008 -7"><span class='ocrx_word' id='word_1_59' title='bbox 285 944 518 990; x_wconf 68' lang='lat' dir='ltr'>iudicando:</span> <span class='ocrx_word' id='word_1_60' title='bbox 545 943 632 979; x_wconf 87' lang='lat' dir='ltr'>talis</span> <span class='ocrx_word' id='word_1_61' title='bbox 657 952 817 990; x_wconf 90' lang='lat' dir='ltr'>quoque</span> <span class='ocrx_word' id='word_1_62' title='bbox 839 941 1021 977; x_wconf 87' lang='lat' dir='ltr'>severitas</span> <span class='ocrx_word' id='word_1_63' title='bbox 1041 939 1306 976; x_wconf 79' lang='lat' dir='ltr'>vindicando:</span> 
     </span>
     <span class='ocr_line' id='line_1_12' title="bbox 285 1001 1306 1056; baseline -0.007 -11"><span class='ocrx_word' id='word_1_64' title='bbox 285 1007 470 1056; x_wconf 85' lang='lat' dir='ltr'>quocirca</span> <span class='ocrx_word' id='word_1_65' title='bbox 494 1009 584 1054; x_wconf 91' lang='lat' dir='ltr'>peto</span> <span class='ocrx_word' id='word_1_66' title='bbox 609 1003 761 1052; x_wconf 85' lang='lat' dir='ltr'>pietatis</span> <span class='ocrx_word' id='word_1_67' title='bbox 789 1003 1006 1040; x_wconf 78' lang='lat' dir='ltr'>subsidium</span> <span class='ocrx_word' id='word_1_68' title='bbox 1034 1001 1306 1049; x_wconf 86' lang='lat' dir='ltr'>supplicando.</span> 
     </span>
     <span class='ocr_line' id='line_1_13' title="bbox 284 1063 1310 1115; baseline -0.008 -8"><span class='ocrx_word' id='word_1_69' title='bbox 284 1071 456 1115; x_wconf 81' lang='lat' dir='ltr'>Quatuor</span> <span class='ocrx_word' id='word_1_70' title='bbox 480 1068 609 1115; x_wconf 78' lang='lat' dir='ltr'>itaque</span> <span class='ocrx_word' id='word_1_71' title='bbox 636 1077 843 1114; x_wconf 85' lang='lat' dir='ltr'>possumus</span> <span class='ocrx_word' id='word_1_72' title='bbox 867 1065 929 1101; x_wconf 86' lang='lat' dir='ltr'>hic</span> <span class='ocrx_word' id='word_1_73' title='bbox 950 1074 1112 1112; x_wconf 82' lang='lat' dir='ltr'>pensare</span> <span class='ocrx_word' id='word_1_74' title='bbox 1135 1076 1142 1099; x_wconf 90' lang='lat'>:</span> <span class='ocrx_word' id='word_1_75' title='bbox 1166 1063 1310 1100; x_wconf 82' lang='lat' dir='ltr'>scilicet</span> 
     </span>
     <span class='ocr_line' id='line_1_14' title="bbox 283 1126 1308 1180; baseline -0.006 -11"><span class='ocrx_word' id='word_1_76' title='bbox 283 1133 521 1180; x_wconf 85' lang='lat' dir='ltr'>aequitatem,</span> <span class='ocrx_word' id='word_1_77' title='bbox 554 1129 818 1174; x_wconf 81' lang='lat' dir='ltr'>severitatem,</span> <span class='ocrx_word' id='word_1_78' title='bbox 845 1128 1068 1173; x_wconf 78' lang='lat' dir='ltr'>verItatcm,</span> <span class='ocrx_word' id='word_1_79' title='bbox 1096 1130 1130 1164; x_wconf 89' lang='lat' dir='ltr'>et</span> <span class='ocrx_word' id='word_1_80' title='bbox 1150 1126 1308 1163; x_wconf 83' lang='lat' dir='ltr'>sinceri-</span> 
     </span>
     <span class='ocr_line' id='line_1_15' title="bbox 284 1189 1309 1240; baseline -0.006 -9"><span class='ocrx_word' id='word_1_81' title='bbox 284 1197 400 1231; x_wconf 82' lang='lat' dir='ltr'>tatem</span> <span class='ocrx_word' id='word_1_82' title='bbox 423 1206 431 1229; x_wconf 94' lang='lat'>:</span> <span class='ocrx_word' id='word_1_83' title='bbox 461 1193 588 1240; x_wconf 88' lang='lat' dir='ltr'>prima</span> <span class='ocrx_word' id='word_1_84' title='bbox 609 1191 782 1238; x_wconf 77' lang='lat' dir='ltr'>Judicat;</span> <span class='ocrx_word' id='word_1_85' title='bbox 806 1190 979 1226; x_wconf 85' lang='lat' dir='ltr'>secunda</span> <span class='ocrx_word' id='word_1_86' title='bbox 1002 1189 1170 1236; x_wconf 70' lang='lat' dir='ltr'>indicat5</span> <span class='ocrx_word' id='word_1_87' title='bbox 1200 1189 1309 1226; x_wconf 87' lang='lat' dir='ltr'>tertia</span> 
     </span>
     <span class='ocr_line' id='line_1_16' title="bbox 283 1252 951 1302; baseline -0.009 -8"><span class='ocrx_word' id='word_1_88' title='bbox 283 1256 476 1302; x_wconf 87' lang='lat' dir='ltr'>vindicat;</span> <span class='ocrx_word' id='word_1_89' title='bbox 497 1254 566 1292; x_wconf 89' lang='lat' dir='ltr'>sed</span> <span class='ocrx_word' id='word_1_90' title='bbox 588 1256 726 1302; x_wconf 89' lang='lat' dir='ltr'>quarta</span> <span class='ocrx_word' id='word_1_91' title='bbox 746 1252 951 1300; x_wconf 84' lang='lat' dir='ltr'>supplicat.</span> 
     </span>
    </p>
   </div>
   <div class='ocr_carea' id='block_1_3' title="bbox 615 1360 973 1405">
    <p class='ocr_par' dir='ltr' id='par_1_3' title="bbox 615 1360 973 1405">
     <span class='ocr_line' id='line_1_17' title="bbox 615 1360 973 1405; baseline -0.008 -9"><span class='ocrx_word' id='word_1_92' title='bbox 615 1360 799 1396; x_wconf 78' lang='lat' dir='ltr'>Articulus</span> <span class='ocrx_word' id='word_1_93' title='bbox 823 1360 973 1405; x_wconf 78' lang='lat' dir='ltr'>primus.</span> 
     </span>
    </p>
   </div>
   <div class='ocr_carea' id='block_1_4' title="bbox 280 1441 1311 2605">
    <p class='ocr_par' dir='ltr' id='par_1_4' title="bbox 280 1441 1311 2605">
     <span class='ocr_line' id='line_1_18' title="bbox 328 1441 1307 1491; baseline -0.005 -8"><span class='ocrx_word' id='word_1_94' title='bbox 328 1445 522 1483; x_wconf 77' lang='lat' dir='ltr'>ludicium</span> <span class='ocrx_word' id='word_1_95' title='bbox 551 1443 740 1491; x_wconf 80' lang='lat' dir='ltr'>aequitatis</span> <span class='ocrx_word' id='word_1_96' title='bbox 774 1443 990 1487; x_wconf 72' lang='lat' dir='ltr'>eructatur,</span> <span class='ocrx_word' id='word_1_97' title='bbox 1021 1451 1110 1478; x_wconf 89' lang='lat' dir='ltr'>cum</span> <span class='ocrx_word' id='word_1_98' title='bbox 1136 1441 1307 1478; x_wconf 87' lang='lat' dir='ltr'>dicitur.-</span> 
     </span>
     <span class='ocr_line' id='line_1_19' title="bbox 282 1503 1309 1556; baseline -0.005 -10"><span class='ocrx_word' id='word_1_99' title='bbox 282 1511 467 1556; x_wconf 71' lang='lat' dir='ltr'>AEquitas,</span> <span class='ocrx_word' id='word_1_100' title='bbox 495 1506 588 1554; x_wconf 89' lang='lat' dir='ltr'>quia</span> <span class='ocrx_word' id='word_1_101' title='bbox 617 1505 727 1542; x_wconf 89' lang='lat' dir='ltr'>nulla</span> <span class='ocrx_word' id='word_1_102' title='bbox 763 1503 964 1549; x_wconf 77' lang='lat' dir='ltr'>dubietas,</span> <span class='ocrx_word' id='word_1_103' title='bbox 991 1504 1086 1551; x_wconf 88' lang='lat' dir='ltr'>quin</span> <span class='ocrx_word' id='word_1_104' title='bbox 1114 1504 1309 1550; x_wconf 80' lang='lat' dir='ltr'>J&#39;ndicium</span> 
     </span>
     <span class='ocr_line' id='line_1_20' title="bbox 280 1565 1308 1619; baseline -0.005 -11"><span class='ocrx_word' id='word_1_105' title='bbox 280 1570 469 1619; x_wconf 79' lang='lat' dir='ltr'>aequitatis</span> <span class='ocrx_word' id='word_1_106' title='bbox 493 1569 539 1605; x_wconf 88' lang='lat' dir='ltr'>sit</span> <span class='ocrx_word' id='word_1_107' title='bbox 563 1567 739 1615; x_wconf 83' lang='lat' dir='ltr'>aequitas.</span> <span class='ocrx_word' id='word_1_108' title='bbox 772 1567 880 1602; x_wconf 86' lang='lat' dir='ltr'>Circa</span> <span class='ocrx_word' id='word_1_109' title='bbox 908 1565 1159 1613; x_wconf 89' lang='lat' dir='ltr'>judiciariam</span> <span class='ocrx_word' id='word_1_110' title='bbox 1187 1568 1308 1615; x_wconf 69' lang='lat' dir='ltr'>eequi-</span> 
     </span>
     <span class='ocr_line' id='line_1_21' title="bbox 283 1628 1308 1680; baseline -0.003 -11"><span class='ocrx_word' id='word_1_111' title='bbox 283 1636 397 1671; x_wconf 80' lang='lat' dir='ltr'>tatem</span> <span class='ocrx_word' id='word_1_112' title='bbox 418 1634 543 1680; x_wconf 87' lang='lat' dir='ltr'>potest</span> <span class='ocrx_word' id='word_1_113' title='bbox 561 1629 702 1674; x_wconf 87' lang='lat' dir='ltr'>notari,</span> <span class='ocrx_word' id='word_1_114' title='bbox 723 1628 831 1677; x_wconf 88' lang='lat' dir='ltr'>quod</span> <span class='ocrx_word' id='word_1_115' title='bbox 851 1629 1012 1675; x_wconf 84' lang='lat' dir='ltr'>aequitas</span> <span class='ocrx_word' id='word_1_116' title='bbox 1029 1628 1126 1665; x_wconf 79' lang='lat' dir='ltr'>solet</span> <span class='ocrx_word' id='word_1_117' title='bbox 1142 1628 1181 1664; x_wconf 91' lang='lat' dir='ltr'>in</span> <span class='ocrx_word' id='word_1_118' title='bbox 1199 1639 1308 1666; x_wconf 89' lang='lat' dir='ltr'>sacra</span> 
     </span>
     <span class='ocr_line' id='line_1_22' title="bbox 281 1690 1307 1742; baseline -0.003 -11"><span class='ocrx_word' id='word_1_119' title='bbox 281 1695 476 1742; x_wconf 80' lang='lat' dir='ltr'>Scriptura</span> <span class='ocrx_word' id='word_1_120' title='bbox 495 1691 716 1740; x_wconf 86' lang='lat' dir='ltr'>comparari</span> <span class='ocrx_word' id='word_1_121' title='bbox 733 1693 840 1727; x_wconf 81' lang='lat' dir='ltr'>scuto</span> <span class='ocrx_word' id='word_1_122' title='bbox 862 1690 1173 1738; x_wconf 83' lang='lat' dir='ltr'>inexpugnabili,</span> <span class='ocrx_word' id='word_1_123' title='bbox 1188 1690 1307 1737; x_wconf 81' lang='lat' dir='ltr'>virgae</span> 
     </span>
     <span class='ocr_line' id='line_1_23' title="bbox 282 1752 1307 1800; baseline -0.005 -7"><span class='ocrx_word' id='word_1_124' title='bbox 282 1755 498 1800; x_wconf 77' lang='lat' dir='ltr'>inflexibili,</span> <span class='ocrx_word' id='word_1_125' title='bbox 531 1753 674 1791; x_wconf 76' lang='lat' dir='ltr'>semitae</span> <span class='ocrx_word' id='word_1_126' title='bbox 705 1752 898 1788; x_wconf 69' lang='lat' dir='ltr'>infallibili</span> <span class='ocrx_word' id='word_1_127' title='bbox 933 1764 940 1787; x_wconf 91' lang='lat'>:</span> <span class='ocrx_word' id='word_1_128' title='bbox 983 1752 1077 1799; x_wconf 88' lang='lat' dir='ltr'>quia</span> <span class='ocrx_word' id='word_1_129' title='bbox 1109 1752 1307 1798; x_wconf 85' lang='lat' dir='ltr'>judicialis</span> 
     </span>
     <span class='ocr_line' id='line_1_24' title="bbox 280 1810 1305 1864; baseline -0.005 -12"><span class='ocrx_word' id='word_1_130' title='bbox 280 1816 441 1864; x_wconf 53' lang='lat' dir='ltr'>aaquitas</span> <span class='ocrx_word' id='word_1_131' title='bbox 457 1824 538 1851; x_wconf 89' lang='lat' dir='ltr'>esse</span> <span class='ocrx_word' id='word_1_132' title='bbox 558 1813 673 1850; x_wconf 86' lang='lat' dir='ltr'>debet</span> <span class='ocrx_word' id='word_1_133' title='bbox 692 1810 1008 1859; x_wconf 77' lang='lat' dir='ltr'>inexpugnabilis</span> <span class='ocrx_word' id='word_1_134' title='bbox 1024 1822 1094 1858; x_wconf 91' lang='lat' dir='ltr'>per</span> <span class='ocrx_word' id='word_1_135' title='bbox 1111 1811 1305 1858; x_wconf 88' lang='lat' dir='ltr'>timorem,</span> 
     </span>
     <span class='ocr_line' id='line_1_25' title="bbox 280 1872 1308 1923; baseline -0.005 -8"><span class='ocrx_word' id='word_1_136' title='bbox 280 1876 505 1915; x_wconf 77' lang='lat' dir='ltr'>inflexibilis</span> <span class='ocrx_word' id='word_1_137' title='bbox 532 1886 602 1923; x_wconf 89' lang='lat' dir='ltr'>per</span> <span class='ocrx_word' id='word_1_138' title='bbox 632 1874 806 1911; x_wconf 60' lang='lat' dir='ltr'>savorem</span> <span class='ocrx_word' id='word_1_139' title='bbox 824 1901 835 1918; x_wconf 94' lang='lat'>,</span> <span class='ocrx_word' id='word_1_140' title='bbox 855 1872 1072 1909; x_wconf 82' lang='lat' dir='ltr'>infallibilis</span> <span class='ocrx_word' id='word_1_141' title='bbox 1102 1883 1172 1920; x_wconf 88' lang='lat' dir='ltr'>per</span> <span class='ocrx_word' id='word_1_142' title='bbox 1203 1884 1308 1910; x_wconf 85' lang='lat' dir='ltr'>erro-</span> 
     </span>
     <span class='ocr_line' id='line_1_26' title="bbox 280 1934 1304 1985; baseline -0.005 -8"><span class='ocrx_word' id='word_1_143' title='bbox 280 1951 376 1977; x_wconf 84' lang='lat' dir='ltr'>rem.</span> <span class='ocrx_word' id='word_1_144' title='bbox 395 1941 444 1975; x_wconf 91' lang='lat' dir='ltr'>De</span> <span class='ocrx_word' id='word_1_145' title='bbox 463 1937 611 1985; x_wconf 86' lang='lat' dir='ltr'>primo,</span> <span class='ocrx_word' id='word_1_146' title='bbox 628 1936 696 1972; x_wconf 81' lang='lat' dir='ltr'>ubi</span> <span class='ocrx_word' id='word_1_147' title='bbox 718 1935 857 1972; x_wconf 89' lang='lat' dir='ltr'>dicitur</span> <span class='ocrx_word' id='word_1_148' title='bbox 877 1935 924 1971; x_wconf 86' lang='lat' dir='ltr'>de</span> <span class='ocrx_word' id='word_1_149' title='bbox 940 1934 1072 1981; x_wconf 87' lang='lat' dir='ltr'>judice</span> <span class='ocrx_word' id='word_1_150' title='bbox 1093 1945 1248 1971; x_wconf 89' lang='lat' dir='ltr'>summo</span> <span class='ocrx_word' id='word_1_151' title='bbox 1270 1937 1304 1972; x_wconf 90' lang='lat'>¹:</span> 
     </span>
     <span class='ocr_line' id='line_1_27' title="bbox 284 1997 1302 2045; baseline -0.003 -10"><span class='ocrx_word' id='word_1_152' title='bbox 284 2017 301 2035; x_wconf 90' lang='lat'>«</span> <span class='ocrx_word' id='word_1_153' title='bbox 321 2002 451 2038; x_wconf 87' lang='lat' dir='ltr'>Sumet</span> <span class='ocrx_word' id='word_1_154' title='bbox 476 2002 628 2036; x_wconf 88' lang='lat' dir='ltr'>scutum</span> <span class='ocrx_word' id='word_1_155' title='bbox 658 1997 964 2045; x_wconf 77' lang='lat' dir='ltr'>inexpugnabile</span> <span class='ocrx_word' id='word_1_156' title='bbox 995 1997 1216 2044; x_wconf 70' lang='lat' dir='ltr'>aequitatem</span> <span class='ocrx_word' id='word_1_157' title='bbox 1244 2009 1252 2032; x_wconf 93' lang='lat'>:</span> <span class='ocrx_word' id='word_1_158' title='bbox 1285 2011 1302 2033; x_wconf 86' lang='lat'>»</span> 
     </span>
     <span class='ocr_line' id='line_1_28' title="bbox 280 2059 1305 2110; baseline -0.006 -9"><span class='ocrx_word' id='word_1_159' title='bbox 280 2064 343 2101; x_wconf 90' lang='lat' dir='ltr'>hic</span> <span class='ocrx_word' id='word_1_160' title='bbox 373 2064 622 2110; x_wconf 87' lang='lat' dir='ltr'>comparatur</span> <span class='ocrx_word' id='word_1_161' title='bbox 654 2060 815 2108; x_wconf 74' lang='lat' dir='ltr'>aequitas</span> <span class='ocrx_word' id='word_1_162' title='bbox 847 2061 956 2096; x_wconf 84' lang='lat' dir='ltr'>scuto</span> <span class='ocrx_word' id='word_1_163' title='bbox 994 2059 1305 2107; x_wconf 75' lang='lat' dir='ltr'>imxpugnabili.</span> 
     </span>
     <span class='ocr_line' id='line_1_29' title="bbox 283 2121 1308 2169; baseline -0.004 -7"><span class='ocrx_word' id='word_1_164' title='bbox 283 2128 331 2162; x_wconf 92' lang='lat' dir='ltr'>De</span> <span class='ocrx_word' id='word_1_165' title='bbox 357 2124 531 2161; x_wconf 89' lang='lat' dir='ltr'>secundo</span> <span class='ocrx_word' id='word_1_166' title='bbox 557 2124 570 2144; x_wconf 80' lang='lat'><strong>²</strong></span> <span class='ocrx_word' id='word_1_167' title='bbox 600 2135 608 2159; x_wconf 75' lang='grc' dir='ltr'>ι</span> <span class='ocrx_word' id='word_1_168' title='bbox 641 2136 658 2156; x_wconf 78' lang='grc' dir='ltr'>α</span> <span class='ocrx_word' id='word_1_169' title='bbox 684 2122 799 2168; x_wconf 75' lang='lat' dir='ltr'>Virga</span> <span class='ocrx_word' id='word_1_170' title='bbox 825 2121 1038 2169; x_wconf 71' lang='lat' dir='ltr'>aequitatis,</span> <span class='ocrx_word' id='word_1_171' title='bbox 1068 2122 1179 2168; x_wconf 83' lang='lat' dir='ltr'>virga</span> <span class='ocrx_word' id='word_1_172' title='bbox 1197 2121 1308 2169; x_wconf 80' lang='lat' dir='ltr'>regni</span> 
     </span>
     <span class='ocr_line' id='line_1_30' title="bbox 283 2183 1306 2233; baseline -0.004 -9"><span class='ocrx_word' id='word_1_173' title='bbox 283 2188 333 2224; x_wconf 93' lang='lat' dir='ltr'>tui</span> <span class='ocrx_word' id='word_1_174' title='bbox 353 2200 360 2223; x_wconf 91' lang='lat'>:</span> <span class='ocrx_word' id='word_1_175' title='bbox 380 2200 396 2220; x_wconf 74' lang='lat' dir='ltr'>n</span> <span class='ocrx_word' id='word_1_176' title='bbox 421 2186 483 2222; x_wconf 91' lang='lat' dir='ltr'>hic</span> <span class='ocrx_word' id='word_1_177' title='bbox 504 2186 753 2233; x_wconf 65' lang='lat' dir='ltr'>comparatur</span> <span class='ocrx_word' id='word_1_178' title='bbox 767 2184 929 2232; x_wconf 71' lang='lat' dir='ltr'>aequitas</span> <span class='ocrx_word' id='word_1_179' title='bbox 949 2183 1068 2230; x_wconf 83' lang='lat' dir='ltr'>virgae</span> <span class='ocrx_word' id='word_1_180' title='bbox 1089 2183 1306 2220; x_wconf 77' lang='lat' dir='ltr'>inflexibili.</span> 
     </span>
     <span class='ocr_line' id='line_1_31' title="bbox 283 2244 1306 2294; baseline -0.004 -9"><span class='ocrx_word' id='word_1_181' title='bbox 283 2249 387 2285; x_wconf 80' lang='lat' dir='ltr'>t‘nde</span> <span class='ocrx_word' id='word_1_182' title='bbox 415 2248 525 2294; x_wconf 82' lang='lat' dir='ltr'>virga</span> <span class='ocrx_word' id='word_1_183' title='bbox 551 2247 621 2283; x_wconf 88' lang='lat' dir='ltr'>ista</span> <span class='ocrx_word' id='word_1_184' title='bbox 651 2247 691 2282; x_wconf 94' lang='lat' dir='ltr'>in</span> <span class='ocrx_word' id='word_1_185' title='bbox 720 2245 919 2282; x_wconf 78' lang='lat' dir='ltr'>psalmista</span> <span class='ocrx_word' id='word_1_186' title='bbox 953 2244 1092 2281; x_wconf 89' lang='lat' dir='ltr'>dicitur</span> <span class='ocrx_word' id='word_1_187' title='bbox 1117 2244 1242 2281; x_wconf 85' lang='lat' dir='ltr'>ferrea</span> <span class='ocrx_word' id='word_1_188' title='bbox 1261 2246 1274 2267; x_wconf 85' lang='lat'><strong>³</strong></span> <span class='ocrx_word' id='word_1_189' title='bbox 1298 2257 1306 2281; x_wconf 91' lang='lat'>:</span> 
     </span>
     <span class='ocr_line' id='line_1_32' title="bbox 286 2305 1305 2357; baseline -0.001 -13"><span class='ocrx_word' id='word_1_190' title='bbox 286 2326 302 2344; x_wconf 86' lang='lat'>«</span> <span class='ocrx_word' id='word_1_191' title='bbox 323 2314 445 2357; x_wconf 85' lang='lat' dir='ltr'>Reges</span> <span class='ocrx_word' id='word_1_192' title='bbox 463 2320 529 2346; x_wconf 85' lang='lat' dir='ltr'>eos</span> <span class='ocrx_word' id='word_1_193' title='bbox 559 2309 600 2345; x_wconf 92' lang='lat' dir='ltr'>in</span> <span class='ocrx_word' id='word_1_194' title='bbox 629 2308 739 2354; x_wconf 86' lang='lat' dir='ltr'>virga</span> <span class='ocrx_word' id='word_1_195' title='bbox 763 2307 908 2348; x_wconf 79' lang='lat' dir='ltr'>ferrea,</span> <span class='ocrx_word' id='word_1_196' title='bbox 932 2321 949 2341; x_wconf 72' lang='lat' dir='ltr'>n</span> <span class='ocrx_word' id='word_1_197' title='bbox 973 2309 1045 2343; x_wconf 86' lang='lat' dir='ltr'>cte.</span> <span class='ocrx_word' id='word_1_198' title='bbox 1069 2309 1118 2343; x_wconf 89' lang='lat' dir='ltr'>De</span> <span class='ocrx_word' id='word_1_199' title='bbox 1136 2307 1245 2343; x_wconf 82' lang='lat' dir='ltr'>tertio</span> <span class='ocrx_word' id='word_1_200' title='bbox 1265 2305 1305 2343; x_wconf 67' lang='lat'>⁶:</span> 
     </span>
     <span class='ocr_line' id='line_1_33' title="bbox 288 2368 1309 2418; baseline -0.005 -9"><span class='ocrx_word' id='word_1_201' title='bbox 288 2387 303 2405; x_wconf 82' lang='grc' dir='ltr'>(ι</span> <span class='ocrx_word' id='word_1_202' title='bbox 325 2374 469 2409; x_wconf 85' lang='lat' dir='ltr'>Ducam</span> <span class='ocrx_word' id='word_1_203' title='bbox 494 2374 528 2408; x_wconf 88' lang='lat' dir='ltr'>te</span> <span class='ocrx_word' id='word_1_204' title='bbox 548 2381 618 2418; x_wconf 90' lang='lat' dir='ltr'>per</span> <span class='ocrx_word' id='word_1_205' title='bbox 637 2369 793 2406; x_wconf 79' lang='lat' dir='ltr'>semitas</span> <span class='ocrx_word' id='word_1_206' title='bbox 817 2369 1010 2416; x_wconf 78' lang='lat' dir='ltr'>oequitatis</span> <span class='ocrx_word' id='word_1_207' title='bbox 1035 2380 1043 2405; x_wconf 74' lang='grc' dir='ltr'>ε</span> <span class='ocrx_word' id='word_1_208' title='bbox 1073 2382 1090 2402; x_wconf 72' lang='lat' dir='ltr'>n</span> <span class='ocrx_word' id='word_1_209' title='bbox 1113 2368 1175 2404; x_wconf 81' lang='lat' dir='ltr'>hic</span> <span class='ocrx_word' id='word_1_210' title='bbox 1203 2379 1309 2404; x_wconf 91' lang='lat' dir='ltr'>com-</span> 
     </span>
     <span class='ocr_line' id='line_1_34' title="bbox 282 2430 1309 2482; baseline 0 -14"><span class='ocrx_word' id='word_1_211' title='bbox 282 2436 441 2482; x_wconf 74' lang='lat' dir='ltr'>paratur</span> <span class='ocrx_word' id='word_1_212' title='bbox 459 2432 621 2480; x_wconf 74' lang='lat' dir='ltr'>aequitas</span> <span class='ocrx_word' id='word_1_213' title='bbox 646 2431 791 2468; x_wconf 59' lang='lat' dir='ltr'>semiue</span> <span class='ocrx_word' id='word_1_214' title='bbox 818 2430 1024 2467; x_wconf 82' lang='lat' dir='ltr'>infallibili.</span> <span class='ocrx_word' id='word_1_215' title='bbox 1047 2430 1153 2466; x_wconf 85' lang='lat' dir='ltr'>Unde</span> <span class='ocrx_word' id='word_1_216' title='bbox 1174 2430 1309 2468; x_wconf 87' lang='lat' dir='ltr'>semita</span> 
     </span>
     <span class='ocr_line' id='line_1_35' title="bbox 282 2492 1311 2540; baseline -0.004 -8"><span class='ocrx_word' id='word_1_217' title='bbox 282 2498 386 2533; x_wconf 86' lang='lat' dir='ltr'>recta</span> <span class='ocrx_word' id='word_1_218' title='bbox 419 2494 558 2531; x_wconf 89' lang='lat' dir='ltr'>dicitur</span> <span class='ocrx_word' id='word_1_219' title='bbox 582 2494 622 2530; x_wconf 89' lang='lat' dir='ltr'>in</span> <span class='ocrx_word' id='word_1_220' title='bbox 647 2493 839 2540; x_wconf 83' lang='lat' dir='ltr'>Propheta</span> <span class='ocrx_word' id='word_1_221' title='bbox 858 2493 870 2513; x_wconf 75' lang='lat'>⁵</span> <span class='ocrx_word' id='word_1_222' title='bbox 899 2505 906 2528; x_wconf 77' lang='grc' dir='ltr'>ε</span> <span class='ocrx_word' id='word_1_223' title='bbox 933 2507 948 2526; x_wconf 79' lang='grc' dir='ltr'>(ι</span> <span class='ocrx_word' id='word_1_224' title='bbox 969 2493 1131 2538; x_wconf 84' lang='lat' dir='ltr'>Semita,</span> <span class='ocrx_word' id='word_1_225' title='bbox 1161 2492 1311 2540; x_wconf 85' lang='lat' dir='ltr'>inquit,</span> 
     </span>
     <span class='ocr_line' id='line_1_36' title="bbox 283 2559 619 2605; baseline -0.012 -10"><span class='ocrx_word' id='word_1_226' title='bbox 283 2559 370 2605; x_wconf 80' lang='lat' dir='ltr'>justi</span> <span class='ocrx_word' id='word_1_227' title='bbox 390 2561 495 2595; x_wconf 88' lang='lat' dir='ltr'>recta</span> <span class='ocrx_word' id='word_1_228' title='bbox 514 2560 582 2594; x_wconf 86' lang='lat' dir='ltr'>est.</span> <span class='ocrx_word' id='word_1_229' title='bbox 602 2570 619 2591; x_wconf 88' lang='lat'>»</span> 
     </span>
    </p>
   </div>
   <div class='ocr_carea' id='block_1_5' title="bbox 599 2660 993 2697">
    <p class='ocr_par' dir='ltr' id='par_1_5' title="bbox 599 2660 993 2697">
     <span class='ocr_line' id='line_1_37' title="bbox 599 2660 993 2697; baseline -0.003 0"><span class='ocrx_word' id='word_1_230' title='bbox 599 2662 786 2697; x_wconf 61' lang='lat' dir='ltr'>Art-tentus</span> <span class='ocrx_word' id='word_1_231' title='bbox 811 2660 993 2697; x_wconf 75' lang='lat' dir='ltr'>secundus.</span> 
     </span>
    </p>
   </div>
   <div class='ocr_carea' id='block_1_6' title="bbox 285 2743 1314 3472">
    <p class='ocr_par' dir='ltr' id='par_1_6' title="bbox 285 2743 1314 3472">
     <span class='ocr_line' id='line_1_38' title="bbox 330 2743 1307 2791; baseline -0.001 -8"><span class='ocrx_word' id='word_1_232' title='bbox 330 2745 525 2783; x_wconf 65' lang='lat' dir='ltr'>iudicium</span> <span class='ocrx_word' id='word_1_233' title='bbox 546 2743 716 2780; x_wconf 88' lang='lat' dir='ltr'>veritatis</span> <span class='ocrx_word' id='word_1_234' title='bbox 737 2743 970 2786; x_wconf 83' lang='lat' dir='ltr'>enuntiatur,</span> <span class='ocrx_word' id='word_1_235' title='bbox 989 2753 1077 2779; x_wconf 87' lang='lat' dir='ltr'>cum</span> <span class='ocrx_word' id='word_1_236' title='bbox 1097 2744 1276 2791; x_wconf 87' lang='lat' dir='ltr'>adjicitur</span> <span class='ocrx_word' id='word_1_237' title='bbox 1299 2757 1307 2782; x_wconf 90' lang='lat'>:</span> 
     </span>
     <span class='ocr_line' id='line_1_39' title="bbox 288 2805 1309 2853; baseline -0.001 -9"><span class='ocrx_word' id='word_1_238' title='bbox 288 2809 502 2844; x_wconf 73' lang='lat' dir='ltr'>Testimcmca</span> <span class='ocrx_word' id='word_1_239' title='bbox 531 2810 608 2842; x_wconf 77' lang='lat' dir='ltr'>tua.</span> <span class='ocrx_word' id='word_1_240' title='bbox 640 2808 734 2842; x_wconf 74' lang='lat' dir='ltr'>Nam</span> <span class='ocrx_word' id='word_1_241' title='bbox 764 2805 859 2841; x_wconf 90' lang='lat' dir='ltr'>nulli</span> <span class='ocrx_word' id='word_1_242' title='bbox 883 2805 1068 2851; x_wconf 86' lang='lat' dir='ltr'>dubium,</span> <span class='ocrx_word' id='word_1_243' title='bbox 1091 2806 1185 2853; x_wconf 88' lang='lat' dir='ltr'>quin</span> <span class='ocrx_word' id='word_1_244' title='bbox 1213 2807 1309 2843; x_wconf 85' lang='lat' dir='ltr'>divi-</span> 
     </span>
     <span class='ocr_line' id='line_1_40' title="bbox 285 2864 1310 2917; baseline 0 -10"><span class='ocrx_word' id='word_1_245' title='bbox 285 2881 381 2907; x_wconf 89' lang='lat' dir='ltr'>num</span> <span class='ocrx_word' id='word_1_246' title='bbox 406 2869 670 2906; x_wconf 83' lang='lat' dir='ltr'>testimonium</span> <span class='ocrx_word' id='word_1_247' title='bbox 695 2869 742 2905; x_wconf 76' lang='lat' dir='ltr'>sit</span> <span class='ocrx_word' id='word_1_248' title='bbox 766 2869 937 2905; x_wconf 87' lang='lat' dir='ltr'>veritatis</span> <span class='ocrx_word' id='word_1_249' title='bbox 967 2864 1184 2905; x_wconf 84' lang='lat' dir='ltr'>indicium.-</span> <span class='ocrx_word' id='word_1_250' title='bbox 1217 2869 1310 2917; x_wconf 90' lang='lat' dir='ltr'>quia</span> 
     </span>
     <span class='ocr_line' id='line_1_41' title="bbox 285 2930 1310 2979; baseline -0.001 -11"><span class='ocrx_word' id='word_1_251' title='bbox 285 2942 378 2968; x_wconf 86' lang='lat' dir='ltr'>vero</span> <span class='ocrx_word' id='word_1_252' title='bbox 405 2931 630 2979; x_wconf 71' lang='lat' dir='ltr'>praecedens</span> <span class='ocrx_word' id='word_1_253' title='bbox 649 2930 838 2978; x_wconf 65' lang='lat' dir='ltr'>{equititis</span> <span class='ocrx_word' id='word_1_254' title='bbox 854 2930 1066 2977; x_wconf 86' lang='lat' dir='ltr'>judicium,</span> <span class='ocrx_word' id='word_1_255' title='bbox 1088 2933 1122 2967; x_wconf 89' lang='lat' dir='ltr'>et</span> <span class='ocrx_word' id='word_1_256' title='bbox 1142 2941 1310 2978; x_wconf 59' lang='lat' dir='ltr'>praesens</span> 
     </span>
     <span class='ocr_line' id='line_1_42' title="bbox 285 2991 1312 3040; baseline 0.003 -13"><span class='ocrx_word' id='word_1_257' title='bbox 285 2992 454 3030; x_wconf 77' lang='lat' dir='ltr'>veritatis</span> <span class='ocrx_word' id='word_1_258' title='bbox 481 2991 668 3028; x_wconf 89' lang='lat' dir='ltr'>indicium</span> <span class='ocrx_word' id='word_1_259' title='bbox 689 2991 728 3027; x_wconf 89' lang='lat' dir='ltr'>in</span> <span class='ocrx_word' id='word_1_260' title='bbox 756 3003 879 3028; x_wconf 89' lang='lat' dir='ltr'>unum</span> <span class='ocrx_word' id='word_1_261' title='bbox 906 2992 1164 3038; x_wconf 85' lang='lat' dir='ltr'>conveniunt,</span> <span class='ocrx_word' id='word_1_262' title='bbox 1186 2996 1221 3029; x_wconf 90' lang='lat' dir='ltr'>et</span> <span class='ocrx_word' id='word_1_263' title='bbox 1241 3004 1312 3040; x_wconf 90' lang='lat' dir='ltr'>per</span> 
     </span>
     <span class='ocr_line' id='line_1_43' title="bbox 286 3053 1312 3102; baseline -0.001 -11"><span class='ocrx_word' id='word_1_264' title='bbox 286 3065 531 3102; x_wconf 86' lang='lat' dir='ltr'>consequens</span> <span class='ocrx_word' id='word_1_265' title='bbox 557 3064 680 3090; x_wconf 91' lang='lat' dir='ltr'>unum</span> <span class='ocrx_word' id='word_1_266' title='bbox 706 3053 823 3098; x_wconf 88' lang='lat' dir='ltr'>fiunt,</span> <span class='ocrx_word' id='word_1_267' title='bbox 850 3056 1056 3100; x_wconf 77' lang='lat' dir='ltr'>propterea</span> <span class='ocrx_word' id='word_1_268' title='bbox 1083 3056 1185 3090; x_wconf 87' lang='lat' dir='ltr'>recte</span> <span class='ocrx_word' id='word_1_269' title='bbox 1219 3054 1312 3091; x_wconf 88' lang='lat' dir='ltr'>dicit</span> 
     </span>
     <span class='ocr_line' id='line_1_44' title="bbox 285 3117 1313 3165; baseline 0 -11"><span class='ocrx_word' id='word_1_270' title='bbox 285 3118 476 3165; x_wconf 86' lang='lat' dir='ltr'>Propheta</span> <span class='ocrx_word' id='word_1_271' title='bbox 499 3130 507 3153; x_wconf 90' lang='lat'>:</span> <span class='ocrx_word' id='word_1_272' title='bbox 526 3119 689 3164; x_wconf 72' lang='lat' dir='ltr'>AEquitas</span> <span class='ocrx_word' id='word_1_273' title='bbox 712 3118 915 3152; x_wconf 68' lang='lat' dir='ltr'>testimonia</span> <span class='ocrx_word' id='word_1_274' title='bbox 937 3120 1028 3162; x_wconf 81' lang='lat' dir='ltr'>tua;</span> <span class='ocrx_word' id='word_1_275' title='bbox 1051 3127 1095 3153; x_wconf 88' lang='lat' dir='ltr'>ac</span> <span class='ocrx_word' id='word_1_276' title='bbox 1117 3117 1145 3152; x_wconf 83' lang='lat' dir='ltr'>si</span> <span class='ocrx_word' id='word_1_277' title='bbox 1168 3117 1313 3155; x_wconf 87' lang='lat' dir='ltr'>diceret</span> 
     </span>
     <span class='ocr_line' id='line_1_45' title="bbox 285 3177 1312 3226; baseline 0.001 -12"><span class='ocrx_word' id='word_1_278' title='bbox 285 3190 381 3216; x_wconf 84' lang='lat' dir='ltr'>voce</span> <span class='ocrx_word' id='word_1_279' title='bbox 406 3178 613 3226; x_wconf 86' lang='lat' dir='ltr'>perspicua</span> <span class='ocrx_word' id='word_1_280' title='bbox 638 3191 646 3215; x_wconf 92' lang='lat'><strong>:</strong></span> <span class='ocrx_word' id='word_1_281' title='bbox 669 3177 870 3226; x_wconf 83' lang='lat' dir='ltr'>AEquitatis</span> <span class='ocrx_word' id='word_1_282' title='bbox 891 3177 1066 3224; x_wconf 78' lang='lat' dir='ltr'>judicIa,</span> <span class='ocrx_word' id='word_1_283' title='bbox 1087 3181 1123 3214; x_wconf 90' lang='lat' dir='ltr'>et</span> <span class='ocrx_word' id='word_1_284' title='bbox 1142 3178 1312 3216; x_wconf 84' lang='lat' dir='ltr'>veritatis</span> 
     </span>
     <span class='ocr_line' id='line_1_46' title="bbox 286 3239 1312 3287; baseline -0.001 -10"><span class='ocrx_word' id='word_1_285' title='bbox 286 3240 430 3277; x_wconf 88' lang='lat' dir='ltr'>indicia</span> <span class='ocrx_word' id='word_1_286' title='bbox 455 3243 543 3277; x_wconf 88' lang='lat' dir='ltr'>sunt</span> <span class='ocrx_word' id='word_1_287' title='bbox 570 3240 855 3284; x_wconf 87' lang='lat' dir='ltr'>indifferentia,</span> <span class='ocrx_word' id='word_1_288' title='bbox 877 3239 916 3276; x_wconf 91' lang='lat' dir='ltr'>in</span> <span class='ocrx_word' id='word_1_289' title='bbox 945 3242 1136 3287; x_wconf 83' lang='lat' dir='ltr'>quantum</span> <span class='ocrx_word' id='word_1_290' title='bbox 1166 3245 1254 3276; x_wconf 79' lang='lat' dir='ltr'>sunt</span> <span class='ocrx_word' id='word_1_291' title='bbox 1273 3240 1312 3276; x_wconf 93' lang='lat' dir='ltr'>in</span> 
     </span>
     <span class='ocr_line' id='line_1_47' title="bbox 286 3301 1314 3348; baseline 0 -10"><span class='ocrx_word' id='word_1_292' title='bbox 286 3312 411 3338; x_wconf 90' lang='lat' dir='ltr'>unum</span> <span class='ocrx_word' id='word_1_293' title='bbox 450 3301 735 3339; x_wconf 88' lang='lat' dir='ltr'>convenientia.</span> <span class='ocrx_word' id='word_1_294' title='bbox 770 3304 812 3338; x_wconf 91' lang='lat' dir='ltr'>Et</span> <span class='ocrx_word' id='word_1_295' title='bbox 848 3304 942 3338; x_wconf 88' lang='lat' dir='ltr'>nota</span> <span class='ocrx_word' id='word_1_296' title='bbox 979 3301 1082 3337; x_wconf 87' lang='lat' dir='ltr'>circa</span> <span class='ocrx_word' id='word_1_297' title='bbox 1115 3301 1314 3348; x_wconf 83' lang='lat' dir='ltr'>praemissa</span> 
     </span>
     <span class='ocr_line' id='line_1_48' title="bbox 287 3362 1313 3410; baseline -0.001 -10"><span class='ocrx_word' id='word_1_298' title='bbox 287 3363 526 3407; x_wconf 83' lang='lat' dir='ltr'>testimonia,</span> <span class='ocrx_word' id='word_1_299' title='bbox 560 3363 671 3410; x_wconf 91' lang='lat' dir='ltr'>quod</span> <span class='ocrx_word' id='word_1_300' title='bbox 700 3362 816 3399; x_wconf 90' lang='lat' dir='ltr'>nimis</span> <span class='ocrx_word' id='word_1_301' title='bbox 855 3365 966 3399; x_wconf 90' lang='lat' dir='ltr'>erunt</span> <span class='ocrx_word' id='word_1_302' title='bbox 995 3362 1069 3399; x_wconf 84' lang='lat' dir='ltr'>illis</span> <span class='ocrx_word' id='word_1_303' title='bbox 1103 3362 1313 3407; x_wconf 83' lang='lat' dir='ltr'>terribilia,</span> 
     </span>
     <span class='ocr_line' id='line_1_49' title="bbox 287 3425 1313 3472; baseline 0 -11"><span class='ocrx_word' id='word_1_304' title='bbox 287 3425 354 3472; x_wconf 87' lang='lat' dir='ltr'>qui</span> <span class='ocrx_word' id='word_1_305' title='bbox 379 3425 475 3461; x_wconf 90' lang='lat' dir='ltr'>dum</span> <span class='ocrx_word' id='word_1_306' title='bbox 501 3425 698 3470; x_wconf 84' lang='lat' dir='ltr'>viverent,</span> <span class='ocrx_word' id='word_1_307' title='bbox 724 3435 769 3462; x_wconf 83' lang='lat' dir='ltr'>ea</span> <span class='ocrx_word' id='word_1_308' title='bbox 796 3435 877 3462; x_wconf 90' lang='lat' dir='ltr'>non</span> <span class='ocrx_word' id='word_1_309' title='bbox 903 3425 1169 3472; x_wconf 82' lang='lat' dir='ltr'>attenderunt3</span> <span class='ocrx_word' id='word_1_310' title='bbox 1191 3427 1257 3462; x_wconf 87' lang='lat' dir='ltr'>aut</span> <span class='ocrx_word' id='word_1_311' title='bbox 1282 3426 1313 3461; x_wconf 90' lang='lat' dir='ltr'>si</span> 
     </span>
    </p>
   </div>
   <div class='ocr_carea' id='block_1_7' title="bbox 287 3505 1313 3595">
    <p class='ocr_par' dir='ltr' id='par_1_7' title="bbox 287 3505 1313 3595">
     <span class='ocr_line' id='line_1_50' title="bbox 329 3505 1313 3549; baseline 0.001 -11"><span class='ocrx_word' id='word_1_312' title='bbox 329 3507 448 3548; x_wconf 81' lang='lat' dir='ltr'>¹Sap.,</span> <span class='ocrx_word' id='word_1_313' title='bbox 468 3515 500 3547; x_wconf 89' lang='lat' dir='ltr'>v,</span> <span class='ocrx_word' id='word_1_314' title='bbox 527 3510 578 3540; x_wconf 84' lang='lat'>20.</span> <span class='ocrx_word' id='word_1_315' title='bbox 602 3526 636 3531; x_wconf 93' lang='lat'>-</span> <span class='ocrx_word' id='word_1_316' title='bbox 662 3505 676 3526; x_wconf 74' lang='lat'>⁸</span> <span class='ocrx_word' id='word_1_317' title='bbox 702 3508 814 3547; x_wconf 59' lang='lat' dir='ltr'>hebra,</span> <span class='ocrx_word' id='word_1_318' title='bbox 841 3516 870 3549; x_wconf 81' lang='lat' dir='ltr'>t,</span> <span class='ocrx_word' id='word_1_319' title='bbox 898 3510 928 3540; x_wconf 85' lang='lat'>8.</span> <span class='ocrx_word' id='word_1_320' title='bbox 949 3525 989 3532; x_wconf 92' lang='lat'>-</span> <span class='ocrx_word' id='word_1_321' title='bbox 1007 3508 1021 3530; x_wconf 81' lang='lat'>⁸</span> <span class='ocrx_word' id='word_1_322' title='bbox 1040 3507 1128 3540; x_wconf 64' lang='lat' dir='ltr'>Psol.</span> <span class='ocrx_word' id='word_1_323' title='bbox 1152 3515 1195 3547; x_wconf 82' lang='lat'>11,</span> <span class='ocrx_word' id='word_1_324' title='bbox 1223 3509 1253 3539; x_wconf 91' lang='grc'>9.</span> <span class='ocrx_word' id='word_1_325' title='bbox 1273 3525 1313 3533; x_wconf 84' lang='grc'>-</span> 
     </span>
     <span class='ocr_line' id='line_1_51' title="bbox 287 3554 1313 3595; baseline 0.001 -10"><span class='ocrx_word' id='word_1_326' title='bbox 287 3556 296 3570; x_wconf 84' lang='lat'>⁴</span> <span class='ocrx_word' id='word_1_327' title='bbox 324 3554 434 3593; x_wconf 55' lang='lat' dir='ltr'>Prota,</span> <span class='ocrx_word' id='word_1_328' title='bbox 462 3562 507 3595; x_wconf 84' lang='lat' dir='ltr'>lv,</span> <span class='ocrx_word' id='word_1_329' title='bbox 538 3558 583 3586; x_wconf 84' lang='lat'>1¹.</span> <span class='ocrx_word' id='word_1_330' title='bbox 616 3573 648 3579; x_wconf 58' lang='grc' dir='ltr'>ν·</span> <span class='ocrx_word' id='word_1_331' title='bbox 678 3557 690 3577; x_wconf 83' lang='lat'>⁵</span> <span class='ocrx_word' id='word_1_332' title='bbox 712 3555 786 3594; x_wconf 56' lang='lat' dir='ltr'>ssa..</span> <span class='ocrx_word' id='word_1_333' title='bbox 810 3563 909 3595; x_wconf 62' lang='lat' dir='ltr'>xxx‘l,</span> <span class='ocrx_word' id='word_1_334' title='bbox 931 3557 961 3587; x_wconf 84' lang='lat'>7.</span> <span class='ocrx_word' id='word_1_335' title='bbox 996 3575 1024 3580; x_wconf 90' lang='lat'>-</span> <span class='ocrx_word' id='word_1_336' title='bbox 1046 3557 1057 3572; x_wconf 64' lang='lat'>⁶</span> <span class='ocrx_word' id='word_1_337' title='bbox 1079 3557 1102 3586; x_wconf 93' lang='grc'>11</span> <span class='ocrx_word' id='word_1_338' title='bbox 1130 3555 1240 3595; x_wconf 57' lang='lat' dir='ltr'>liuha,</span> <span class='ocrx_word' id='word_1_339' title='bbox 1269 3563 1313 3595; x_wconf 75' lang='lat' dir='ltr'>tx,</span> 
     </span>
    </p>
   </div>
   <div class='ocr_carea' id='block_1_8' title="bbox 982 289 1718 333">
    <p class='ocr_par' dir='ltr' id='par_1_8' title="bbox 982 289 1718 333">
     <span class='ocr_line' id='line_1_52' title="bbox 982 289 1718 333; baseline -0.001 0"><span class='ocrx_word' id='word_1_340' title='bbox 982 289 1256 333; x_wconf 74' lang='lat' dir='ltr'>EXPOSITlO</span> <span class='ocrx_word' id='word_1_341' title='bbox 1286 289 1339 332; x_wconf 84' lang='lat' dir='ltr'>IN</span> <span class='ocrx_word' id='word_1_342' title='bbox 1371 291 1718 333; x_wconf 80' lang='lat' dir='ltr'>PSALTERIUM.</span> 
     </span>
    </p>
   </div>
   <div class='ocr_carea' id='block_1_9' title="bbox 1384 381 2411 1296">
    <p class='ocr_par' dir='ltr' id='par_1_9' title="bbox 1384 381 2411 1296">
     <span class='ocr_line' id='line_1_53' title="bbox 1387 381 2408 431; baseline 0.003 -13"><span class='ocrx_word' id='word_1_343' title='bbox 1387 381 1646 428; x_wconf 80' lang='lat' dir='ltr'>attenderunt,</span> <span class='ocrx_word' id='word_1_344' title='bbox 1662 391 1743 418; x_wconf 91' lang='lat' dir='ltr'>non</span> <span class='ocrx_word' id='word_1_345' title='bbox 1760 382 1993 428; x_wconf 86' lang='lat' dir='ltr'>acceperunt</span> <span class='ocrx_word' id='word_1_346' title='bbox 2002 393 2013 428; x_wconf 82' lang='lat'>3</span> <span class='ocrx_word' id='word_1_347' title='bbox 2029 383 2095 418; x_wconf 86' lang='lat' dir='ltr'>aut</span> <span class='ocrx_word' id='word_1_348' title='bbox 2113 381 2143 418; x_wconf 88' lang='lat' dir='ltr'>si</span> <span class='ocrx_word' id='word_1_349' title='bbox 2162 385 2408 431; x_wconf 86' lang='lat' dir='ltr'>aeceperunt,</span> 
     </span>
     <span class='ocr_line' id='line_1_54' title="bbox 1384 443 2410 490; baseline 0.003 -11"><span class='ocrx_word' id='word_1_350' title='bbox 1384 453 1465 480; x_wconf 89' lang='lat' dir='ltr'>non</span> <span class='ocrx_word' id='word_1_351' title='bbox 1498 443 1788 489; x_wconf 84' lang='lat' dir='ltr'>custodierunt,</span> <span class='ocrx_word' id='word_1_352' title='bbox 1824 445 1985 490; x_wconf 88' lang='lat' dir='ltr'>propter</span> <span class='ocrx_word' id='word_1_353' title='bbox 2022 443 2265 480; x_wconf 81' lang='lat' dir='ltr'>aversionem</span> <span class='ocrx_word' id='word_1_354' title='bbox 2299 444 2410 482; x_wconf 87' lang='lat' dir='ltr'>intel-</span> 
     </span>
     <span class='ocr_line' id='line_1_55' title="bbox 1385 507 2410 556; baseline 0.003 -13"><span class='ocrx_word' id='word_1_355' title='bbox 1385 507 1520 553; x_wconf 80' lang='lat' dir='ltr'>lectus,</span> <span class='ocrx_word' id='word_1_356' title='bbox 1541 508 1724 554; x_wconf 82' lang='lat' dir='ltr'>affectus,</span> <span class='ocrx_word' id='word_1_357' title='bbox 1746 511 1781 544; x_wconf 88' lang='lat' dir='ltr'>et</span> <span class='ocrx_word' id='word_1_358' title='bbox 1801 507 1970 544; x_wconf 87' lang='lat' dir='ltr'>effeetus.</span> <span class='ocrx_word' id='word_1_359' title='bbox 1997 510 2045 544; x_wconf 73' lang='lat' dir='ltr'>ue</span> <span class='ocrx_word' id='word_1_360' title='bbox 2064 508 2193 556; x_wconf 88' lang='lat' dir='ltr'>primo</span> <span class='ocrx_word' id='word_1_361' title='bbox 2215 509 2229 531; x_wconf 79' lang='lat'><strong>⁶</strong></span> <span class='ocrx_word' id='word_1_362' title='bbox 2250 521 2259 545; x_wconf 77' lang='grc' dir='ltr'>ε</span> <span class='ocrx_word' id='word_1_363' title='bbox 2287 522 2303 542; x_wconf 74' lang='grc' dir='ltr'>α</span> <span class='ocrx_word' id='word_1_364' title='bbox 2326 510 2410 546; x_wconf 91' lang='lat' dir='ltr'>Non</span> 
     </span>
     <span class='ocr_line' id='line_1_56' title="bbox 1385 569 2410 618; baseline 0.003 -14"><span class='ocrx_word' id='word_1_365' title='bbox 1385 569 1630 605; x_wconf 84' lang='lat' dir='ltr'>attenderunt</span> <span class='ocrx_word' id='word_1_366' title='bbox 1662 569 1849 605; x_wconf 85' lang='lat' dir='ltr'>mandata</span> <span class='ocrx_word' id='word_1_367' title='bbox 1880 571 1960 615; x_wconf 89' lang='lat' dir='ltr'>tua,</span> <span class='ocrx_word' id='word_1_368' title='bbox 1994 572 2030 606; x_wconf 91' lang='lat' dir='ltr'>et</span> <span class='ocrx_word' id='word_1_369' title='bbox 2058 569 2290 614; x_wconf 84' lang='lat' dir='ltr'>testimonia,</span> <span class='ocrx_word' id='word_1_370' title='bbox 2322 580 2410 618; x_wconf 79' lang='lat' dir='ltr'>quae</span> 
     </span>
     <span class='ocr_line' id='line_1_57' title="bbox 1385 631 2410 670; baseline 0.003 -4"><span class='ocrx_word' id='word_1_371' title='bbox 1385 631 1605 667; x_wconf 85' lang='lat' dir='ltr'>testificatus</span> <span class='ocrx_word' id='word_1_372' title='bbox 1625 642 1664 667; x_wconf 86' lang='lat' dir='ltr'>es</span> <span class='ocrx_word' id='word_1_373' title='bbox 1685 631 1723 667; x_wconf 90' lang='lat' dir='ltr'>in</span> <span class='ocrx_word' id='word_1_374' title='bbox 1745 631 1798 667; x_wconf 84' lang='lat' dir='ltr'>eis</span> <span class='ocrx_word' id='word_1_375' title='bbox 1821 643 1828 666; x_wconf 93' lang='lat'>:</span> <span class='ocrx_word' id='word_1_376' title='bbox 1851 645 1868 665; x_wconf 67' lang='lat' dir='ltr'>n</span> <span class='ocrx_word' id='word_1_377' title='bbox 1892 641 1980 668; x_wconf 89' lang='lat' dir='ltr'>ecce</span> <span class='ocrx_word' id='word_1_378' title='bbox 2000 631 2215 668; x_wconf 88' lang='lat' dir='ltr'>intellectus</span> <span class='ocrx_word' id='word_1_379' title='bbox 2241 632 2410 670; x_wconf 84' lang='lat' dir='ltr'>aversio-</span> 
     </span>
     <span class='ocr_line' id='line_1_58' title="bbox 1385 693 2406 740; baseline 0.002 -12"><span class='ocrx_word' id='word_1_380' title='bbox 1385 703 1495 737; x_wconf 89' lang='lat' dir='ltr'>nem,</span> <span class='ocrx_word' id='word_1_381' title='bbox 1518 696 1707 740; x_wconf 75' lang='lat' dir='ltr'>quantum</span> <span class='ocrx_word' id='word_1_382' title='bbox 1734 693 1785 730; x_wconf 87' lang='lat' dir='ltr'>ad</span> <span class='ocrx_word' id='word_1_383' title='bbox 1811 693 2122 730; x_wconf 67' lang='lat' dir='ltr'>testimoniorum</span> <span class='ocrx_word' id='word_1_384' title='bbox 2141 693 2406 730; x_wconf 76' lang='lat' dir='ltr'>attentionem.</span> 
     </span>
     <span class='ocr_line' id='line_1_59' title="bbox 1386 747 2411 803; baseline 0.004 -14"><span class='ocrx_word' id='word_1_385' title='bbox 1386 754 1437 790; x_wconf 90' lang='lat' dir='ltr'>De</span> <span class='ocrx_word' id='word_1_386' title='bbox 1467 755 1640 792; x_wconf 87' lang='lat' dir='ltr'>secundo</span> <span class='ocrx_word' id='word_1_387' title='bbox 1665 757 1678 777; x_wconf 85' lang='lat'>⁷</span> <span class='ocrx_word' id='word_1_388' title='bbox 1708 767 1716 790; x_wconf 93' lang='lat'>:</span> <span class='ocrx_word' id='word_1_389' title='bbox 1753 770 1770 789; x_wconf 73' lang='grc' dir='ltr'>α</span> <span class='ocrx_word' id='word_1_390' title='bbox 1799 755 1913 800; x_wconf 84' lang='lat' dir='ltr'>Quod</span> <span class='ocrx_word' id='word_1_391' title='bbox 1949 747 2092 791; x_wconf 80' lang='lat' dir='ltr'>scimus</span> <span class='ocrx_word' id='word_1_392' title='bbox 2125 755 2340 803; x_wconf 85' lang='lat' dir='ltr'>loquimur,</span> <span class='ocrx_word' id='word_1_393' title='bbox 2373 758 2411 793; x_wconf 89' lang='lat' dir='ltr'>et</span> 
     </span>
     <span class='ocr_line' id='line_1_60' title="bbox 1386 815 2410 862; baseline 0.003 -12"><span class='ocrx_word' id='word_1_394' title='bbox 1386 815 1495 862; x_wconf 83' lang='lat' dir='ltr'>quod</span> <span class='ocrx_word' id='word_1_395' title='bbox 1527 815 1698 853; x_wconf 73' lang='lat' dir='ltr'>vidimus</span> <span class='ocrx_word' id='word_1_396' title='bbox 1730 818 1935 862; x_wconf 84' lang='lat' dir='ltr'>testamur,</span> <span class='ocrx_word' id='word_1_397' title='bbox 1968 820 2004 853; x_wconf 88' lang='lat' dir='ltr'>et</span> <span class='ocrx_word' id='word_1_398' title='bbox 2030 817 2294 853; x_wconf 88' lang='lat' dir='ltr'>testimonium</span> <span class='ocrx_word' id='word_1_399' title='bbox 2321 826 2410 853; x_wconf 88' lang='lat' dir='ltr'>nos-</span> 
     </span>
     <span class='ocr_line' id='line_1_61' title="bbox 1385 877 2408 926; baseline 0.002 -14"><span class='ocrx_word' id='word_1_400' title='bbox 1385 878 1486 913; x_wconf 86' lang='lat' dir='ltr'>trum</span> <span class='ocrx_word' id='word_1_401' title='bbox 1507 887 1586 914; x_wconf 91' lang='lat' dir='ltr'>non</span> <span class='ocrx_word' id='word_1_402' title='bbox 1607 878 1802 926; x_wconf 87' lang='lat' dir='ltr'>accipitis:</span> <span class='ocrx_word' id='word_1_403' title='bbox 1825 892 1842 913; x_wconf 84' lang='lat'>»</span> <span class='ocrx_word' id='word_1_404' title='bbox 1861 889 1950 915; x_wconf 89' lang='lat' dir='ltr'>ecce</span> <span class='ocrx_word' id='word_1_405' title='bbox 1972 878 2130 914; x_wconf 66' lang='lat' dir='ltr'>affectus</span> <span class='ocrx_word' id='word_1_406' title='bbox 2149 877 2408 924; x_wconf 88' lang='lat' dir='ltr'>aversionem,</span> 
     </span>
     <span class='ocr_line' id='line_1_62' title="bbox 1386 940 2409 988; baseline 0.003 -13"><span class='ocrx_word' id='word_1_407' title='bbox 1386 941 1576 986; x_wconf 86' lang='lat' dir='ltr'>quantum</span> <span class='ocrx_word' id='word_1_408' title='bbox 1613 940 1665 977; x_wconf 87' lang='lat' dir='ltr'>ad</span> <span class='ocrx_word' id='word_1_409' title='bbox 1702 940 2014 977; x_wconf 83' lang='lat' dir='ltr'>testimoniorum</span> <span class='ocrx_word' id='word_1_410' title='bbox 2047 940 2327 988; x_wconf 79' lang='lat' dir='ltr'>acceptionem.</span> <span class='ocrx_word' id='word_1_411' title='bbox 2359 942 2409 978; x_wconf 83' lang='lat' dir='ltr'>De</span> 
     </span>
     <span class='ocr_line' id='line_1_63' title="bbox 1384 1001 2408 1040; baseline 0.002 -3"><span class='ocrx_word' id='word_1_412' title='bbox 1384 1001 1496 1038; x_wconf 90' lang='lat' dir='ltr'>tertio</span> <span class='ocrx_word' id='word_1_413' title='bbox 1535 1001 1715 1039; x_wconf 81' lang='lat' dir='ltr'>scribitur</span> <span class='ocrx_word' id='word_1_414' title='bbox 1751 1003 1764 1023; x_wconf 79' lang='lat'>⁸</span> <span class='ocrx_word' id='word_1_415' title='bbox 1802 1015 1810 1038; x_wconf 87' lang='grc'>;</span> <span class='ocrx_word' id='word_1_416' title='bbox 1854 1015 1871 1035; x_wconf 88' lang='grc'>«</span> <span class='ocrx_word' id='word_1_417' title='bbox 1915 1003 2254 1040; x_wconf 81' lang='lat' dir='ltr'>Exacerbavcrunt</span> <span class='ocrx_word' id='word_1_418' title='bbox 2288 1004 2408 1039; x_wconf 88' lang='lat' dir='ltr'>Deum</span> 
     </span>
     <span class='ocr_line' id='line_1_64' title="bbox 1385 1062 2407 1112; baseline 0.002 -14"><span class='ocrx_word' id='word_1_419' title='bbox 1385 1062 1596 1110; x_wconf 80' lang='lat' dir='ltr'>excelsum,</span> <span class='ocrx_word' id='word_1_420' title='bbox 1622 1066 1658 1100; x_wconf 88' lang='lat' dir='ltr'>et</span> <span class='ocrx_word' id='word_1_421' title='bbox 1676 1064 1897 1101; x_wconf 84' lang='lat' dir='ltr'>testimonia</span> <span class='ocrx_word' id='word_1_422' title='bbox 1917 1065 2000 1112; x_wconf 87' lang='lat' dir='ltr'>ejus</span> <span class='ocrx_word' id='word_1_423' title='bbox 2019 1075 2098 1101; x_wconf 91' lang='lat' dir='ltr'>non</span> <span class='ocrx_word' id='word_1_424' title='bbox 2120 1064 2407 1109; x_wconf 81' lang='lat' dir='ltr'>custodierunt3</span> 
     </span>
     <span class='ocr_line' id='line_1_65' title="bbox 1385 1126 2404 1174; baseline 0 -14"><span class='ocrx_word' id='word_1_425' title='bbox 1385 1127 1420 1161; x_wconf 86' lang='lat' dir='ltr'>et</span> <span class='ocrx_word' id='word_1_426' title='bbox 1440 1126 1663 1162; x_wconf 80' lang='lat' dir='ltr'>averterunt</span> <span class='ocrx_word' id='word_1_427' title='bbox 1679 1137 1733 1172; x_wconf 91' lang='lat' dir='ltr'>se,</span> <span class='ocrx_word' id='word_1_428' title='bbox 1751 1129 1787 1163; x_wconf 89' lang='lat' dir='ltr'>et</span> <span class='ocrx_word' id='word_1_429' title='bbox 1805 1136 1886 1162; x_wconf 91' lang='lat' dir='ltr'>non</span> <span class='ocrx_word' id='word_1_430' title='bbox 1905 1128 2162 1163; x_wconf 84' lang='lat' dir='ltr'>servavarunt</span> <span class='ocrx_word' id='word_1_431' title='bbox 2179 1127 2336 1174; x_wconf 89' lang='lat' dir='ltr'>paetum</span> <span class='ocrx_word' id='word_1_432' title='bbox 2358 1137 2367 1162; x_wconf 79' lang='lat' dir='ltr'><em>z</em></span> <span class='ocrx_word' id='word_1_433' title='bbox 2386 1139 2404 1160; x_wconf 82' lang='lat'><strong>»</strong></span> 
     </span>
     <span class='ocr_line' id='line_1_66' title="bbox 1385 1186 2410 1236; baseline 0.002 -14"><span class='ocrx_word' id='word_1_434' title='bbox 1385 1196 1471 1222; x_wconf 90' lang='lat' dir='ltr'>ecce</span> <span class='ocrx_word' id='word_1_435' title='bbox 1493 1186 1651 1223; x_wconf 85' lang='lat' dir='ltr'>effectus</span> <span class='ocrx_word' id='word_1_436' title='bbox 1670 1188 1936 1234; x_wconf 84' lang='lat' dir='ltr'>aversionem,</span> <span class='ocrx_word' id='word_1_437' title='bbox 1959 1191 2149 1236; x_wconf 85' lang='lat' dir='ltr'>quantum</span> <span class='ocrx_word' id='word_1_438' title='bbox 2170 1187 2222 1225; x_wconf 88' lang='lat' dir='ltr'>ad</span> <span class='ocrx_word' id='word_1_439' title='bbox 2241 1187 2410 1225; x_wconf 86' lang='lat' dir='ltr'>testimo-</span> 
     </span>
     <span class='ocr_line' id='line_1_67' title="bbox 1384 1247 1874 1296; baseline 0.006 -13"><span class='ocrx_word' id='word_1_440' title='bbox 1384 1247 1539 1284; x_wconf 88' lang='lat' dir='ltr'>niorum</span> <span class='ocrx_word' id='word_1_441' title='bbox 1560 1249 1874 1296; x_wconf 84' lang='lat' dir='ltr'>custoditionem.</span> 
     </span>
    </p>
   </div>
   <div class='ocr_carea' id='block_1_10' title="bbox 1715 1353 2078 1391">
    <p class='ocr_par' dir='ltr' id='par_1_10' title="bbox 1715 1353 2078 1391">
     <span class='ocr_line' id='line_1_68' title="bbox 1715 1353 2078 1391; baseline 0.006 -3"><span class='ocrx_word' id='word_1_442' title='bbox 1715 1353 1902 1389; x_wconf 79' lang='lat' dir='ltr'>Articulus</span> <span class='ocrx_word' id='word_1_443' title='bbox 1935 1355 2078 1391; x_wconf 81' lang='lat' dir='ltr'>tertius.</span> 
     </span>
    </p>
   </div>
   <div class='ocr_carea' id='block_1_11' title="bbox 1382 1434 2414 3099">
    <p class='ocr_par' dir='ltr' id='par_1_11' title="bbox 1382 1434 2414 3099">
     <span class='ocr_line' id='line_1_69' title="bbox 1431 1434 2412 1483; baseline 0.003 -11"><span class='ocrx_word' id='word_1_444' title='bbox 1431 1434 1650 1472; x_wconf 80' lang='lat' dir='ltr'>severitatis</span> <span class='ocrx_word' id='word_1_445' title='bbox 1669 1435 1909 1483; x_wconf 84' lang='lat' dir='ltr'>supplicium</span> <span class='ocrx_word' id='word_1_446' title='bbox 1928 1435 2168 1482; x_wconf 85' lang='lat' dir='ltr'>enucleatur,</span> <span class='ocrx_word' id='word_1_447' title='bbox 2189 1447 2278 1474; x_wconf 88' lang='lat' dir='ltr'>cum</span> <span class='ocrx_word' id='word_1_448' title='bbox 2300 1437 2412 1475; x_wconf 89' lang='lat' dir='ltr'>addi-</span> 
     </span>
     <span class='ocr_line' id='line_1_70' title="bbox 1383 1498 2412 1548; baseline 0.004 -14"><span class='ocrx_word' id='word_1_449' title='bbox 1383 1499 1444 1534; x_wconf 90' lang='lat' dir='ltr'>tur</span> <span class='ocrx_word' id='word_1_450' title='bbox 1467 1509 1475 1534; x_wconf 94' lang='lat'>:</span> <span class='ocrx_word' id='word_1_451' title='bbox 1496 1499 1541 1534; x_wconf 84' lang='lat' dir='ltr'>In</span> <span class='ocrx_word' id='word_1_452' title='bbox 1568 1501 1734 1534; x_wconf 76' lang='lat' dir='ltr'>oeternum</span> <span class='ocrx_word' id='word_1_453' title='bbox 1750 1527 1761 1544; x_wconf 93' lang='lat'>,</span> <span class='ocrx_word' id='word_1_454' title='bbox 1791 1498 1867 1535; x_wconf 86' lang='lat' dir='ltr'>hoc</span> <span class='ocrx_word' id='word_1_455' title='bbox 1887 1501 1960 1546; x_wconf 88' lang='lat' dir='ltr'>est,</span> <span class='ocrx_word' id='word_1_456' title='bbox 1986 1498 2026 1536; x_wconf 89' lang='lat' dir='ltr'>in</span> <span class='ocrx_word' id='word_1_457' title='bbox 2047 1501 2236 1536; x_wconf 87' lang='lat' dir='ltr'>aeternum</span> <span class='ocrx_word' id='word_1_458' title='bbox 2267 1500 2412 1548; x_wconf 89' lang='lat' dir='ltr'>suppli-</span> 
     </span>
     <span class='ocr_line' id='line_1_71' title="bbox 1383 1560 2408 1609; baseline 0.003 -13"><span class='ocrx_word' id='word_1_459' title='bbox 1383 1560 1487 1596; x_wconf 85' lang='lat' dir='ltr'>cium</span> <span class='ocrx_word' id='word_1_460' title='bbox 1517 1572 1526 1596; x_wconf 89' lang='lat'>:</span> <span class='ocrx_word' id='word_1_461' title='bbox 1558 1560 1667 1608; x_wconf 83' lang='lat' dir='ltr'>quod</span> <span class='ocrx_word' id='word_1_462' title='bbox 1697 1560 1863 1609; x_wconf 81' lang='lat' dir='ltr'>pertinet</span> <span class='ocrx_word' id='word_1_463' title='bbox 1894 1561 1946 1598; x_wconf 89' lang='lat' dir='ltr'>ad</span> <span class='ocrx_word' id='word_1_464' title='bbox 1978 1561 2188 1598; x_wconf 85' lang='lat' dir='ltr'>severitatis</span> <span class='ocrx_word' id='word_1_465' title='bbox 2223 1561 2408 1600; x_wconf 88' lang='lat' dir='ltr'>officium.</span> 
     </span>
     <span class='ocr_line' id='line_1_72' title="bbox 1384 1622 2412 1670; baseline 0.003 -12"><span class='ocrx_word' id='word_1_466' title='bbox 1384 1624 1476 1659; x_wconf 90' lang='lat' dir='ltr'>Ecce</span> <span class='ocrx_word' id='word_1_467' title='bbox 1498 1622 1663 1670; x_wconf 81' lang='lat' dir='ltr'>quaIIter</span> <span class='ocrx_word' id='word_1_468' title='bbox 1677 1622 1865 1670; x_wconf 71' lang='lat' dir='ltr'>aequitatis.</span> <span class='ocrx_word' id='word_1_469' title='bbox 1879 1623 2072 1669; x_wconf 88' lang='lat' dir='ltr'>judicium</span> <span class='ocrx_word' id='word_1_470' title='bbox 2083 1651 2095 1670; x_wconf 96' lang='lat'>,</span> <span class='ocrx_word' id='word_1_471' title='bbox 2116 1625 2153 1660; x_wconf 93' lang='lat' dir='ltr'>et</span> <span class='ocrx_word' id='word_1_472' title='bbox 2167 1623 2336 1661; x_wconf 85' lang='lat' dir='ltr'>veritatis</span> <span class='ocrx_word' id='word_1_473' title='bbox 2354 1624 2412 1662; x_wconf 89' lang='lat' dir='ltr'>in-</span> 
     </span>
     <span class='ocr_line' id='line_1_73' title="bbox 1383 1685 2412 1735; baseline 0.003 -14"><span class='ocrx_word' id='word_1_474' title='bbox 1383 1685 1527 1722; x_wconf 77' lang='lat' dir='ltr'>dicium</span> <span class='ocrx_word' id='word_1_475' title='bbox 1544 1686 1699 1723; x_wconf 83' lang='lat' dir='ltr'>fuerunt</span> <span class='ocrx_word' id='word_1_476' title='bbox 1714 1698 1860 1732; x_wconf 89' lang='lat' dir='ltr'>unum,</span> <span class='ocrx_word' id='word_1_477' title='bbox 1877 1687 1915 1723; x_wconf 90' lang='lat' dir='ltr'>in</span> <span class='ocrx_word' id='word_1_478' title='bbox 1934 1690 2124 1735; x_wconf 84' lang='lat' dir='ltr'>quantum</span> <span class='ocrx_word' id='word_1_479' title='bbox 2145 1690 2412 1725; x_wconf 87' lang='lat' dir='ltr'>convenerunt</span> 
     </span>
     <span class='ocr_line' id='line_1_74' title="bbox 1382 1749 2412 1798; baseline 0.003 -14"><span class='ocrx_word' id='word_1_480' title='bbox 1382 1749 1422 1784; x_wconf 93' lang='lat' dir='ltr'>in</span> <span class='ocrx_word' id='word_1_481' title='bbox 1443 1759 1578 1785; x_wconf 86' lang='lat' dir='ltr'>unum.</span> <span class='ocrx_word' id='word_1_482' title='bbox 1609 1751 1649 1786; x_wconf 87' lang='lat' dir='ltr'>In</span> <span class='ocrx_word' id='word_1_483' title='bbox 1676 1749 1785 1797; x_wconf 83' lang='lat' dir='ltr'>quod</span> <span class='ocrx_word' id='word_1_484' title='bbox 1814 1751 1968 1786; x_wconf 73' lang='lat' dir='ltr'>unum?</span> <span class='ocrx_word' id='word_1_485' title='bbox 1988 1751 2028 1787; x_wconf 88' lang='lat' dir='ltr'>In</span> <span class='ocrx_word' id='word_1_486' title='bbox 2049 1751 2237 1786; x_wconf 77' lang='lat' dir='ltr'>aeternum</span> <span class='ocrx_word' id='word_1_487' title='bbox 2266 1749 2412 1798; x_wconf 87' lang='lat' dir='ltr'>suppli-</span> 
     </span>
     <span class='ocr_line' id='line_1_75' title="bbox 1383 1811 2411 1859; baseline 0.003 -12"><span class='ocrx_word' id='word_1_488' title='bbox 1383 1811 1500 1857; x_wconf 89' lang='lat' dir='ltr'>cium,</span> <span class='ocrx_word' id='word_1_489' title='bbox 1521 1822 1591 1858; x_wconf 88' lang='lat' dir='ltr'>per</span> <span class='ocrx_word' id='word_1_490' title='bbox 1613 1811 1721 1858; x_wconf 86' lang='lat' dir='ltr'>quod</span> <span class='ocrx_word' id='word_1_491' title='bbox 1738 1812 1866 1847; x_wconf 79' lang='lat' dir='ltr'>aeterni</span> <span class='ocrx_word' id='word_1_492' title='bbox 1885 1811 1996 1858; x_wconf 82' lang='lat' dir='ltr'>Regis</span> <span class='ocrx_word' id='word_1_493' title='bbox 2013 1811 2284 1859; x_wconf 84' lang='lat' dir='ltr'>praejudicium</span> <span class='ocrx_word' id='word_1_494' title='bbox 2305 1823 2411 1850; x_wconf 88' lang='lat' dir='ltr'>seve-</span> 
     </span>
     <span class='ocr_line' id='line_1_76' title="bbox 1382 1872 2413 1922; baseline 0.001 -13"><span class='ocrx_word' id='word_1_495' title='bbox 1382 1873 1473 1910; x_wconf 84' lang='lat' dir='ltr'>ritas</span> <span class='ocrx_word' id='word_1_496' title='bbox 1493 1873 1728 1917; x_wconf 70' lang='lat' dir='ltr'>vindicavit,</span> <span class='ocrx_word' id='word_1_497' title='bbox 1750 1872 1847 1909; x_wconf 81' lang='lat' dir='ltr'>sicut</span> <span class='ocrx_word' id='word_1_498' title='bbox 1867 1873 2005 1909; x_wconf 86' lang='lat' dir='ltr'>veritas</span> <span class='ocrx_word' id='word_1_499' title='bbox 2023 1873 2223 1919; x_wconf 86' lang='lat' dir='ltr'>indicavit,</span> <span class='ocrx_word' id='word_1_500' title='bbox 2247 1876 2283 1910; x_wconf 91' lang='lat' dir='ltr'>et</span> <span class='ocrx_word' id='word_1_501' title='bbox 2295 1873 2413 1922; x_wconf 82' lang='lat' dir='ltr'>aequi-</span> 
     </span>
     <span class='ocr_line' id='line_1_77' title="bbox 1383 1934 2413 1984; baseline 0.002 -13"><span class='ocrx_word' id='word_1_502' title='bbox 1383 1937 1439 1972; x_wconf 85' lang='lat' dir='ltr'>tas</span> <span class='ocrx_word' id='word_1_503' title='bbox 1467 1935 1670 1981; x_wconf 89' lang='lat' dir='ltr'>judicavit.</span> <span class='ocrx_word' id='word_1_504' title='bbox 1703 1937 1778 1971; x_wconf 89' lang='lat' dir='ltr'>Nec</span> <span class='ocrx_word' id='word_1_505' title='bbox 1813 1934 1979 1982; x_wconf 84' lang='lat' dir='ltr'>mirum,</span> <span class='ocrx_word' id='word_1_506' title='bbox 2018 1935 2049 1971; x_wconf 92' lang='lat' dir='ltr'>si</span> <span class='ocrx_word' id='word_1_507' title='bbox 2083 1935 2413 1984; x_wconf 79' lang='lat' dir='ltr'>psalmographus</span> 
     </span>
     <span class='ocr_line' id='line_1_78' title="bbox 1382 1997 2410 2046; baseline 0.004 -13"><span class='ocrx_word' id='word_1_508' title='bbox 1382 1997 1496 2034; x_wconf 81' lang='lat' dir='ltr'>fuer-it</span> <span class='ocrx_word' id='word_1_509' title='bbox 1515 1997 1629 2034; x_wconf 78' lang='lat' dir='ltr'>valde</span> <span class='ocrx_word' id='word_1_510' title='bbox 1643 1997 1915 2046; x_wconf 76' lang='lat' dir='ltr'>breviloquus,</span> <span class='ocrx_word' id='word_1_511' title='bbox 1936 1998 2028 2046; x_wconf 84' lang='lat' dir='ltr'>quia</span> <span class='ocrx_word' id='word_1_512' title='bbox 2046 1998 2162 2036; x_wconf 88' lang='lat' dir='ltr'>valde</span> <span class='ocrx_word' id='word_1_513' title='bbox 2173 1998 2410 2046; x_wconf 87' lang='lat' dir='ltr'>perterritus.</span> 
     </span>
     <span class='ocr_line' id='line_1_79' title="bbox 1383 2059 2412 2108; baseline 0.002 -12"><span class='ocrx_word' id='word_1_514' title='bbox 1383 2062 1437 2096; x_wconf 89' lang='lat' dir='ltr'>Ita</span> <span class='ocrx_word' id='word_1_515' title='bbox 1456 2059 1672 2107; x_wconf 86' lang='lat' dir='ltr'>loquuntur</span> <span class='ocrx_word' id='word_1_516' title='bbox 1690 2059 1870 2096; x_wconf 88' lang='lat' dir='ltr'>homines</span> <span class='ocrx_word' id='word_1_517' title='bbox 1895 2059 2087 2106; x_wconf 83' lang='lat' dir='ltr'>fugiendo</span> <span class='ocrx_word' id='word_1_518' title='bbox 2105 2060 2327 2108; x_wconf 76' lang='lat' dir='ltr'>periculum</span> <span class='ocrx_word' id='word_1_519' title='bbox 2347 2071 2412 2098; x_wconf 86' lang='lat' dir='ltr'>an-</span> 
     </span>
     <span class='ocr_line' id='line_1_80' title="bbox 1382 2121 2412 2169; baseline 0.003 -12"><span class='ocrx_word' id='word_1_520' title='bbox 1382 2121 1555 2158; x_wconf 88' lang='lat' dir='ltr'>helantes</span> <span class='ocrx_word' id='word_1_521' title='bbox 1568 2149 1580 2166; x_wconf 89' lang='lat'>,</span> <span class='ocrx_word' id='word_1_522' title='bbox 1602 2123 1639 2157; x_wconf 87' lang='lat' dir='ltr'>et</span> <span class='ocrx_word' id='word_1_523' title='bbox 1657 2131 1727 2169; x_wconf 81' lang='lat' dir='ltr'>per</span> <span class='ocrx_word' id='word_1_524' title='bbox 1746 2121 1979 2158; x_wconf 85' lang='lat' dir='ltr'>brevitatem</span> <span class='ocrx_word' id='word_1_525' title='bbox 1999 2121 2162 2167; x_wconf 84' lang='lat' dir='ltr'>affatus,</span> <span class='ocrx_word' id='word_1_526' title='bbox 2181 2122 2412 2160; x_wconf 87' lang='lat' dir='ltr'>brevitatem</span> 
     </span>
     <span class='ocr_line' id='line_1_81' title="bbox 1385 2183 2412 2222; baseline 0.004 -4"><span class='ocrx_word' id='word_1_527' title='bbox 1385 2183 1576 2219; x_wconf 86' lang='lat' dir='ltr'>anhelitus</span> <span class='ocrx_word' id='word_1_528' title='bbox 1603 2183 1836 2220; x_wconf 79' lang='lat' dir='ltr'>intimantes.</span> <span class='ocrx_word' id='word_1_529' title='bbox 1863 2186 1904 2220; x_wconf 88' lang='lat' dir='ltr'>Et</span> <span class='ocrx_word' id='word_1_530' title='bbox 1922 2186 2016 2220; x_wconf 85' lang='lat' dir='ltr'>nota</span> <span class='ocrx_word' id='word_1_531' title='bbox 2037 2183 2085 2220; x_wconf 89' lang='lat' dir='ltr'>de</span> <span class='ocrx_word' id='word_1_532' title='bbox 2106 2183 2279 2222; x_wconf 86' lang='lat' dir='ltr'>vindicta</span> <span class='ocrx_word' id='word_1_533' title='bbox 2304 2195 2412 2222; x_wconf 85' lang='lat' dir='ltr'>seve-</span> 
     </span>
     <span class='ocr_line' id='line_1_82' title="bbox 1384 2243 2412 2292; baseline 0.003 -12"><span class='ocrx_word' id='word_1_534' title='bbox 1384 2243 1503 2280; x_wconf 86' lang='lat' dir='ltr'>ritatis</span> <span class='ocrx_word' id='word_1_535' title='bbox 1523 2246 1685 2290; x_wconf 86' lang='lat' dir='ltr'>aeterna,</span> <span class='ocrx_word' id='word_1_536' title='bbox 1707 2244 1816 2292; x_wconf 89' lang='lat' dir='ltr'>quod</span> <span class='ocrx_word' id='word_1_537' title='bbox 1842 2244 2059 2281; x_wconf 87' lang='lat' dir='ltr'>secundum</span> <span class='ocrx_word' id='word_1_538' title='bbox 2087 2245 2221 2282; x_wconf 87' lang='lat' dir='ltr'>divina</span> <span class='ocrx_word' id='word_1_539' title='bbox 2239 2245 2412 2284; x_wconf 85' lang='lat' dir='ltr'>testimo-</span> 
     </span>
     <span class='ocr_line' id='line_1_83' title="bbox 1384 2305 2411 2355; baseline 0.004 -14"><span class='ocrx_word' id='word_1_540' title='bbox 1384 2305 1447 2342; x_wconf 89' lang='lat' dir='ltr'>nia</span> <span class='ocrx_word' id='word_1_541' title='bbox 1468 2305 1609 2342; x_wconf 89' lang='lat' dir='ltr'>dicitur</span> <span class='ocrx_word' id='word_1_542' title='bbox 1628 2306 1820 2353; x_wconf 81' lang='lat' dir='ltr'>tripartita</span> <span class='ocrx_word' id='word_1_543' title='bbox 1842 2318 1850 2342; x_wconf 93' lang='lat'>:</span> <span class='ocrx_word' id='word_1_544' title='bbox 1872 2305 2055 2353; x_wconf 82' lang='lat' dir='ltr'>quaedam</span> <span class='ocrx_word' id='word_1_545' title='bbox 2082 2317 2274 2354; x_wconf 87' lang='lat' dir='ltr'>superna,</span> <span class='ocrx_word' id='word_1_546' title='bbox 2306 2318 2411 2355; x_wconf 77' lang='lat' dir='ltr'>quae-</span> 
     </span>
     <span class='ocr_line' id='line_1_84' title="bbox 1386 2368 2413 2417; baseline 0.003 -13"><span class='ocrx_word' id='word_1_547' title='bbox 1386 2368 1478 2404; x_wconf 90' lang='lat' dir='ltr'>dam</span> <span class='ocrx_word' id='word_1_548' title='bbox 1504 2369 1674 2414; x_wconf 80' lang='lat' dir='ltr'>interna,</span> <span class='ocrx_word' id='word_1_549' title='bbox 1703 2369 1887 2417; x_wconf 70' lang='lat' dir='ltr'>quaednm</span> <span class='ocrx_word' id='word_1_550' title='bbox 1917 2371 2086 2405; x_wconf 85' lang='lat' dir='ltr'>externa.</span> <span class='ocrx_word' id='word_1_551' title='bbox 2114 2368 2240 2405; x_wconf 81' lang='lat' dir='ltr'>Prima</span> <span class='ocrx_word' id='word_1_552' title='bbox 2267 2371 2413 2417; x_wconf 81' lang='lat' dir='ltr'>spectat</span> 
     </span>
     <span class='ocr_line' id='line_1_85' title="bbox 1385 2430 2412 2477; baseline 0.003 -11"><span class='ocrx_word' id='word_1_553' title='bbox 1385 2430 1436 2466; x_wconf 90' lang='lat' dir='ltr'>ad</span> <span class='ocrx_word' id='word_1_554' title='bbox 1466 2430 1725 2467; x_wconf 89' lang='lat' dir='ltr'>domesticum</span> <span class='ocrx_word' id='word_1_555' title='bbox 1750 2431 1929 2477; x_wconf 74' lang='lat' dir='ltr'>exilium5</span> <span class='ocrx_word' id='word_1_556' title='bbox 1957 2430 2130 2467; x_wconf 85' lang='lat' dir='ltr'>secunda</span> <span class='ocrx_word' id='word_1_557' title='bbox 2156 2431 2208 2467; x_wconf 90' lang='lat' dir='ltr'>ad</span> <span class='ocrx_word' id='word_1_558' title='bbox 2234 2431 2412 2469; x_wconf 86' lang='lat' dir='ltr'>intrinse-</span> 
     </span>
     <span class='ocr_line' id='line_1_86' title="bbox 1385 2492 2412 2540; baseline 0.003 -12"><span class='ocrx_word' id='word_1_559' title='bbox 1385 2503 1474 2529; x_wconf 90' lang='lat' dir='ltr'>cum</span> <span class='ocrx_word' id='word_1_560' title='bbox 1506 2492 1739 2540; x_wconf 86' lang='lat' dir='ltr'>supplicium</span> <span class='ocrx_word' id='word_1_561' title='bbox 1753 2506 1764 2539; x_wconf 83' lang='lat'>3</span> <span class='ocrx_word' id='word_1_562' title='bbox 1793 2493 1906 2530; x_wconf 87' lang='lat' dir='ltr'>tertia</span> <span class='ocrx_word' id='word_1_563' title='bbox 1924 2492 1976 2530; x_wconf 90' lang='lat' dir='ltr'>ad</span> <span class='ocrx_word' id='word_1_564' title='bbox 1996 2493 2254 2530; x_wconf 77' lang='lat' dir='ltr'>cxtrinsecum</span> <span class='ocrx_word' id='word_1_565' title='bbox 2279 2493 2412 2531; x_wconf 87' lang='lat' dir='ltr'>incen-</span> 
     </span>
     <span class='ocr_line' id='line_1_87' title="bbox 1386 2553 2413 2602; baseline 0.004 -13"><span class='ocrx_word' id='word_1_566' title='bbox 1386 2553 1508 2590; x_wconf 87' lang='lat' dir='ltr'>dium.</span> <span class='ocrx_word' id='word_1_567' title='bbox 1531 2556 1581 2590; x_wconf 79' lang='lat' dir='ltr'>De</span> <span class='ocrx_word' id='word_1_568' title='bbox 1600 2554 1729 2602; x_wconf 87' lang='lat' dir='ltr'>primo</span> <span class='ocrx_word' id='word_1_569' title='bbox 1744 2555 1757 2577; x_wconf 79' lang='lat'>⁹</span> <span class='ocrx_word' id='word_1_570' title='bbox 1776 2566 1784 2591; x_wconf 90' lang='lat'>:</span> <span class='ocrx_word' id='word_1_571' title='bbox 1806 2568 1824 2589; x_wconf 88' lang='lat'>«</span> <span class='ocrx_word' id='word_1_572' title='bbox 1843 2554 1915 2599; x_wconf 83' lang='lat' dir='ltr'>Qui</span> <span class='ocrx_word' id='word_1_573' title='bbox 1935 2554 2025 2591; x_wconf 87' lang='lat' dir='ltr'>facit</span> <span class='ocrx_word' id='word_1_574' title='bbox 2042 2558 2259 2602; x_wconf 85' lang='lat' dir='ltr'>peceatum,</span> <span class='ocrx_word' id='word_1_575' title='bbox 2278 2567 2413 2594; x_wconf 76' lang='lat' dir='ltr'>servus</span> 
     </span>
     <span class='ocr_line' id='line_1_88' title="bbox 1387 2616 2411 2664; baseline 0.004 -12"><span class='ocrx_word' id='word_1_576' title='bbox 1387 2618 1441 2652; x_wconf 90' lang='lat' dir='ltr'>est</span> <span class='ocrx_word' id='word_1_577' title='bbox 1459 2616 1607 2664; x_wconf 84' lang='lat' dir='ltr'>peccati</span> <span class='ocrx_word' id='word_1_578' title='bbox 1628 2629 1639 2663; x_wconf 93' lang='lat'>;</span> <span class='ocrx_word' id='word_1_579' title='bbox 1659 2626 1792 2653; x_wconf 85' lang='lat' dir='ltr'>servus</span> <span class='ocrx_word' id='word_1_580' title='bbox 1812 2618 1942 2653; x_wconf 88' lang='lat' dir='ltr'>autem</span> <span class='ocrx_word' id='word_1_581' title='bbox 1962 2627 2043 2653; x_wconf 91' lang='lat' dir='ltr'>non</span> <span class='ocrx_word' id='word_1_582' title='bbox 2069 2619 2199 2654; x_wconf 89' lang='lat' dir='ltr'>manet</span> <span class='ocrx_word' id='word_1_583' title='bbox 2218 2617 2259 2654; x_wconf 92' lang='lat' dir='ltr'>in</span> <span class='ocrx_word' id='word_1_584' title='bbox 2290 2617 2411 2656; x_wconf 91' lang='lat' dir='ltr'>domo</span> 
     </span>
     <span class='ocr_line' id='line_1_89' title="bbox 1385 2678 2413 2728; baseline 0.004 -14"><span class='ocrx_word' id='word_1_585' title='bbox 1385 2678 1425 2714; x_wconf 91' lang='lat' dir='ltr'>in</span> <span class='ocrx_word' id='word_1_586' title='bbox 1444 2680 1644 2715; x_wconf 77' lang='lat' dir='ltr'>aeternum.</span> <span class='ocrx_word' id='word_1_587' title='bbox 1666 2692 1683 2713; x_wconf 83' lang='lat'>»</span> <span class='ocrx_word' id='word_1_588' title='bbox 1709 2680 1802 2716; x_wconf 85' lang='lat' dir='ltr'>Ecce</span> <span class='ocrx_word' id='word_1_589' title='bbox 1822 2678 1994 2715; x_wconf 83' lang='lat' dir='ltr'>vindicta</span> <span class='ocrx_word' id='word_1_590' title='bbox 2025 2680 2191 2725; x_wconf 83' lang='lat' dir='ltr'>aeterna,</span> <span class='ocrx_word' id='word_1_591' title='bbox 2221 2682 2413 2728; x_wconf 88' lang='lat' dir='ltr'>quantum</span> 
     </span>
     <span class='ocr_line' id='line_1_90' title="bbox 1386 2740 2414 2780; baseline 0 0"><span class='ocrx_word' id='word_1_592' title='bbox 1386 2744 1438 2780; x_wconf 87' lang='lat' dir='ltr'>ad</span> <span class='ocrx_word' id='word_1_593' title='bbox 1457 2741 1714 2780; x_wconf 79' lang='lat' dir='ltr'>domesticum</span> <span class='ocrx_word' id='word_1_594' title='bbox 1734 2740 1909 2778; x_wconf 83' lang='lat' dir='ltr'>exilium.</span> <span class='ocrx_word' id='word_1_595' title='bbox 1933 2743 1981 2778; x_wconf 89' lang='lat' dir='ltr'>De</span> <span class='ocrx_word' id='word_1_596' title='bbox 1995 2741 2170 2778; x_wconf 84' lang='lat' dir='ltr'>secundo</span> <span class='ocrx_word' id='word_1_597' title='bbox 2191 2741 2218 2764; x_wconf 94' lang='lat'>¹⁰</span> <span class='ocrx_word' id='word_1_598' title='bbox 2239 2755 2243 2777; x_wconf 90' lang='grc'>;</span> <span class='ocrx_word' id='word_1_599' title='bbox 2262 2755 2279 2777; x_wconf 91' lang='lat'>«</span> <span class='ocrx_word' id='word_1_600' title='bbox 2302 2743 2414 2780; x_wconf 80' lang='lat' dir='ltr'>ibunt:</span> 
     </span>
     <span class='ocr_line' id='line_1_91' title="bbox 1385 2803 2412 2852; baseline -0.002 -8"><span class='ocrx_word' id='word_1_601' title='bbox 1385 2807 1423 2844; x_wconf 93' lang='lat' dir='ltr'>hi</span> <span class='ocrx_word' id='word_1_602' title='bbox 1445 2807 1485 2843; x_wconf 92' lang='lat' dir='ltr'>in</span> <span class='ocrx_word' id='word_1_603' title='bbox 1502 2804 1737 2852; x_wconf 85' lang='lat' dir='ltr'>supplicium</span> <span class='ocrx_word' id='word_1_604' title='bbox 1751 2805 1937 2840; x_wconf 75' lang='lat' dir='ltr'>aeternum</span> <span class='ocrx_word' id='word_1_605' title='bbox 1953 2815 1961 2839; x_wconf 94' lang='lat'><strong>:</strong></span> <span class='ocrx_word' id='word_1_606' title='bbox 1977 2803 2069 2850; x_wconf 86' lang='lat' dir='ltr'>justi</span> <span class='ocrx_word' id='word_1_607' title='bbox 2087 2806 2216 2840; x_wconf 89' lang='lat' dir='ltr'>autem</span> <span class='ocrx_word' id='word_1_608' title='bbox 2237 2804 2277 2840; x_wconf 92' lang='lat' dir='ltr'>in</span> <span class='ocrx_word' id='word_1_609' title='bbox 2293 2804 2412 2842; x_wconf 88' lang='lat' dir='ltr'>vitam</span> 
     </span>
     <span class='ocr_line' id='line_1_92' title="bbox 1386 2865 2414 2913; baseline -0.002 -7"><span class='ocrx_word' id='word_1_610' title='bbox 1386 2871 1581 2906; x_wconf 69' lang='lat' dir='ltr'>aeternam.</span> <span class='ocrx_word' id='word_1_611' title='bbox 1603 2879 1621 2899; x_wconf 72' lang='grc' dir='ltr'>ι)</span> <span class='ocrx_word' id='word_1_612' title='bbox 1650 2868 1742 2902; x_wconf 83' lang='lat' dir='ltr'>Ecce</span> <span class='ocrx_word' id='word_1_613' title='bbox 1762 2865 1935 2902; x_wconf 86' lang='lat' dir='ltr'>vindicta</span> <span class='ocrx_word' id='word_1_614' title='bbox 1957 2867 2124 2910; x_wconf 89' lang='lat' dir='ltr'>aeterna,</span> <span class='ocrx_word' id='word_1_615' title='bbox 2151 2867 2342 2913; x_wconf 88' lang='lat' dir='ltr'>quantum</span> <span class='ocrx_word' id='word_1_616' title='bbox 2361 2866 2414 2904; x_wconf 88' lang='lat' dir='ltr'>ad</span> 
     </span>
     <span class='ocr_line' id='line_1_93' title="bbox 1385 2926 2414 2975; baseline -0.001 -9"><span class='ocrx_word' id='word_1_617' title='bbox 1385 2931 1579 2966; x_wconf 85' lang='lat' dir='ltr'>internum</span> <span class='ocrx_word' id='word_1_618' title='bbox 1601 2926 1848 2975; x_wconf 87' lang='lat' dir='ltr'>supplicium.</span> <span class='ocrx_word' id='word_1_619' title='bbox 1873 2927 1921 2963; x_wconf 82' lang='lat' dir='ltr'>De</span> <span class='ocrx_word' id='word_1_620' title='bbox 1942 2926 2052 2963; x_wconf 88' lang='lat' dir='ltr'>tertio</span> <span class='ocrx_word' id='word_1_621' title='bbox 2073 2926 2099 2949; x_wconf 87' lang='lat'>¹¹</span> <span class='ocrx_word' id='word_1_622' title='bbox 2123 2938 2162 2962; x_wconf 72' lang='grc' dir='ltr'>ει(</span> <span class='ocrx_word' id='word_1_623' title='bbox 2184 2927 2371 2964; x_wconf 84' lang='lat' dir='ltr'>Discedite</span> <span class='ocrx_word' id='word_1_624' title='bbox 2391 2938 2414 2966; x_wconf 88' lang='lat' dir='ltr'>a</span> 
     </span>
     <span class='ocr_line' id='line_1_94' title="bbox 1385 2988 2414 3037; baseline -0.003 -8"><span class='ocrx_word' id='word_1_625' title='bbox 1385 3003 1471 3037; x_wconf 89' lang='lat' dir='ltr'>me,</span> <span class='ocrx_word' id='word_1_626' title='bbox 1492 2989 1707 3035; x_wconf 66' lang='lat' dir='ltr'>maledicti,</span> <span class='ocrx_word' id='word_1_627' title='bbox 1731 2989 1771 3025; x_wconf 93' lang='lat' dir='ltr'>in</span> <span class='ocrx_word' id='word_1_628' title='bbox 1798 2988 1930 3035; x_wconf 84' lang='lat' dir='ltr'>ignem</span> <span class='ocrx_word' id='word_1_629' title='bbox 1954 2991 2154 3025; x_wconf 64' lang='lat' dir='ltr'>aeternum.</span> <span class='ocrx_word' id='word_1_630' title='bbox 2173 3001 2192 3023; x_wconf 80' lang='lat'>›&gt;</span> <span class='ocrx_word' id='word_1_631' title='bbox 2217 2991 2310 3026; x_wconf 86' lang='lat' dir='ltr'>Ecce</span> <span class='ocrx_word' id='word_1_632' title='bbox 2329 2989 2414 3027; x_wconf 90' lang='lat' dir='ltr'>vin-</span> 
     </span>
     <span class='ocr_line' id='line_1_95' title="bbox 1387 3050 2414 3099; baseline 0.003 -12"><span class='ocrx_word' id='word_1_633' title='bbox 1387 3055 1490 3091; x_wconf 82' lang='lat' dir='ltr'>dicta</span> <span class='ocrx_word' id='word_1_634' title='bbox 1515 3055 1679 3098; x_wconf 82' lang='lat' dir='ltr'>aeterna,</span> <span class='ocrx_word' id='word_1_635' title='bbox 1709 3052 1900 3099; x_wconf 85' lang='lat' dir='ltr'>quantum</span> <span class='ocrx_word' id='word_1_636' title='bbox 1921 3050 1972 3087; x_wconf 85' lang='lat' dir='ltr'>ad</span> <span class='ocrx_word' id='word_1_637' title='bbox 1997 3050 2256 3088; x_wconf 82' lang='lat' dir='ltr'>extrinsecum</span> <span class='ocrx_word' id='word_1_638' title='bbox 2282 3052 2414 3090; x_wconf 90' lang='lat' dir='ltr'>incen-</span> 
     </span>
    </p>
   </div>
   <div class='ocr_carea' id='block_1_12' title="bbox 1389 3116 2092 3206">
    <p class='ocr_par' dir='ltr' id='par_1_12' title="bbox 1389 3116 2092 3206">
     <span class='ocr_line' id='line_1_96' title="bbox 1389 3116 1511 3152; baseline -0.008 0"><span class='ocrx_word' id='word_1_639' title='bbox 1389 3116 1511 3152; x_wconf 88' lang='lat' dir='ltr'>dium.</span> 
     </span>
     <span class='ocr_line' id='line_1_97' title="bbox 1717 3161 2092 3206; baseline 0.003 -11"><span class='ocrx_word' id='word_1_640' title='bbox 1717 3161 1901 3196; x_wconf 64' lang='lat' dir='ltr'>articulus</span> <span class='ocrx_word' id='word_1_641' title='bbox 1926 3162 2092 3206; x_wconf 81' lang='lat' dir='ltr'>quartus.</span> 
     </span>
    </p>
   </div>
   <div class='ocr_carea' id='block_1_13' title="bbox 1386 3234 2414 3468">
    <p class='ocr_par' dir='ltr' id='par_1_13' title="bbox 1386 3234 2414 3468">
     <span class='ocr_line' id='line_1_98' title="bbox 1432 3234 2414 3283; baseline -0.004 -7"><span class='ocrx_word' id='word_1_642' title='bbox 1432 3237 1665 3276; x_wconf 84' lang='lat' dir='ltr'>Sinceritatis</span> <span class='ocrx_word' id='word_1_643' title='bbox 1685 3235 1923 3273; x_wconf 83' lang='lat' dir='ltr'>desiderium</span> <span class='ocrx_word' id='word_1_644' title='bbox 1938 3234 2165 3283; x_wconf 85' lang='lat' dir='ltr'>explicatur,</span> <span class='ocrx_word' id='word_1_645' title='bbox 2180 3246 2269 3272; x_wconf 90' lang='lat' dir='ltr'>cum</span> <span class='ocrx_word' id='word_1_646' title='bbox 2282 3235 2414 3272; x_wconf 85' lang='lat' dir='ltr'>subdi-</span> 
     </span>
     <span class='ocr_line' id='line_1_99' title="bbox 1386 3296 2412 3344; baseline -0.006 -6"><span class='ocrx_word' id='word_1_647' title='bbox 1386 3304 1446 3338; x_wconf 87' lang='lat' dir='ltr'>tur</span> <span class='ocrx_word' id='word_1_648' title='bbox 1477 3313 1486 3337; x_wconf 89' lang='lat'>:</span> <span class='ocrx_word' id='word_1_649' title='bbox 1519 3301 1740 3336; x_wconf 72' lang='lat' dir='ltr'>Intellectum</span> <span class='ocrx_word' id='word_1_650' title='bbox 1768 3298 1816 3334; x_wconf 84' lang='lat' dir='ltr'>da</span> <span class='ocrx_word' id='word_1_651' title='bbox 1847 3298 1966 3344; x_wconf 81' lang='lat' dir='ltr'>mihi,</span> <span class='ocrx_word' id='word_1_652' title='bbox 2000 3301 2034 3334; x_wconf 80' lang='lat' dir='ltr'>et</span> <span class='ocrx_word' id='word_1_653' title='bbox 2068 3299 2200 3333; x_wconf 78' lang='lat' dir='ltr'>vivam.</span> <span class='ocrx_word' id='word_1_654' title='bbox 2235 3298 2287 3333; x_wconf 83' lang='lat' dir='ltr'>Da</span> <span class='ocrx_word' id='word_1_655' title='bbox 2317 3296 2412 3333; x_wconf 86' lang='lat' dir='ltr'>mihi</span> 
     </span>
     <span class='ocr_line' id='line_1_100' title="bbox 1386 3357 2414 3405; baseline -0.003 -6"><span class='ocrx_word' id='word_1_656' title='bbox 1386 3363 1525 3400; x_wconf 87' lang='lat' dir='ltr'>mentis</span> <span class='ocrx_word' id='word_1_657' title='bbox 1555 3360 1909 3405; x_wconf 87' lang='lat' dir='ltr'>illuminationem,</span> <span class='ocrx_word' id='word_1_658' title='bbox 1942 3359 1994 3396; x_wconf 88' lang='lat' dir='ltr'>ad</span> <span class='ocrx_word' id='word_1_659' title='bbox 2018 3358 2154 3396; x_wconf 86' lang='lat' dir='ltr'>mortis</span> <span class='ocrx_word' id='word_1_660' title='bbox 2186 3357 2414 3396; x_wconf 87' lang='lat' dir='ltr'>declinatio-</span> 
     </span>
     <span class='ocr_line' id='line_1_101' title="bbox 1386 3418 2411 3468; baseline -0.005 -7"><span class='ocrx_word' id='word_1_661' title='bbox 1386 3435 1490 3461; x_wconf 92' lang='lat' dir='ltr'>nem.</span> <span class='ocrx_word' id='word_1_662' title='bbox 1514 3426 1607 3461; x_wconf 88' lang='lat' dir='ltr'>Ecce</span> <span class='ocrx_word' id='word_1_663' title='bbox 1625 3421 1851 3460; x_wconf 85' lang='lat' dir='ltr'>sinceritatis</span> <span class='ocrx_word' id='word_1_664' title='bbox 1870 3419 2117 3468; x_wconf 83' lang='lat' dir='ltr'>supplicatio.</span> <span class='ocrx_word' id='word_1_665' title='bbox 2139 3418 2274 3466; x_wconf 86' lang='lat' dir='ltr'>Liquet</span> <span class='ocrx_word' id='word_1_666' title='bbox 2292 3419 2411 3465; x_wconf 90' lang='lat' dir='ltr'>enim,</span> 
     </span>
    </p>
   </div>
   <div class='ocr_carea' id='block_1_14' title="bbox 1386 3500 2412 3594">
    <p class='ocr_par' dir='ltr' id='par_1_14' title="bbox 1386 3500 2412 3594">
     <span class='ocr_line' id='line_1_102' title="bbox 1386 3500 2412 3547; baseline -0.003 -8"><span class='ocrx_word' id='word_1_667' title='bbox 1386 3509 1436 3539; x_wconf 79' lang='grc'>34.</span> <span class='ocrx_word' id='word_1_668' title='bbox 1458 3525 1497 3530; x_wconf 92' lang='grc'><strong>-</strong></span> <span class='ocrx_word' id='word_1_669' title='bbox 1521 3508 1532 3526; x_wconf 73' lang='lat'>&#39;²</span> <span class='ocrx_word' id='word_1_670' title='bbox 1550 3507 1658 3547; x_wconf 67' lang='lat' dir='ltr'>Joan„</span> <span class='ocrx_word' id='word_1_671' title='bbox 1685 3513 1746 3546; x_wconf 80' lang='grc' dir='ltr'>ιη,</span> <span class='ocrx_word' id='word_1_672' title='bbox 1774 3507 1821 3537; x_wconf 85' lang='lat'>11.</span> <span class='ocrx_word' id='word_1_673' title='bbox 1843 3520 1882 3527; x_wconf 88' lang='lat'><em>-</em></span> <span class='ocrx_word' id='word_1_674' title='bbox 1907 3502 1922 3524; x_wconf 81' lang='lat'><strong>⁸</strong></span> <span class='ocrx_word' id='word_1_675' title='bbox 1946 3500 2037 3533; x_wconf 76' lang='lat' dir='ltr'>Psal.</span> <span class='ocrx_word' id='word_1_676' title='bbox 2061 3509 2196 3544; x_wconf 83' lang='lat' dir='ltr'>Lxxvn,</span> <span class='ocrx_word' id='word_1_677' title='bbox 2219 3504 2276 3543; x_wconf 74' lang='lat'>56,</span> <span class='ocrx_word' id='word_1_678' title='bbox 2302 3506 2352 3536; x_wconf 81' lang='lat'>57.</span> <span class='ocrx_word' id='word_1_679' title='bbox 2372 3521 2412 3528; x_wconf 97' lang='lat'><strong>—</strong></span> 
     </span>
     <span class='ocr_line' id='line_1_103' title="bbox 1387 3549 2411 3594; baseline -0.004 -8"><span class='ocrx_word' id='word_1_680' title='bbox 1387 3558 1397 3571; x_wconf 61' lang='lat'>⁴·</span> <span class='ocrx_word' id='word_1_681' title='bbox 1417 3555 1524 3594; x_wconf 60' lang='lat' dir='ltr'>Jocm„</span> <span class='ocrx_word' id='word_1_682' title='bbox 1546 3561 1618 3594; x_wconf 81' lang='lat' dir='ltr'>vm,</span> <span class='ocrx_word' id='word_1_683' title='bbox 1642 3554 1692 3585; x_wconf 79' lang='lat'>34.</span> <span class='ocrx_word' id='word_1_684' title='bbox 1708 3569 1749 3576; x_wconf 96' lang='lat'>—</span> <span class='ocrx_word' id='word_1_685' title='bbox 1772 3552 1794 3574; x_wconf 80' lang='lat'>¹⁰</span> <span class='ocrx_word' id='word_1_686' title='bbox 1814 3549 1950 3590; x_wconf 58' lang='lat' dir='ltr'>Manli„</span> <span class='ocrx_word' id='word_1_687' title='bbox 1969 3556 2051 3588; x_wconf 83' lang='lat' dir='ltr'>xxv,</span> <span class='ocrx_word' id='word_1_688' title='bbox 2074 3551 2124 3581; x_wconf 76' lang='grc'>46.</span> <span class='ocrx_word' id='word_1_689' title='bbox 2141 3567 2177 3573; x_wconf 92' lang='grc'>-</span> <span class='ocrx_word' id='word_1_690' title='bbox 2202 3551 2221 3569; x_wconf 87' lang='lat'>¹¹</span> <span class='ocrx_word' id='word_1_691' title='bbox 2239 3550 2338 3592; x_wconf 68' lang='lat' dir='ltr'>thid„</span> <span class='ocrx_word' id='word_1_692' title='bbox 2358 3552 2411 3584; x_wconf 81' lang='lat'>41.</span> 
     </span>
    </p>
   </div>
  </div>
 </body>
</html>
