2633 3878
155 2874 279 2908 Domus,

155 2918 261 2942 natur-2

138 2955 278 2984 humanz.

320 279 394 318 324

652 397 840 435 Articulus
868 397 1011 433 tertius.

362 487 556 532 Quantum
576 482 628 520 ad
654 481 831 526 tertium,
863 478 973 516 addit
992 474 1185 522 Propheta
1205 483 1213 509 ε
1236 473 1339 509 Man-

314 550 401 586 data
421 554 495 584 tua.
517 549 610 583 Ecce
631 544 906 582 mandatorum
926 540 1121 581 honestas,
1138 534 1201 572 cui
1221 533 1341 571 debe-

313 613 374 647 tur
394 608 654 647 observantia.
676 609 718 643 Et
737 608 829 642 nota
842 632 854 650 ,
874 600 985 650 quod
1003 598 1191 636 mandata
1209 595 1338 633 domi-

311 673 399 708 nica
419 674 507 708 sunt
527 669 735 712 servanda,
761 670 950 713 tanquam
970 663 1202 709 argumenta
1227 668 1338 695 amo·

310 734 384 778 ris,
419 736 608 780 tauquam
628 731 812 768 alimenta
834 726 1004 764 dulcoris
1019 753 1031 771 ,
1051 726 1241 770 tanquam
1258 730 1339 756 me-

311 795 530 831 dicamenta
564 792 724 830 doloris.
765 792 941 834 Quorum
975 785 1149 834 primum
1174 782 1337 820 refertur

309 857 361 892 ad
397 857 478 892 vim
517 854 795 892 rationabilem
814 865 825 898 3
866 849 1109 892 secundum,
1151 845 1204 882 ad
1241 853 1336 880 con-

307 917 578 965 cupiscibilem
599 929 610 963 ;
658 916 814 954 tertium
831 942 843 956 ,
894 912 946 950 ad
978 907 1240 947 irascibilem.
1284 906 1336 940 Dc

304 981 434 1027 primo
465 980 475 1001 ¹
507 992 515 1016 t
541 991 559 1014 «
590 979 628 1017 Si
653 977 812 1024 diligitis
837 986 922 1020 inc,
942 972 1130 1010 mandata
1147 978 1237 1006 mea
1259 976 1336 1003 ser-

304 1047 391 1079 vate
414 1054 422 1079 :
452 1055 470 1076 »
499 1041 605 1078 unde
631 1040 912 1077 mandatorum
942 1032 1189 1077 observatio,
1212 1029 1333 1065 dilec-

305 1104 420 1141 tionis
454 1106 509 1140 est
546 1102 743 1150 probatio.
786 1102 837 1135 De
868 1096 1042 1135 secundo
1077 1097 1090 1117 2
1132 1105 1140 1130 :
1179 1104 1197 1126 «
1233 1090 1335 1128 Nihil

305 1166 471 1211 dulcius,
493 1175 613 1213 quam
634 1162 824 1210 respicere
839 1161 879 1196 in
896 1157 1092 1196 mandatis
1112 1153 1291 1199 Domini3
1313 1164 1331 1188 »

303 1238 392 1265 eccc
414 1227 696 1264 nutrimentum
719 1222 892 1260 dulcoris
900 1249 914 1268 ,
934 1221 1028 1268 quia
1048 1216 1220 1255 dulcedo
1241 1224 1334 1252 con-

300 1289 404 1336 gruit
423 1288 623 1325 alimento.
645 1288 696 1323 De
716 1285 828 1323 tertio
846 1285 859 1307 ³
891 1296 899 1320 :
927 1296 945 1318 «
970 1282 1007 1319 Si
1027 1279 1201 1318 volueris
1219 1287 1334 1315 man-

302 1351 394 1390 data
413 1360 661 1395 conservare,
680 1346 971 1386 conservabunt
989 1346 1025 1381 te
1037 1356 1048 1391 ;
1068 1356 1086 1377 »
1113 1352 1201 1380 ecce
1222 1339 1335 1378 dolo-

299 1414 351 1450 ris
368 1412 633 1461 prce-servatio,
652 1422 740 1459 quae
761 1408 947 1456 competit
966 1404 1271 1444 medicamento.

628 1516 818 1554 Articulus
837 1515 1002 1561 quartus.

347 1604 544 1648 Quantum
565 1600 617 1639 ad
643 1601 850 1648 quartum,
876 1592 1106 1644 superaddit
1124 1590 1299 1630 Psalmus
1321 1601 1330 1627 :

302 1666 487 1704 Custodia·
500 1666 624 1701 nimis.
645 1664 740 1699 Ecce
756 1659 879 1698 nimia
897 1669 980 1696 non
999 1654 1241 1704 imperantis,
1262 1651 1333 1690 sed

300 1726 625 1775 obtemperantis,
648 1728 684 1762 et
709 1722 943 1761 mandatum
964 1717 1218 1757 custodientis
1238 1725 1331 1762 ege-

297 1794 374 1829 stas
385 1803 396 1837 3
427 1791 489 1827 cui
517 1787 696 1835 congruit
726 1782 1003 1833 providentia,
1043 1783 1079 1818 et
1111 1777 1332 1828 specialiter

298 1855 492 1901 quantum
512 1851 565 1889 ad
585 1850 658 1888 tria
671 1877 684 1896 ,
713 1847 899 1885 videlicet
927 1846 1120 1892 quantum
1141 1842 1193 1879 ad
1224 1839 1332 1877 bona

296 1915 516 1960 naturalia,
555 1914 664 1950 bona
688 1910 878 1955 moralia,
908 1908 1017 1945 bona
1048 1903 1256 1942 aeternalia.
1290 1905 1332 1939 ln

296 1979 433 2026 primis
444 1981 499 2014 est
511 1977 684 2013 humana
697 1977 837 2011 natura
849 1969 1091 2018 originaliter
1101 1966 1327 2011 vulnerata3

297 2039 478 2078 secundis
515 2042 570 2076 est
604 2036 794 2085 spoliata3
828 2033 947 2072 tertiis
985 2034 1040 2070 est
1078 2028 1326 2068 exheredata.

296 2103 472 2147 Quorum
493 2101 667 2149 primum
685 2099 843 2136 notatur
861 2095 875 2117 ⁴
894 2108 902 2132 :
926 2109 944 2129 «
965 2096 1092 2132 Caesus
1112 2094 1168 2129 est
1195 2089 1332 2136 Israel,

297 2169 333 2203 et
351 2165 450 2212 sugit
469 2164 741 2211 unusquisque
762 2161 804 2197 in
823 2157 1124 2198 tabernaculum
1142 2165 1272 2197 suum,
1294 2155 1331 2191 et

295 2228 398 2266 facta
410 2229 465 2264 est
478 2226 597 2274 plaga
606 2234 753 2271 magna
765 2221 897 2268 nimis,
911 2234 928 2255 »
942 2219 1057 2267 quasi
1071 2218 1192 2255 dicat:
1211 2217 1329 2253 Gaesus

297 2294 348 2326 est
367 2290 480 2326 Israel
507 2288 547 2324 in
568 2286 697 2334 primo
729 2286 890 2332 parente
906 2310 917 2329 ,
947 2283 961 2305 5
990 2281 1068 2317 «in
1088 2290 1168 2327 quo
1192 2288 1329 2316 omnes

295 2352 570 2398 peccaverunt,
588 2362 605 2382 «
623 2347 815 2395 quoniam
827 2346 869 2382 in
882 2345 967 2392 ipso
984 2341 1225 2389 originaliter
1236 2339 1331 2376 exti-

297 2414 448 2458 terunt3
476 2412 553 2448 hoc
586 2410 727 2446 dicitur
758 2409 953 2455 quantum
978 2405 1031 2443 ad
1061 2403 1209 2452 peccati
1238 2412 1329 2450 per-

295 2475 569 2522 petrationem.
590 2474 636 2509 Ec
661 2474 761 2517 fugit
781 2471 1024 2516 unusquisque
1051 2469 1090 2503 in
1123 2467 1329 2503 tubernacu-

298 2539 370 2573 lum
387 2548 508 2580 saum
523 2536 599 2572 hoc
616 2534 797 2570 subditur
818 2533 1011 2580 quantum
1027 2529 1079 2567 ad
1092 2527 1241 2577 peccati
1261 2537 1327 2564 ex-

297 2600 551 2636 cusationem.
580 2599 627 2633 Et
657 2598 759 2640 sacta
793 2599 844 2631 est
877 2596 990 2641 playa
1028 2603 1159 2638 magma
1189 2592 1326 2635 nimi33

296 2662 372 2699 hoc
391 2659 668 2708 superadditur
689 2660 880 2705 quantum
903 2655 955 2693 ad
983 2653 1224 2692 naturalium
1242 2651 1330 2688 vul-

296 2724 555 2761 nerationem.
588 2721 812 2759 Secundum
843 2720 1001 2756 notatur
1029 2718 1041 2740 ‘⁵
1070 2728 1079 2753 :
1111 2729 1130 2750 ι(
1161 2716 1327 2760 Domus,

297 2786 443 2833 inquit,
478 2795 566 2832 quae
593 2782 710 2820 nimis
741 2780 919 2828 locuples
947 2781 1025 2826 est,
1059 2775 1328 2815 annullabitur

298 2847 495 2895 superbia.
529 2860 546 2881 »
584 2848 730 2883 Domus
762 2844 835 2880 ista
870 2844 927 2878 est
956 2841 1133 2878 humana
1163 2841 1327 2883 natura,

299 2921 386 2958 quae
405 2909 592 2945 nimirum
606 2907 677 2944 fuit
696 2906 813 2944 bonis
829 2903 1048 2942 moralibus
1066 2901 1303 2949 locupletata
1313 2912 1324 2945 ;

297 2972 368 3010 sed
392 2971 509 3008 nimis
534 2979 657 3016 egena
677 2969 778 3006 sacta
798 2966 888 3013 fuit,
917 2976 1008 3002 cum
1037 2963 1186 3001 eisdem
1210 2961 1327 2999 bonis

296 3036 369 3073 suit
404 3046 475 3082 per
510 3033 681 3081 parentis
718 3030 836 3078 primi
878 3027 1106 3076 superbiam
1145 3025 1324 3073 spoliata.

295 3098 466 3136 Tertium
495 3096 701 3132 denotatur
718 3095 730 3115 ⁷
752 3105 760 3129 :
787 3107 804 3126 «
830 3093 908 3138 Ego
935 3091 1134 3138 protector
1160 3090 1268 3133 tuus,
1290 3088 1327 3122 et

296 3171 445 3198 merces
473 3162 539 3196 tua
563 3166 709 3204 magna
737 3154 866 3191 nimis.
900 3166 917 3187 »
952 3154 1132 3189 Protectcr
1164 3149 1324 3194 dicitur,

298 3226 489 3270 quantum
515 3220 567 3257 ad
595 3218 821 3256 evasionem
845 3214 955 3258 mali,
982 3216 1018 3249 et
1048 3222 1175 3248 merces
1195 3221 1326 3256 magma

296 3287 404 3321 πίνητε
425 3284 617 3330 quantum
647 3280 699 3318 ad
724 3277 977 3326 adeptionem
995 3274 1106 3311 boni.
1127 3274 1204 3309 Hac
1224 3282 1326 3308 mer-

296 3347 391 3383 cede
417 3356 563 3392 magna
588 3342 704 3380 nimis
733 3350 868 3378 sumus
894 3336 1135 3385 originaliter
1163 3334 1323 3372 exhere-

296 3407 377 3445 dati
394 3420 402 3444 :
424 3408 515 3445 ideo
535 3406 652 3444 nimis
671 3404 797 3451 egeni.

340 3494 344 3509 ‘
369 3492 476 3531 Joan„
499 3498 572 3532 xiv,
597 3492 647 3522 15.
669 3505 709 3514 --
737 3489 750 3510 ²
773 3486 895 3526 Eccli„
920 3492 1022 3525 xxm,
1042 3485 1095 3515 37.
1113 3498 1155 3506 -
1172 3482 1186 3503 ³
1204 3480 1323 3521 Eccli„

295 3546 352 3579 xv,
385 3540 433 3570 te.
461 3555 501 3562 -—
532 3539 542 3557 ⁴
571 3539 581 3569 1
611 3539 702 3578 Κεφ,
731 3542 778 3576 iv,
812 3536 862 3566 10.
892 3551 932 3557 —
962 3532 976 3554 ὓ
1000 3533 1107 3571 Rom„
1137 3537 1171 3570 ν,
1205 3531 1255 3561 12.
1284 3544 1323 3552 —-

1010 258 1284 304 EXPOSITIO
1315 257 1368 300 IN
1396 255 1751 298 PSALTERIUM.

1844 384 2015 426 Epilogus.

1461 473 1664 519 Propterea
1697 470 1738 507 in
1767 469 1840 506 isto
1875 479 1990 506 versu
2022 467 2162 505 dicitur
2192 479 2200 504 ε
2235 469 2313 514 Τιι,
2354 478 2443 507 ecce

1413 535 1615 580 majestas,
1655 533 1716 569 cui
1747 532 1911 569 debetur
1940 529 2182 576 reverentia3
2221 530 2435 575 Μαηάαειί,

1414 606 1503 632 οοοο
1521 596 1705 642 potestas,
1727 593 1789 630 cui
1809 593 1973 630 debetur
1992 591 2220 629 obedientia
2231 604 2241 637 ;
2262 592 2442 628 Mandata

1412 661 1498 703 tua,
1530 667 1618 693 ecce
1647 656 1851 700 honestas,
1882 655 1944 692 cui
1976 655 2140 691 debetur
2169 653 2439 699 observantia3

1415 719 1598 755 Custoclzfrc
1623 719 1754 763 nimis,
1780 727 1869 753 ecce
1893 726 1975 754 non
2002 716 2251 764 imperantis,
2280 715 2350 753 sed
2370 715 2442 752 ob-

1411 778 1663 826 temperantis
1691 780 1860 825 egestas,
1888 778 1950 815 cui
1976 778 2156 825 congruit
2174 777 2441 825 providentia,

1412 843 1448 878 et
1463 840 1553 879 ideo
1573 840 1766 879 custodia.

1785 984 2003 1013 VERSICULUS
2028 985 2068 1012 V.

1462 1097 1606 1133 Utinam
1634 1097 1866 1143 dirigantur,
1891 1098 1963 1134 etc.
1985 1095 2054 1133 Via
2074 1093 2327 1132 beatitudinis
2344 1103 2440 1142 pro-

1409 1157 1537 1205 posita
1555 1161 1610 1195 est
1628 1159 1669 1194 in
1679 1159 1887 1206 praemissis
1904 1162 2094 1207 tanquam
2114 1158 2337 1206 spectabilis
2351 1170 2362 1204 ;
2377 1156 2441 1195 hic

1407 1220 1643 1267 proponitur
1657 1222 1848 1268 tanquam
1864 1221 2106 1259 affectabilis.
2122 1222 2184 1258 Est
2203 1221 2334 1258 autem
2354 1230 2439 1267 spe-

1410 1281 1558 1331 cialiter
1588 1282 1818 1319 affectabilis
1848 1286 2010 1330 propter
2041 1293 2219 1320 amorem
2250 1281 2400 1319 virtutis
2429 1293 2438 1318 τ

1409 1343 1554 1381 scilicet
1586 1344 1764 1391 Justitiae,
1801 1344 2044 1392 prudentiae,
2079 1344 2366 1392 temperantiae,
2404 1345 2441 1380 et

1407 1404 1645 1442 fortitudinis
1655 1419 1667 1453 3
1700 1416 1869 1454 quarum
1899 1406 2062 1453 singulae
2093 1406 2257 1454 singulis
2290 1415 2438 1443 corres-

1407 1467 1587 1515 pondent
1614 1467 1832 1505 versieulis.
1863 1469 1905 1505 In
1933 1467 2010 1505 hoc
2040 1478 2133 1514 ergo
2166 1467 2297 1514 primo
2321 1466 2441 1505 versi-

1408 1528 1499 1566 culo
1519 1529 1741 1568 declaratur
1753 1529 1819 1568 via
1835 1529 2089 1567 beatitudinis
2107 1529 2337 1567 affectabilis
2357 1539 2439 1566 esse

1406 1593 1568 1639 propter
1599 1602 1776 1629 amorem
1799 1592 1967 1639 justitiae.
1996 1591 2146 1629 lustitia
2172 1601 2267 1628 vero
2299 1590 2440 1628 dicitur

1408 1653 1589 1690 amabilis
1610 1656 1779 1701 quatuor
1799 1653 1847 1690 de
1869 1653 2016 1700 causis,
2039 1664 2127 1701 quae
2144 1655 2330 1690 notantur
2348 1652 2439 1690 bre·
2458 1641 2600 1708 (ᾖᾞζζξε

1406 1715 1505 1752 viter
1523 1715 1565 1752 in
1581 1715 1641 1752 his
1658 1715 1790 1753 verbis
1806 1727 1815 1752 :
1837 1715 1982 1763 primo,
2003 1715 2194 1762 quoniam
2213 1714 2440 1752 affectiones
2459 1721 2594 1750 amabilis

1405 1777 1592 1816 rectificat
1600 1789 1612 1824 ;
1630 1777 1817 1822 secundo,
1833 1778 1927 1825 quia
1939 1777 2169 1815 rectificatas
2183 1776 2437 1825 multiplicat,-

1405 1841 1542 1888 tertio,
1581 1840 1677 1889 quia
1711 1840 1989 1888 multiplicatas
2023 1840 2231 1887 fortificat,
2271 1842 2438 1887 quarto,

1407 1903 1501 1951 quia
1536 1903 1762 1941 fortificatas
1797 1903 2023 1940 sanctificat.
2059 1904 2233 1948 Quorum
2264 1902 2438 1950 primum

1404 1967 1570 2014 pertinet
1607 1966 1660 2004 ad
1696 1965 1874 2013 ejusdem
1913 1965 2066 2003 virtutis
2101 1965 2339 2013 ingressum,
2377 1976 2437 2002 se-

1406 2028 1603 2076 cundum,
1639 2027 1692 2065 ad
1724 2038 1998 2076 progressum3
2037 2027 2214 2073 tertium,
2253 2027 2306 2064 ad
2343 2037 2437 2065 con-

1404 2100 1602 2138 gressum,
1630 2092 1667 2127 et
1686 2092 1871 2138 quartum
1897 2090 1950 2128 ad
1969 2100 2183 2136 egressum.
2204 2089 2435 2136 Egrediente

1403 2163 1578 2200 namque
1613 2152 1760 2199 anima,
1796 2153 1974 2199 virtutes,
2006 2163 2095 2200 quae
2131 2153 2220 2189 sunt
2251 2151 2292 2189 in
2329 2150 2434 2198 ipsa,

1403 2214 1656 2261 egrediuntur
1678 2225 1769 2252 cum
1788 2213 1888 2262 ipsa.

2461 1108 2516 1137 Via
2533 1108 2600 1137 bea-

2467 1149 2600 1178 titudinis

2482 1598 2500 1625 J
2502 1597 2600 1625 ustitia

1747 2320 1935 2357 Articulus
1953 2321 2105 2366 primus.

1452 2405 1649 2449 Quantum
1669 2403 1722 2441 ad
1748 2403 1944 2451 primum,
1966 2403 2107 2440 dicitur
2128 2414 2137 2440 ι
2163 2403 2307 2440 Utinam
2341 2403 2434 2440 diri-

1403 2470 1549 2512 9antur.
1571 2468 1666 2504 Ecce
1685 2465 1944 2512 rectitudinis,
1967 2475 2036 2502 seu
2051 2465 2207 2512 J'ustitiae
2221 2465 2434 2503 rectifican-

1403 2528 1450 2564 tis
1483 2527 1749 2574 desiderium,
1772 2528 1883 2576 quod
1906 2527 2074 2575 pertinet
2102 2527 2155 2565 ad
2183 2527 2403 2575 ingressum
2423 2539 2432 2565 :

1403 2591 1644 2629 desiderium
1663 2602 1835 2639 namque
1859 2591 2045 2638 praecedit
2069 2601 2186 2629 omne
2203 2591 2369 2629 bonum.
2390 2593 2434 2629 Et
2477 2595 2595 2641 sustitia

1401 2653 1638 2700 notandum,
1673 2653 1784 2701 quod
1811 2653 1962 2699 ²iustitia
1992 2653 2179 2691 rectificat
2209 2653 2433 2691 affectiones
2452 2636 2594 2704 ζξξξζζῖξ

1402 2715 1525 2753 tribus
1557 2715 1717 2752 modis:
1751 2714 1933 2752 videlicet
1967 2725 2038 2762 per
2076 2714 2258 2752 dolorem
2289 2715 2431 2752 contri·
2453 2717 2530 2744 ficut.

1401 2776 1539 2822 tionis,
1559 2787 1632 2824 per
1657 2776 1854 2823 pudorem
1873 2775 2147 2822 confessionis,
2168 2778 2205 2813 et
2221 2787 2293 2824 per
2315 2777 2428 2814 labo-

1401 2848 1486 2876 rem
1519 2837 1804 2874 satisfactionis.
1845 2838 1974 2876 Prima
2008 2837 2232 2876 rectificatio
2270 2837 2429 2876 denota·

1401 2903 1462 2937 tur
1488 2900 1501 2922 ⁸
1532 2911 1541 2936 :
1576 2912 1595 2935 «
1631 2901 1859 2937 Revertatur
1895 2900 2166 2947 unusquisque
2204 2910 2228 2937 a
2260 2899 2326 2938 via
2357 2910 2429 2937 sua

1400 2961 1519 3006 mala,
1540 2963 1577 2998 et
1594 2961 1746 3008 dirigite
1764 2960 1847 2998 vias
1860 2963 2008 2998 vestras
2027 2964 2064 2998 et
2083 2961 2212 2998 studia
2229 2963 2358 2999 vestra
2378 2974 2389 2998 :
2406 2975 2426 2998 »

1400 3035 1446 3062 ac
1465 3024 1496 3060 si
1525 3023 1629 3060 dicat
1656 3023 1848 3071 Propheta
1871 3035 1880 3060 :
1910 3025 2124 3060 Revertatur
2149 3026 2388 3071 unusquisque
2407 3035 2429 3060 a

1399 3090 1460 3123 vz'a
1479 3097 1545 3122 sua
1564 3087 1684 3128 mula,
1707 3087 1898 3132 quantum
1917 3084 1969 3121 ad
1986 3084 2082 3121 mali
2101 3084 2427 3131 declinationem;

1400 3152 1433 3185 ec
1455 3149 1605 3194 diriqz‘te
1628 3150 1708 3184 vias
1726 3150 1862 3184 vestras
1882 3150 1914 3183 et
1933 3147 2058 3184 studia
2076 3149 2215 3193 vestra,
2236 3148 2428 3194 quantum

1400 3212 1452 3249 ad
1470 3211 1722 3249 affectionum
1736 3212 1772 3247 et
1791 3210 2075 3258 cogitationum
2092 3209 2423 3248 rectificationem.

1399 3273 1579 3311 Secunda
1606 3272 1832 3310 rectificatio
1875 3271 2102 3318 designatur
2135 3272 2149 3294 ⁹
2190 3283 2199 3308 ε
2229 3272 2425 3316 Deprecare

1399 3337 1646 3382 Alcz'ssimum,
1680 3334 1825 3370 scilicet
1855 3345 1925 3381 per
1962 3333 2185 3372 instantiam
2216 3331 2421 3378 orationis,

1397 3402 1438 3435 ut
1470 3399 1609 3444 dirigat
1638 3399 1678 3433 in
1710 3398 1862 3433 veritate
1898 3398 1995 3432 viam
2027 3398 2139 3441 tuam,
2173 3393 2318 3432 scilicet
2351 3404 2424 3441 per

1398 3482 1409 3500 '³
1429 3481 1547 3520 Eccli„
1568 3488 1647 3520 xxi,
1668 3481 1699 3511 5.
1722 3495 1762 3501 -—
1785 3479 1795 3497 ⁷
1817 3478 1911 3517 Gen„
1931 3485 1988 3519 xv,
2009 3481 2038 3510 1.
2064 3493 2104 3502 —
2130 3478 2140 3496 ⁸
2161 3477 2292 3517 Jerem„
2321 3485 2423 3518 xvm,

1398 3532 1448 3560 11.
1463 3545 1504 3552 —-
1522 3530 1533 3548 '2'
1556 3526 1674 3566 Eccli„
1693 3532 1826 3564 xxxvll,
1848 3527 1900 3557 19.
