2633 3878
39 1827 139 1854 Domi-

13 1877 80 1897 DUS.

176 246 253 284 334
869 231 1142 276 EXPOSlTlo
1172 229 1225 272 IN
1253 230 1609 274 PSALTERIUM.

175 329 384 378 spicaciam
421 322 753 369 intellectualem3
793 322 967 359 secundo
988 350 1000 368 ,
1039 322 1201 368 propter

173 388 455 439 perspicaciam
484 384 744 430 rationalem3
766 383 877 420 tertio
893 412 904 429 ,
928 385 1091 430 propter
1109 391 1199 429 per-

174 452 383 500 spicaciam
402 447 635 485 sensualem.
662 445 934 483 Intellectualis
958 442 1201 492 perspicacia

173 517 231 551 est
244 512 493 560 superiorum
507 507 825 556 contemplativa,
839 509 875 543 ct
889 506 979 542 ideo
996 515 1200 552 compara-

173 579 233 612 tur
247 573 393 621 templo
407 570 653 609 sacerdotali.
667 569 879 606 Rationalis
892 566 1135 615 perspicacia
1146 568 1202 603 est

173 636 402 673 inferiorum
418 633 582 681 regitiva
593 660 605 678 ,
621 634 658 669 et
673 632 764 668 ideo
786 631 1037 677 comparatur
1057 629 1200 665 throno

174 697 309 745 regali.
350 695 545 734 Sensualis
585 692 826 742 perspicacia
866 693 922 728 est
965 690 1202 727 exteriorum

175 759 481 807 apprehensiva,
510 759 546 793 et
575 756 664 791 ideo
698 755 949 801 comparatur
976 751 1201 800 spectaculo

172 820 358 869 generali.
391 822 441 856 De
472 818 601 866 primo
634 816 774 853 dicitur
795 818 806 838 ²
829 827 838 851 z
869 827 889 849 «
913 814 1142 851 Benedictus
1163 824 1202 849 es

173 882 379 929 intemplo
411 883 545 918 sancto
579 878 714 925 gloriae
743 881 831 915 tuae.
859 891 878 912 »
900 880 978 914 Hoc
1009 876 1202 923 templum

172 944 422 992 spiritualiter
437 942 677 979 intellectum
695 943 750 978 est
763 939 1034 977 intellectualis
1053 937 1202 985 perspi-

172 1008 281 1045 cacia
312 1006 561 1055 superiorum
594 1003 910 1050 contemplativa.
944 1004 995 1038 De
1027 1000 1201 1037 secundo

171 1069 369 1117 siquidem
400 1067 581 1105 subditur
608 1066 758 1102 ibidem
783 1064 796 1084 ²
820 1076 828 1100 :
855 1078 872 1097 α
902 1063 1131 1100 Benedictus
1162 1072 1203 1098 es

174 1133 217 1168 in
248 1132 390 1168 throno
421 1129 533 1176 regni
563 1129 633 1164 tui.
668 1141 684 1162 »
708 1130 777 1164 Iste
807 1127 971 1163 thronus
1001 1124 1203 1162 moraliter

176 1193 393 1230 intellectus
415 1194 469 1228 est
486 1189 688 1227 rationalis
706 1188 947 1237 perspicacia
971 1186 1202 1223 inferiorum

174 1255 351 1302 regitiva.
374 1256 424 1290 De
444 1253 555 1290 tertio
575 1251 756 1288 scribitur
782 1251 929 1288 eisdem
956 1249 1058 1286 libro
1080 1252 1116 1285 et
1135 1258 1200 1284 ca-

173 1317 298 1365 pitulo
318 1318 332 1340 ³
354 1328 362 1352 :
383 1315 641 1352 «Benedictus
661 1324 713 1359 eS,
728 1312 796 1360 qui
811 1311 971 1349 intueris
991 1311 1196 1357 abyssos.»

174 1382 243 1416 lste
264 1378 422 1415 intuitus
452 1380 507 1413 est
535 1375 726 1412 sensualis
756 1376 933 1422 aspectus
963 1372 1201 1409 exteriorum

171 1440 417 1478 sensibilium
432 1437 783 1475 innumerabilium
802 1434 1123 1484 apprehensivus.

481 1542 671 1579 Articulus
699 1540 884 1577 secundus.

218 1627 442 1666 Secundam
462 1625 730 1663 conditionem
749 1622 950 1671 supponit,
970 1632 1061 1658 cum
1084 1619 1198 1658 dicit:

171 1693 340 1736 Domine,
359 1689 400 1726 in
415 1699 494 1736 qua
504 1686 690 1735 supponit
703 1686 834 1734 ipsum
848 1683 1072 1729 Dominum,
1092 1685 1130 1719 et
1149 1682 1204 1719 sic

174 1753 413 1800 largifluum.
436 1750 578 1787 Dicitur
610 1749 715 1786 enim
736 1747 946 1792 Dominus,
969 1745 1082 1793 quasi
1111 1745 1202 1780 dans

174 1826 314 1852 munus.
340 1817 384 1851 Et
409 1814 526 1858 nota,
547 1811 657 1859 quod
686 1809 826 1847 dicitur
851 1808 1038 1845 Dominus
1063 1806 1201 1854 praeci-

173 1889 251 1926 pue
283 1878 444 1925 propter
471 1874 613 1921 triplex
644 1883 808 1916 munus,
828 1870 1010 1907 videlicet
1040 1870 1202 1916 propter

173 1943 282 1976 terrae
313 1938 574 1982 fertilitatem,
607 1935 706 1971 aeris
738 1933 980 1978 claritatem,
1013 1930 1201 1977 temporis

173 2000 506 2049 tranquillitatem.
524 1998 697 2034 Primum
715 2006 859 2032 munus
878 1994 993 2031 datur
1014 1992 1201 2029 divinitus

171 2065 333 2110 propter
364 2064 541 2098 nostram
578 2058 925 2103 sustentationem3
958 2055 1199 2100 secundum,

170 2127 335 2171 propter
366 2123 586 2168 actionem;
619 2120 803 2165 tertium,
833 2120 995 2166 propter
1026 2118 1201 2153 contem-

169 2185 400 2233 plationem.
437 2186 488 2220 De
520 2183 649 2231 primo
685 2179 858 2219 dicitur'⁴
891 2192 900 2216 :
938 2193 955 2213 «
988 2179 1061 2224 Qui
1085 2181 1202 2216 vocat

172 2258 297 2294 aquas
315 2246 455 2290 maris,
474 2248 511 2282 et
530 2244 695 2281 effundit
723 2253 788 2279 eas
817 2252 936 2288 super
962 2241 1104 2278 faciem
1124 2242 1200 2276 ter-

171 2320 244 2354 rae,
264 2309 451 2345 Dominus
468 2316 615 2343 nomen
632 2306 715 2351 eJ'us
723 2317 734 2351 3
754 2318 772 2339 »
797 2303 910 2351 quasi
928 2302 1031 2339 dicat
1051 2314 1060 2338 z
1086 2314 1106 2336 a
1127 2300 1200 2345 Qui

170 2373 287 2407 vocat
314 2380 435 2416 aquas
460 2368 580 2404 maris
608 2380 625 2402 »
657 2377 729 2413 per
757 2376 953 2413 vaporum
985 2363 1200 2401 exhalatio-

168 2443 283 2476 nem,
309 2445 326 2465 «
346 2434 381 2467 et
413 2429 579 2467 effundit
610 2440 675 2465 eas
705 2438 822 2475 super
851 2427 991 2463 faciem
1020 2429 1129 2462 terrae
1146 2453 1157 2471 ,
1178 2438 1197 2461 ³>

168 2505 239 2542 per
258 2494 435 2540 ipsorum
454 2491 738 2528 resolutionem
752 2518 764 2535 ,
793 2503 812 2524 «
832 2489 1018 2525 Dominus
1049 2497 1199 2524 nomen

169 2557 273 2603 ejus,
292 2570 309 2588 »
334 2556 494 2602 propter
512 2556 623 2590 terrae
648 2551 957 2588 foecunditatem.
981 2552 1031 2586 De
1059 2560 1199 2586 secun-

170 2618 222 2654 do
243 2619 255 2637 ³³
278 2629 286 2653 z
312 2631 330 2650 «
351 2618 436 2653 Haeo
463 2616 556 2652 dicit
584 2614 791 2659 Dominus,
814 2613 882 2660 qui
915 2613 982 2649 dat
1000 2612 1129 2650 Solem
1159 2612 1199 2649 in

169 2680 318 2716 lumine
339 2678 439 2723 diei,
461 2677 642 2714 ordinem
660 2678 774 2713 Lunae
799 2678 835 2712 et
852 2674 1053 2711 stellarum
1071 2674 1112 2710 in
1133 2673 1197 2710 lu-

169 2742 274 2777 mine
292 2740 430 2778 noctis.
451 2753 468 2774 »
495 2742 544 2775 De
565 2739 676 2775 tertio
697 2739 710 2760 ⁶
733 2750 741 2774 :
768 2739 846 2775 «In
877 2737 966 2774 loco
997 2736 1069 2774 isto
1092 2735 1199 2774 dabo

171 2814 331 2852 pacem,
354 2803 447 2840 dicit
466 2802 653 2840 Dominus
673 2801 929 2838 exercituum.
951 2813 968 2835 »

508 2907 697 2943 Articulus
722 2907 865 2942 tertius.

217 2988 383 3026 Tertiam
415 2988 682 3025 conditionem
713 2987 922 3035 supponit,
956 2996 1047 3023 cum
1076 2986 1196 3023 dicit:

170 3054 260 3089 Doce
287 3062 364 3094 me3
396 3050 466 3086 ubi
485 3050 672 3097 supponit
699 3060 791 3086 eum
819 3060 900 3085 esse
926 3048 1142 3093 doctorem,
1162 3051 1201 3086 et

171 3113 225 3149 sic
244 3112 465 3149 lucifluum.
494 3114 537 3147 Et
562 3113 674 3156 nota,
709 3110 820 3157 quod
841 3110 978 3146 doctor
997 3110 1066 3146 iste
1085 3110 1201 3147 docet

171 3175 393 3222 tripliciter:
411 3173 555 3220 primo,
570 3172 730 3209 interius
744 3171 993 3219 inspirand03
1008 3171 1198 3216 secundo,

172 3237 339 3272 exterius
355 3235 575 3281 incitand03
591 3234 718 3280 tertio,
733 3232 893 3270 inferius
913 3232 1196 3279 comparando.

172 3300 222 3335 De
242 3298 371 3347 primo
390 3299 403 3320 ⁷
434 3309 443 3334 :
481 3311 499 3332 «
530 3297 715 3345 Spiritum
738 3299 851 3333 tuum
869 3295 1022 3332 bonum
1043 3293 1198 3339 dedisti,

216 3395 227 3416 ¹
249 3395 348 3433 Dan„
375 3402 436 3435 111,
462 3396 517 3428 53.
542 3411 583 3419 -
612 3395 624 3413 ²
657 3393 754 3433 thid,
778 3394 831 3426 54.
851 3410 891 3418 —
915 3392 927 3411 ³
953 3391 1053 3432 lbid.,
1083 3392 1135 3422 55.
1159 3407 1200 3414 -—

173 3443 182 3461 ⁵
203 3442 313 3482 Amos,
339 3449 394 3480 lx,
419 3445 451 3473 G.
475 3459 512 3465 —
535 3443 547 3462 ⁵
573 3442 708 3483 Jerem„
733 3449 816 3473 xxm
835 3464 843 3481 ,
870 3441 922 3473 35.
942 3456 984 3466 —
1005 3439 1018 3461 ⁶
1036 3439 1137 3480 qu„
1160 3445 1198 3478 11,

176 3491 223 3522 10.
247 3505 282 3511 -
305 3488 359 3520 711
382 3488 496 3529 Εειῖν.,
514 3496 569 3530 lx,
589 3491 641 3522 20.
663 3505 703 3515 -·
720 3489 735 3511 ⁸
754 3487 894 3530 Manli„
913 3494 959 3529 lv,
978 3489 1010 3520 2.
1030 3503 1071 3512 -
1091 3486 1103 3506 ⁹
1125 3483 1198 3524 Job,

1277 320 1343 367 qui
1363 321 1524 358 doceret
1549 331 1617 358 eos
1625 333 1637 367 ς
1659 334 1677 355 ι)
1710 330 1798 357 ecce
1819 320 1996 359 doctrina
2021 321 2300 369 inspirationis.

1275 383 1325 418 De
1353 383 1527 419 secundo
1549 384 1562 405 ⁸
1593 395 1602 419 :
1627 395 1645 417 «
1674 383 1835 420 Docebit
1864 392 1937 419 nos
1965 383 2014 419 de
2043 383 2116 419 viis
2141 385 2234 430 suis,
2266 388 2303 422 et

1274 443 1423 481 ibimus
1444 445 1484 481 in
1505 445 1652 482 semitis
1672 445 1766 491 ejus.
1785 458 1803 479 ³>
1826 444 1904 481 viae
1923 444 2117 491 pertinent
2136 445 2189 481 ad
2205 456 2303 492 prae-

1275 509 1403 553 cepta,
1430 508 1575 543 semitae
1603 507 1655 544 ad
1684 506 1859 543 consilia.
1894 508 1944 542 De
1971 505 2083 543 tertio
2103 507 2116 528 9
2143 518 2151 543 :
2187 520 2205 540 «
2232 507 2305 551 Quj

1275 567 1390 605 docet
1408 579 1481 605 nos
1507 579 1625 615 super
1640 568 1818 614 jumenta
1843 571 1952 605 terrae
1966 595 1975 611 ‚
1998 570 2034 604 et
2052 578 2170 616 super
2189 568 2304 605 volu-

1275 640 1358 666 cres
1381 630 1467 667 coeli
1487 629 1615 666 erudit
1629 639 1701 666 nos
1714 658 1723 675 ,
1744 643 1762 665 »
1785 630 1897 677 quasi
1918 629 2087 667 diceret:
2116 631 2187 674 Qui
2206 630 2304 667 docet

1274 702 1336 728 nos
1367 703 1437 738 per
1466 691 1804 739 comparationem
1826 691 1878 728 ad
1900 692 2078 737 jumenta
2097 691 2302 737 terrestria,

1276 753 1412 789 docebit
1445 763 1507 789 nos
1534 763 1605 800 per
1631 753 1967 800 comparationem
1991 753 2043 789 ad
2071 752 2158 789 coeli
2188 753 2305 790 vola-

1275 815 1371 852 tilia.
1393 815 1501 851 Unde
1521 814 1703 851 scribitur
1722 814 1863 851 eodem
1878 815 1981 851 libro
2003 814 2049 850 ¹⁰:
2073 827 2089 847 «
2107 815 2306 860 Interroga

1271 876 1475 921 jumenta,
1505 879 1541 912 et
1566 876 1766 913 docebunt
1788 878 1846 920 te,
1871 878 1908 912 ct
1933 875 2115 912 volucres
2141 874 2249 921 coeli,
2270 878 2307 912 et

1274 938 1507 974 indicabunt
1526 938 1610 975 tibi.
1639 952 1657 973 >›
1692 940 1871 975 lumenta
1894 937 2115 984 significant
2142 937 2305 983 activos,

1275 999 1370 1046 quia
1395 999 1529 1036 colunt
1556 1002 1701 1036 terram
1715 1012 1725 1045 3
1746 999 1928 1036 volucres
1955 998 2176 1045 significant
2207 1008 2304 1036 con-

1275 1058 1522 1105 templativos
1540 1061 1703 1107 propter
1721 1059 1913 1096 volatum.

1606 1164 1791 1199 Articulus
1818 1166 1985 1209 quartus.

1323 1246 1508 1290 Quartam
1539 1245 1807 1282 conditionem
1838 1244 2050 1292 supponit,
2071 1254 2163 1280 cum
2182 1243 2276 1281 dicit
2295 1255 2306 1279 ε

1274 1309 1556 1353 Justificatz‘ones
1592 1311 1688 1343 tuas.
1726 1309 1822 1343 Ecce
1853 1306 2040 1353 supponit
2070 1307 2192 1343 Deum
2225 1316 2307 1342 esse

1271 1369 1570 1415 justificatorem
1593 1371 1629 1405 et
1652 1368 1914 1413 mellifluum,
1934 1368 2028 1415 quia
2046 1368 2192 1405 scilicet
2218 1378 2308 1414 gra-

1274 1431 1337 1467 tiae
1368 1431 1560 1468 beneficia
1598 1432 1688 1467 sunt
1724 1429 1926 1467 dulciflua.
1963 1431 2006 1466 Et
2041 1431 2135 1466 nota
2149 1457 2162 1475 ,
2198 1429 2309 1477 quod

1276 1492 1485 1530 dominicae
1499 1491 1796 1539 ¹iustificationes
1816 1494 1905 1528 sunt
1924 1491 2174 1528 meditabiles
2188 1519 2199 1537 ,
2221 1501 2309 1528 can-

1275 1555 1439 1598 tabiles,
1467 1554 1691 1603 operabiles
1711 1567 1722 1590 :
1751 1553 1998 1591 meditabiles
2018 1553 2216 1601 siquidem
2237 1564 2310 1600 per

1276 1617 1575 1663 discretionem3
1597 1616 1811 1654 cantabiles
1830 1626 1901 1663 per
1918 1616 2197 1662 devotionem3
2218 1626 2310 1663 ope-

1275 1680 1421 1718 rabiles
1434 1690 1506 1727 per
1526 1679 1790 1716 dilectionem.
1814 1681 1864 1715 De
1883 1678 2013 1725 primo
2036 1681 2047 1701 ¹
2070 1691 2078 1715 :
2104 1691 2122 1713 «
2139 1681 2181 1716 In
2196 1678 2309 1725 justi-

1275 1742 1526 1780 ficationibus
1556 1741 1631 1778 tuis
1659 1741 1894 1778 meditabor.
1924 1754 1941 1775 »
1977 1742 2029 1777 De
2062 1740 2236 1777 secundo
2267 1740 2308 1776 in

1277 1804 1420 1842 eodem
1435 1804 1589 1841 Psalmo
1609 1806 1623 1826 ‘2
1646 1815 1655 1840 :
1680 1816 1700 1838 (ι
1719 1803 1941 1840 cantabiles
1959 1802 2056 1839 mihi
2072 1804 2183 1839 erant
2198 1801 2308 1848 Justi-

1275 1867 1337 1904 tiae
1356 1869 1430 1903 tuae
1448 1866 1490 1903 in
1513 1866 1601 1903 loco
1627 1865 1953 1913 peregrinationis
1976 1874 2091 1910 meae,
2114 1876 2133 1899 η
2158 1866 2229 1900 etc.
2256 1865 2307 1901 De

1274 1929 1387 1966 tertio
1410 1927 1561 1965 canitur
1585 1928 1627 1964 in
1653 1927 1798 1964 eodem
1817 1926 1971 1964 Psalmo
1990 1927 2019 1949 1³
2043 1938 2053 1961 :
2079 1938 2097 1960 «
2119 1924 2308 1962 Inclinavi

1276 2005 1343 2031 cor
1379 2004 1516 2030 meum
1550 1992 1603 2029 ad
1644 1991 1845 2030 faciendas
1886 1990 2183 2037 justificationes
2222 1991 2308 2027 tuas

1274 2058 1437 2104 propter
1454 2054 1769 2093 retributionem.
1788 2067 1807 2089 »

1708 2160 1879 2201 Epilogus.

1323 2241 1419 2279 Dicit
1438 2251 1531 2287 ergo
1550 2240 1744 2288 Propheta
1766 2239 1808 2276 in
1832 2238 2126 2286 poenitentium,
2145 2239 2307 2286 propter

1275 2314 1453 2342 amorem
1466 2302 1622 2350 justitiae
1636 2329 1645 2345 ,
1667 2301 1947 2348 suspirantium
1973 2310 2144 2348 persona
2165 2311 2176 2337 :
2194 2301 2305 2337 Bene-

1275 2367 1394 2402 dictus
1421 2376 1480 2411 es,
1504 2363 1766 2412 supponendo
1793 2365 1916 2400 Deum
1940 2372 2023 2399 esse
2046 2361 2305 2408 laudifluum,

1276 2430 1468 2475 quantum
1497 2427 1549 2462 ad
1577 2426 1686 2463 bona
1714 2424 1927 2471 naturalia3
1958 2426 2127 2469 Domine,
2158 2433 2304 2470 suppo-

1274 2490 1408 2528 nendo
1423 2492 1545 2526 Deum
1565 2499 1647 2525 esse
1663 2487 1904 2534 largifluum,
1927 2488 2118 2534 quantum
2134 2486 2186 2523 ad
2198 2486 2307 2523 bona

1274 2551 1535 2600 temporalia3
1566 2553 1656 2587 Doce
1682 2561 1755 2591 me,
1783 2548 2046 2597 supponendo
2074 2550 2196 2584 Deum
2224 2558 2305 2586 esse

1274 2614 1506 2656 lucifluum,
1549 2614 1740 2660 quantum
1780 2611 1832 2648 ad
1862 2611 1968 2646 bona
2001 2609 2302 2656 intellectualia3

1273 2677 1555 2721 ,iustificationes
1597 2677 1702 2719 tuas,
1748 2671 2011 2720 supponendo
2057 2673 2179 2708 Deum
2222 2681 2304 2707 csse

1274 2737 1514 2782 melissuum,
1535 2738 1726 2783 quantum
1745 2734 1798 2770 ad
1820 2734 1928 2771 bona
1947 2732 2139 2771 virtualia.

1630 2878 1846 2907 VERSICULUS
1873 2879 1956 2905 XIII.

1322 2986 1365 3021 In
1390 2983 1498 3020 labiis
1520 2984 1606 3018 meis
1624 2982 1874 3029 pronuntiavi,
1902 2982 1974 3017 etc.
1999 2981 2041 3017 In
2064 2978 2303 3027 praecedenti

1276 3045 1525 3094 quaternario
1551 3044 1622 3080 fuit
1644 3042 1845 3091 proposita
1873 3041 2126 3079 beatitudinis
2149 3040 2216 3077 via
2246 3050 2305 3077 re-

1276 3106 1564 3155 gredientibus,
1591 3116 1662 3141 seu
1684 3104 1981 3152 poenitentibus,
2002 3113 2072 3150 per
2092 3112 2304 3149 compunc-

1274 3170 1422 3206 tionem
1446 3167 1744 3215 suspirantibus.
1770 3168 1813 3203 In
1843 3165 2023 3213 praesenti
2050 3163 2302 3212 quaternario

1275 3232 1415 3268 eadem
1439 3230 1675 3278 proponitur
1711 3228 2049 3275 regredientibus,
2079 3237 2149 3262 seu
2181 3223 2302 3272 poeni-

1274 3293 1445 3330 tentibus
1469 3302 1539 3339 per
1565 3290 1877 3328 consolationem
1900 3287 2195 3336 respirantibus,
2216 3287 2301 3321 Hoec

1275 3357 1406 3392 autem
1432 3352 1669 3398 consolatio,
1698 3351 1897 3388 mediante
1926 3349 1992 3386 Dei
2011 3348 2157 3392 verbo,
2176 3345 2300 3393 perei-

1276 3445 1380 3476 xxxv,
1407 3439 1456 3469 11.
1477 3453 1519 3460 -
1547 3437 1569 3456 ¹⁰
1591 3434 1667 3474 Job,
1689 3441 1758 3474 ΧΠ,
1784 3434 1815 3464 7.
1843 3448 1883 3456 -
1910 3433 1935 3455 ¹¹
1957 3430 2052 3464 Psal.
2077 3429 2162 3469 hoc,
2190 3428 2240 3460 16.
2259 3444 2300 3452 —

1278 3484 1301 3506 ¹²
1322 3484 1421 3525 ibid„
1442 3486 1493 3517 54.
1509 3500 1551 3509 -
1574 3482 1600 3505 ¹³
1620 3481 1720 3522 ibid„
1741 3482 1812 3514 112.
