2633 3878
334 255 411 291 540

331 339 418 376 liter
453 336 684 373 ordinantur
717 331 769 368 ad
803 329 1095 377 impetrandum
1132 327 1356 364 subsidium

330 398 500 447 pietatis3
534 396 631 432 sicut
662 393 729 429 illa
742 418 754 436 ,
793 390 841 427 de
882 390 1026 437 quibus
1063 388 1196 426 scribit
1232 390 1357 424 Evan-

331 460 467 506 gelista
489 460 498 481 ¹
523 470 532 493 ;
559 470 575 490 (ι
592 455 728 499 Petite,
749 456 785 489 et
806 451 964 489 dabitur
982 451 1120 495 vobis3
1143 449 1300 496 quoerite
1322 452 1358 485 et

331 519 553 562 invenietis;
589 516 763 564 pulsate,
799 517 836 549 et
866 513 1059 560 aperietur
1096 511 1224 547 vobis.
1260 523 1278 544 ι)
1316 512 1358 546 Et

331 585 446 625 nota,
467 578 577 627 quod
595 576 782 614 mandata
800 574 968 620 legimus
989 572 1170 609 ordinata
1189 571 1240 608 ad
1258 571 1357 608 acci-

329 641 534 690 piendum,
555 636 848 679 inveniendum,
868 633 1192 680 ingrediendum3
1211 632 1358 669 scilicet

330 704 371 739 in
392 701 545 739 auxiliis
558 728 571 745 ,
591 697 784 742 consiliis,
807 698 844 732 et
862 694 1068 742 profundis
1091 693 1274 741 sapientis
1294 704 1356 729 sa-

331 763 550 801 oramentis.
573 763 622 797 De
642 759 771 806 primo
787 758 800 778 ²
817 769 824 793 :
846 755 1078 792 «Fiduciam
1093 755 1287 791 habemus
1305 754 1357 790 ad

330 827 470 869 Deum,
492 825 528 859 et
553 819 750 869 quidquid
777 817 1023 865 petierimus,
1049 815 1285 863 accipiemus
1305 815 1355 851 ab

329 897 390 930 eo,
423 883 611 932 quoniam
631 879 817 917 mandata
838 882 921 925 ejus
944 877 1184 914 custodimus
1202 889 1209 912 :
1230 889 1248 911 »
1267 886 1356 912 ecce

329 946 515 984 mandata
544 944 726 981 ordinata
761 941 811 978 ad
846 939 1120 988 accipiendum
1150 937 1354 974 auxilium.

330 1012 379 1045 De
400 1006 573 1045 secundo
594 1006 607 1028 ³
629 1017 638 1041 :
668 1018 685 1038 (ι
705 1003 775 1048 Qui
797 1002 919 1039 credit
939 1003 1016 1037 Deo
1030 1027 1042 1044 ,
1062 999 1225 1036 attendit
1243 1009 1354 1035 man-

329 1070 441 1114 datis,
461 1082 480 1103 ι)
503 1067 614 1116 quasi
635 1066 778 1103 scilicet
796 1064 949 1110 legibus
965 1060 1216 1099 consulendis
1237 1073 1245 1096 :
1268 1071 1356 1097 eccc

329 1131 516 1168 mandata
544 1128 724 1166 ordinata
752 1125 804 1162 ad
831 1124 1108 1161 inveniendum
1139 1122 1355 1160 consilium.

332 1195 379 1228 Dc
401 1191 511 1227 tertio
525 1191 538 1211 ⁸
559 1202 566 1225 ;
596 1203 613 1222 «
630 1191 830 1234 Ingressus
851 1185 972 1230 illius,
993 1198 1011 1218 ι)
1034 1184 1180 1220 scilicet
1207 1183 1358 1231 sapien-

330 1253 401 1298 tire,
429 1265 446 1284 «
466 1250 652 1287 mandata
670 1252 813 1285 aeterna
835 1260 842 1283 :
871 1261 889 1281 »
923 1257 1011 1282 cece
1043 1245 1230 1282 mandata
1250 1244 1357 1280 ordi-

328 1317 419 1350 nata
455 1312 507 1349 ad
537 1309 840 1357 ingrediendum
876 1307 1121 1356 profundum
1159 1305 1357 1353 sapientiae

328 1374 631 1409 sacramentum.

653 1466 841 1502 Articulus
867 1467 1033 1510 quartus.

376 1559 564 1602 Quartum
591 1553 837 1598 connotavit,
867 1553 1099 1588 connectens
1133 1563 1140 1586 :
1179 1552 1354 1596 AEquitas.

329 1618 506 1655 Mandata
522 1618 740 1653 memorata
760 1614 942 1650 dicuntur
960 1612 1135 1660 aequitas,
1158 1612 1253 1659 quia
1269 1613 1358 1647 sunt

328 1679 546 1727 aequissime
573 1679 843 1714 consummata
857 1688 867 1721 3
896 1675 1088 1722 quoniam
1113 1675 1202 1710 sunt
1228 1672 1357 1709 effica-

329 1742 422 1777 citer
447 1741 650 1788 imperata.
679 1739 781 1775 Sicut
814 1737 918 1774 enim
947 1735 1168 1783 piissimum
1193 1733 1265 1770 fuit
1288 1733 1358 1770 illa

328 1802 522 1847 mandari,
544 1801 598 1837 sic
617 1799 884 1847 aequissimum
904 1796 1182 1834 consummari.
1200 1795 1258 1832 Ad
1280 1794 1357 1831 hoc

328 1862 567 1906 notandum,
607 1861 717 1909 quod
757 1870 902 1896 nomen
939 1857 1129 1905 aequitatis
1167 1856 1221 1892 sic
1255 1855 1358 1892 attri-

327 1925 460 1961 buitur
481 1923 624 1960 divinis
639 1921 812 1969 judiciiS,
828 1919 1073 1964 testimoniis,
1094 1922 1129 1955 et
1146 1918 1355 1964 mandatis,

327 1986 424 2022 sicut
457 1983 573 2030 sigilli
610 1983 854 2019 vocabulum
888 1980 1215 2028 impressionibus
1250 1979 1357 2026 sigil-

327 2047 438 2084 latis:
455 2056 548 2082 nam
562 2044 723 2092 praefata
739 2043 908 2090 judicia,
930 2042 1170 2087 testimonia,
1193 2043 1229 2077 et
1247 2051 1358 2077 man-

328 2109 419 2145 data
463 2110 552 2144 sunt
592 2105 784 2154 aequitatis
832 2105 978 2152 optime
994 2132 1005 2146 ‚
1044 2102 1326 2151 sapientissime
1343 2131 1355 2148 ,

326 2169 594 2218 potentissime
610 2167 812 2215 signaculo
828 2167 1066 2212 consignata.
1083 2164 1198 2209 Quod
1210 2175 1357 2201 nomen

325 2231 518 2279 aequitatis
551 2229 782 2266 attribuatur
809 2227 989 2275 judiciis,
1018 2228 1149 2273 patet,
1169 2226 1239 2262 ubi
1265 2225 1358 2262 dicit

326 2291 656 2338 Psalmographus
680 2292 692 2312 ⁵
722 2302 730 2325 ;
766 2302 783 2322 «
813 2289 1008 2333 Cognovi,
1043 2287 1224 2331 Domine,
1263 2287 1358 2333 quia

326 2354 488 2401 aequitas
508 2352 659 2398 judicia
683 2356 760 2387 tua.
790 2363 807 2385 ›>
831 2349 944 2394 Quod
963 2348 1070 2384 idem
1089 2358 1235 2384 nomen
1255 2347 1358 2384 attri-

327 2415 471 2451 buatur
508 2413 736 2450 testimoniis
751 2440 762 2458 ,
801 2411 945 2455 claret,
983 2409 1051 2446 ubi
1098 2409 1228 2456 psallit
1264 2411 1356 2446 Pro-

327 2476 444 2523 pheta
462 2477 476 2497 ὅ
505 2487 512 2511 :
545 2489 561 2506 «
590 2473 763 2521 AEquitas
783 2471 1004 2509 testimonia
1029 2473 1108 2507 tua.
1136 2484 1154 2505 >³
1182 2471 1296 2514 Quod
1315 2470 1357 2506 id

329 2537 434 2573 idem
453 2546 598 2572 nomen
622 2535 853 2571 attribuatur
872 2532 1081 2578 mandatis,
1103 2531 1242 2579 liquet,
1263 2534 1357 2569 teste

329 2597 529 2635 Psalmista
547 2598 587 2634 in
606 2596 786 2644 praesenti
807 2595 1014 2631 versiculo.

758 2702 930 2743 Epilogus.

380 2782 644 2829 Descripturus
683 2790 777 2827 ergo
816 2778 1146 2825 psalmographus
1181 2777 1356 2824 proximi

333 2844 558 2880 charitatem
577 2842 887 2879 misericordiam
906 2840 1216 2888 promittentem,
1237 2842 1274 2875 et
1289 2839 1360 2876 mi-

333 2904 586 2941 sericordiam
606 2904 875 2940 admittentem
888 2929 900 2946 ,
920 2902 995 2938 ait:
1015 2902 1269 2937 Pronuntiabz't
1289 2903 1357 2936 lin-

332 2977 404 3012 qua
422 2977 499 3002 mea
513 2994 524 3011 ,
547 2968 739 3012 quantum
767 2965 817 3001 ad
844 2964 1072 3000 charitatem
1094 2962 1356 3011 pronuntian-

333 3030 436 3073 tem;
469 3028 660 3073 Eloquium
690 3031 789 3061 tuum
808 3052 820 3070 ,
849 3027 1039 3072 quantum
1075 3024 1127 3060 acl
1158 3024 1359 3060 veritatem

332 3088 656 3136 praenuntiantem
663 3099 674 3132 3
695 3087 789 3129 Quia
807 3087 927 3122 omnia
946 3086 1117 3121 mandata
1134 3088 1216 3128 tua,
1237 3095 1361 3133 quan-

334 3154 418 3187 tum
444 3150 495 3186 ad
522 3149 706 3197 pietatem
726 3147 1002 3192 mandantem,
1024 3149 1209 3192 AEquz'tas‚
1238 3157 1361 3193 quan-

335 3215 419 3248 tum
450 3211 502 3248 ad
528 3211 750 3258 aequitatem
781 3202 1121 3246 consummantem
1143 3220 1151 3244 :
1175 3219 1220 3244 ac
1242 3208 1274 3244 si
1304 3208 1362 3244 di-

336 3275 434 3310 serte
455 3272 622 3318 diceret,
643 3273 679 3308 et
699 3274 829 3319 aperte
852 3283 860 3307 :
882 3272 1025 3316 Linqua
1055 3269 1248 3306 charitatis
1278 3280 1361 3315 pro-

381 3372 389 3391 ¹
420 3371 511 3409 Luc„
538 3378 595 3410 xi,
623 3372 654 3401 9.
681 3387 720 3392 —
751 3371 761 3388 ²
790 3370 801 3400 1
826 3369 933 3407 loon„
959 3376 1021 3410 111,
1053 3370 1105 3400 22.
1134 3385 1174 3391 —
1205 3368 1215 3385 ³
1243 3368 1362 3409 Eccli„

337 3424 451 3456 uxu,
480 3419 530 3449 28.
557 3434 597 3440 —
625 3416 638 3437 ⁴
664 3417 761 3457 lbid.,
791 3424 824 3457 1,
857 3418 889 3448 5.
915 3433 950 3439 -
979 3416 992 3438 ⁵
1015 3416 1103 3448 Psal.
1132 3415 1217 3456 hoc,
1249 3416 1302 3447 75.
1323 3432 1362 3438 —

341 3463 352 3481 ⁸
382 3463 478 3502 ibid..
513 3465 580 3496 144.
609 3480 649 3486 —
679 3464 692 3485 ⁷
722 3463 813 3495 Psal.
848 3471 969 3503 Lnlx,
1004 3464 1055 3494 18.
1088 3479 1127 3486 —
1159 3463 1170 3481 ⁸
1201 3462 1279 3502 Isca,
1313 3470 1363 3501 L1,

1022 239 1293 282 EXPOSITIO
1325 238 1378 280 ΙΝ
1410 238 1758 281 PSALTERIUM.

1429 328 1613 363 nuntiabit
1634 329 1811 373 eloquium
1829 327 2022 371 veritatis,
2042 331 2130 373 quia
2146 331 2316 366 mandatu
2332 330 2453 376 picta-

1429 387 1476 424 tis
1495 387 1655 435 impleta
1675 389 1764 425 sunt
1781 387 2023 434 plenitudine
2041 388 2243 436 aequitatis.

1771 529 1994 557 VERSICULUS
2020 531 2098 556 xm.

1479 632 1559 667 173.
1583 631 1668 665 Fiat
1690 639 1814 665 manus
1835 633 1916 671 tua,
1937 634 1977 665 ut
1996 631 2107 666 salvet
2127 641 2205 673 me,
2230 632 2301 667 etc.
2321 630 2455 678 Clypei

1430 690 1660 737 spiritualiS,
1678 689 1823 726 scilicet
1842 690 2029 727 orationis
2044 690 2281 728 erectionem
2301 691 2453 739 aperuit

1431 751 1703 799 quaternarius
1722 751 1976 797 antecedens;
1999 752 2176 798 eJusdem
2205 752 2332 800 clypei
2357 763 2452 800 pro-

1430 813 1639 849 tectionem
1672 811 1825 860 aperuit
1857 812 2127 859 quaternarius
2154 823 2337 860 praesens,
2361 815 2454 852 Ora-

1430 873 1546 910 tionis
1566 876 1697 910 autem
1723 873 1884 920 clypeus
1905 875 2082 910 orantem
2102 875 2271 921 protegit
2290 874 2456 912 exterius

1430 945 1453 971 a
1475 935 1613 972 timore
1640 934 1833 982 passionis
1848 963 1860 980 ,
1887 934 2048 971 interius
2069 943 2092 971 a
2111 934 2250 972 timore
2275 935 2457 974 offensio-

1430 997 1510 1041 nis,
1532 997 1710 1044 superius
1730 1007 1753 1032 a
1769 997 1907 1033 timore
1942 998 2198 1044 separationis
2215 1025 2227 1044 ,
2255 998 2414 1035 inferius
2433 1010 2457 1036 a

1429 1058 1569 1095 timore
1600 1057 1889 1102 damnationis,
1919 1058 2016 1094 sicut
2051 1059 2205 1105 plenius
2239 1060 2456 1098 continetur

1429 1120 1470 1156 in
1489 1119 1666 1156 versibus
1695 1119 1925 1155 subnotatis.
1948 1119 2098 1155 Primus
2128 1129 2264 1156 versus
2286 1120 2457 1167 primam

1429 1181 1714 1229 protectionem
1733 1180 1912 1227 exponit,
1943 1180 1983 1216 in
2015 1191 2097 1227 quo
2127 1181 2457 1229 psalmographus

1430 1242 1672 1291 spiritualem
1709 1241 1992 1288 protectionem
2030 1244 2166 1278 contra
2202 1241 2456 1280 afflictionem

1431 1303 1675 1341 confidenter
1695 1302 1892 1349 exposcit,
1910 1302 2044 1338 dicens
2064 1313 2072 1337 :
2095 1304 2179 1338 Fiat
2193 1331 2204 1348 ,
2234 1305 2322 1349 etc.,
2344 1305 2456 1351 quasi

1430 1366 1564 1403 dicat:
1586 1365 1668 1402 Fiat
1698 1364 1889 1411 protectio
1921 1366 1984 1400 tua
2005 1391 2017 1409 ,
2052 1374 2140 1411 quae
2165 1375 2230 1401 me
2264 1365 2388 1402 salvet
2415 1366 2457 1403 in

1429 1428 1639 1465 afflictione
1658 1436 1770 1471 mea,
1791 1426 1885 1474 quia
1903 1425 2060 1462 dilectio
2082 1428 2151 1463 tua
2177 1428 2315 1473 regnat
2341 1427 2382 1463 in
2401 1428 2458 1464 af-

1429 1489 1599 1525 flictione
1628 1498 1730 1524 mea.
1753 1491 1793 1525 ln
1821 1488 1965 1535 quibus
1997 1487 2172 1524 clarescit
2202 1488 2288 1525 luce
2317 1489 2458 1526 clarius

1430 1550 1765 1598 quadrimembris
1785 1549 1980 1586 distinctio
2005 1549 2097 1586 dicti
2119 1561 2276 1596 versuS,
2294 1551 2362 1598 qui
2374 1562 2458 1588 ver-

1429 1616 1536 1650 satur
1566 1613 1668 1649 circa
1698 1612 1981 1659 protectionem
2000 1639 2011 1657 ,
2038 1611 2289 1649 afflictionem
2304 1640 2316 1659 ,
2337 1613 2457 1650 dilec-

1428 1675 1598 1718 tionem,
1632 1674 1881 1710 affectionem
1903 1685 1911 1709 :
1933 1675 2125 1720 quantum
2153 1674 2234 1710 haec
2267 1674 2454 1721 interior,

1428 1737 1511 1774 haec
1529 1737 1712 1778 exterior,
1732 1737 1813 1773 haec
1833 1736 2025 1783 superior,
2044 1736 2128 1772 haec
2147 1736 2319 1774 inferior.

1759 1838 1948 1873 Articulus
1970 1839 2125 1883 primus.

1478 1921 1649 1957 Primum
1668 1919 1944 1967 praesignatur,
1967 1930 2057 1955 cum
2075 1919 2319 1966 praemittitur
2349 1924 2456 1959 :Fiat

1430 1993 1555 2019 manus
1586 1986 1666 2027 tua,
1689 1980 1784 2028 quia
1802 1990 1943 2016 manus
1969 1980 2165 2017 vocabulo
2197 1981 2296 2018 solet
2322 1985 2456 2021 vocari

1429 2045 1620 2093 protectio
1629 2072 1640 2090 ,
1654 2044 1766 2090 juxta
1784 2042 1884 2078 illud
1905 2042 2114 2079 Psalmistae
2128 2043 2166 2079 ⁷:
2188 2043 2298 2080 «Fiat
2316 2055 2457 2082 manus

1431 2109 1498 2143 tua
1517 2115 1634 2153 super
1654 2104 1785 2140 virum
1799 2103 1967 2139 dexterae
1988 2105 2061 2139 tuae
2081 2116 2093 2147 ‚·
2114 2116 2132 2138 »
2149 2105 2186 2140 et
2204 2104 2329 2141 illud⁸
2350 2117 2359 2142 :
2381 2117 2400 2140 α
2415 2107 2455 2143 In

1430 2169 1573 2205 umbra
1602 2177 1743 2203 manus
1762 2176 1858 2201 meae
1881 2165 2032 2212 protexi
2060 2167 2109 2201 te.
2138 2178 2156 2200 »
2179 2167 2221 2202 Et
2240 2168 2335 2203 nota
2355 2166 2457 2205 circa

1430 2240 1592 2266 manum
1624 2227 1881 2276 praedictam,
1910 2226 2193 2272 protectionem
2224 2227 2365 2264 animae
2395 2229 2459 2266 tri-

1429 2292 1613 2340 partitam
1633 2292 1826 2336 quantum
1853 2287 1903 2323 ad
1933 2287 2013 2323 vim
2044 2287 2339 2334 rationabilem,
2366 2290 2459 2326 iras-

1431 2353 1589 2389 cibilem
1610 2379 1621 2396 ,
1652 2348 2027 2396 concupiscibilem:
2058 2349 2303 2385 rationabilis
2332 2353 2458 2397 prote·

1432 2416 1534 2463 gitur
1554 2415 1604 2451 ab
1634 2423 1790 2456 errore‚·
1809 2410 2015 2448 irascibilis
2035 2421 2058 2446 a
2078 2411 2230 2457 timore3
2253 2413 2458 2460 concupis-

1431 2475 1557 2513 cibilis
1578 2486 1602 2512 a
1620 2474 1827 2520 languore.
1849 2473 1978 2509 Prima
1997 2472 2186 2518 protectio
2202 2472 2394 2519 figuratur
2411 2474 2426 2496 ⁹
2447 2486 2456 2510 ι

1435 2551 1452 2572 «
1467 2539 1581 2574 Facta
1600 2538 1786 2582 estsuper
1801 2544 1892 2570 eum
1911 2544 2052 2569 manus
2068 2533 2238 2580 Domini,
2255 2536 2292 2570 et
2303 2534 2401 2572 vidit
2413 2547 2424 2571 ε
2436 2548 2454 2571 ))

1430 2599 1530 2637 visio
1563 2597 1669 2634 enim
1700 2597 1802 2633 tollit
1835 2606 2020 2632 errorem.
2052 2595 2232 2632 Secunda
2267 2596 2458 2643 protectio

1432 2660 1669 2707 significatur
1689 2657 1716 2680 ¹⁰
1737 2669 1745 2693 ι
1770 2670 1787 2691 α
1807 2656 1894 2694 Abii
1923 2666 2080 2692 amarus
2113 2656 2154 2692 in
2189 2656 2460 2704 indignatione

1432 2721 1588 2769 spiritus
1607 2719 1684 2756 mei
1701 2732 1711 2755 :
1733 2728 1873 2755 manus
1894 2717 1999 2753 enim
2019 2716 2172 2753 Domini
2192 2720 2274 2754 erat
2287 2728 2458 2764 mecum,

1433 2782 1657 2819 confortans
1675 2791 1738 2817 me
1758 2792 1766 2815 :
1789 2793 1806 2814 »
1831 2777 2063 2815 confortatio
2094 2788 2266 2826 namque
2296 2779 2398 2816 tollit
2417 2775 2472 2815 ti-'

1432 2853 1598 2880 morem.
1628 2841 1751 2877 Tertia
1788 2839 1977 2888 protectio
2015 2838 2275 2885 significatur,
2307 2840 2459 2876 dicente

1432 2904 1597 2941 Domino
1620 2903 1646 2926 ¹¹
1669 2913 1703 2938 z«
1723 2904 1856 2939 Manus
1875 2911 1964 2937 mea
1980 2899 2230 2937 auxiliabitur
2246 2900 2302 2946 ei,
2318 2902 2355 2937 et
2372 2900 2460 2938 bra-

1434 2966 1566 3002 chium
1584 2975 1718 3002 meum
1744 2961 1993 2999 confirmabit
2012 2972 2129 3007 eum;
2150 2974 2168 2996 ι)
2192 2961 2285 3009 quia
2312 2962 2457 3000 confir-

1434 3027 1552 3064 matio
1579 3025 1680 3062 tollit
1697 3025 1942 3070 languorem.

1748 3127 1936 3162 Articulus
1961 3125 2146 3161 secundus.

1464 3209 1688 3247 Secundum
1701 3208 1744 3255 (α)
1760 3207 2003 3255 propalatur,
2015 3217 2104 3243 cum
2118 3206 2279 3253 legitur:
2295 3208 2341 3242 Ut
2349 3209 2460 3244 salvet

1435 3283 1509 3317 me,
1530 3270 1675 3307 scilicet
1694 3269 1891 3316 corporali
1910 3267 2139 3314 afflictione,
2159 3267 2223 3304 vel
2254 3268 2459 3315 temporali

1434 3331 1726 3380 persecutione,
1747 3341 1797 3367 ne
1818 3329 2000 3366 deficiam
2017 3329 2059 3365 in
2077 3338 2215 3375 agone.
2238 3327 2303 3364 Hic
2322 3331 2459 3366 notare

1439 3417 1486 3447 16.
1509 3431 1547 3438 -
1573 3414 1587 3435 ⁹
1614 3412 1740 3451 Ezech„
1768 3420 1793 3452 1,
1819 3413 1848 3443 3.
1872 3427 1912 3434 -—
1937 3411 1962 3430 ¹⁰
1988 3409 2158 3449 ibid.‚111,
2182 3410 2230 3440 14.
2259 3427 2293 3431 -
2322 3411 2345 3432 ¹¹
2367 3411 2457 3445 Psal.

1439 3469 1607 3501 Lxxxvui,
1629 3462 1680 3492 22.
1704 3477 1736 3482 —
1763 3459 1803 3497 (α)
1825 3457 1916 3489 Edit.
1945 3457 2019 3488 Ven.
2040 3455 2210 3488 Secundo.

2505 2171 2616 2199 Animae

2494 2211 2600 2247 triplex

2476 2252 2617 2287 protectio
