2633 3878
1019 277 1258 321 PSALMUS
1284 277 1440 320 CXVIII
1448 308 1456 315 .

166 377 327 424 propter
362 374 599 419 bonitatem,
634 374 796 420 propter
823 370 1046 407 felicitatem
1065 382 1075 404 :
1108 368 1203 416 quia

168 448 325 485 semper
359 436 500 474 veritas
543 433 812 482 speculanda,
849 441 1005 479 semper
1046 430 1202 467 bonitas

167 499 415 545 aemulanda,
455 507 609 545 semper
640 495 804 532 felicitas
835 492 1112 542 praestolanda.
1152 494 1201 528 De

167 562 297 611 primo
315 563 325 585 ¹
345 573 380 598 z«
393 559 555 606 Quaerite
574 557 714 595 faciem
734 557 818 604 ejus
834 565 1013 604 semper3
1029 568 1046 588 »
1061 555 1100 590 in
1121 565 1201 602 quo

168 623 405 672 sempiterna
435 621 606 658 veritatis
626 619 853 668 speculatio.
883 620 933 654 De
965 616 1141 654 secundo
1162 617 1200 653 ‘-':

172 698 191 721 α
209 688 360 722 Bonum
376 682 616 720 aemulamini
635 682 676 718 in
696 682 805 718 bono
823 691 978 728 semper
986 693 997 727 3
1019 693 1036 714 »
1058 679 1099 715 in
1121 689 1201 727 quo

167 746 405 795 sempiterna
445 744 631 781 bonitatis
675 742 889 780 aemulatio.
930 745 980 778 De
1020 741 1132 778 tertio
1159 742 1172 762 ³
1192 754 1199 776 :

173 822 190 844 «
208 810 328 855 Spera
347 807 389 844 in
408 809 486 843 Deo
509 808 574 843 tuo
594 816 797 853 semper3»
813 804 853 840 in
870 814 951 852 quo
966 803 1202 851 sempiterna

166 868 356 908 felicitatis
379 867 629 917 praestolatio.

599 973 769 1015 Epilogus.

215 1057 274 1094 Ait
293 1065 387 1102 ergo
404 1052 751 1100 Psalmographus,
766 1052 864 1089 sicut
883 1052 997 1089 miles
1019 1054 1203 1101 egregius

167 1119 270 1157 circa
289 1120 426 1163 Deum,
449 1119 485 1153 et
503 1115 617 1164 quasi
638 1117 774 1151 contra
794 1116 916 1152 Deum
936 1115 1103 1152 militare
1123 1116 1200 1153 frc-

166 1183 331 1231 quenter
356 1181 559 1227 expertus:
588 1177 734 1223 Adjuva
759 1188 833 1224 me,
854 1180 1046 1225 tanquam
1069 1189 1201 1224 oram,

166 1244 301 1281 divina
327 1241 522 1291 petend03
553 1242 601 1276 Et
634 1241 754 1276 salvus
781 1251 858 1285 erc,
890 1242 1082 1288 tanquam
1113 1242 1202 1289 plo-

165 1317 256 1344 rans
262 1334 274 1353 ‚
295 1304 469 1353 reposita
487 1303 703 1351 capiend03
727 1304 772 1338 Et
792 1303 988 1339 meditabor
1010 1306 1049 1339 in
1068 1304 1201 1351 justifi-

164 1369 368 1406 cationibus
386 1369 473 1413 tuis,
495 1369 687 1414 tanquam
703 1364 913 1411 meditans,
934 1366 1094 1403 latentia
1113 1377 1201 1415 per-

165 1430 380 1479 quirendo3
415 1430 575 1476 Semper,
608 1430 801 1476 tanquam
832 1438 1107 1476 perseverans,
1145 1430 1202 1466 su-

165 1493 338 1540 gientem
362 1490 653 1540 persequendo.

535 1636 753 1665 VERSICULUS
777 1637 829 1663 vt.

211 1744 292 1778 118.
323 1741 504 1787 Sprevisti
529 1749 646 1776 omnes
676 1739 912 1782 discedentes,
937 1742 1008 1777 etc.
1031 1740 1202 1784 Qualiter

162 1802 332 1840 Ecclesia
351 1801 487 1839 militet
514 1802 617 1838 circa
637 1803 773 1848 Deum,
793 1812 864 1849 per
883 1813 1042 1839 versum
1063 1803 1202 1841 claruit

161 1863 424 1913 praeauditum
435 1877 446 1910 ;
464 1863 632 1912 qualiter
649 1866 780 1900 autem
799 1864 938 1901 militet
959 1867 1094 1902 contra
1113 1865 1201 1902 hos-

162 1929 262 1973 tem,
290 1926 497 1963 subrutilat
516 1936 587 1973 per
611 1928 856 1974 praesentem.
886 1929 1064 1964 Potenter
1089 1938 1201 1965 nam-

163 1999 240 2037 que
266 1987 420 2035 militat,
443 1998 531 2036 quae
557 1999 631 2036 pro
650 1988 741 2025 filiis
762 1988 812 2025 ab
837 1989 1063 2026 adversario
1085 2001 1200 2038 supe-

161 2052 254 2089 ratis
277 2051 591 2099 omnipotentem
612 2050 815 2098 objurgat,
836 2051 1049 2099 plangens,
1076 2055 1114 2088 et
1133 2063 1201 2089 an-

161 2124 277 2161 gens,
298 2116 340 2151 ut
367 2113 408 2149 in
433 2112 626 2150 auxilium
653 2123 770 2149 suum
800 2116 946 2160 surgat.
979 2114 1039 2152 Ait
1070 2116 1197 2152 enim:

162 2176 362 2223 Sprevisti,
395 2177 483 2222 etc„
516 2177 710 2222 tanquam
746 2186 844 2212 voce
876 2175 1035 2223 rugiens
1065 2177 1200 2225 planc-

161 2240 295 2275 tuosa:
322 2237 438 2274 Filios
455 2247 567 2274 meos
587 2237 762 2285 spernis,
783 2248 885 2285 quos
911 2249 932 2274 a
959 2242 1027 2276 tua
1047 2239 1199 2277 civitate

159 2311 232 2348 per
252 2299 504 2337 temerariam
528 2299 775 2338 voluntatem
795 2300 961 2347 abduci,
989 2304 1025 2338 et
1050 2302 1091 2338 in
1111 2313 1201 2339 con-

160 2362 321 2400 trariam
346 2361 543 2399 clvitatem
571 2373 641 2410 per
671 2362 940 2415 adversariam
968 2366 1201 2412 potestatem

161 2423 314 2461 traduci
336 2423 551 2460 concerniS.
577 2423 637 2460 Ad
664 2424 774 2470 quus
793 2425 1037 2472 pleniorem,
1061 2429 1098 2463 et
1115 2427 1201 2474 pla-

162 2484 316 2521 niorem
328 2484 585 2530 intellectum,
597 2485 792 2533 populare
810 2489 1056 2534 proponatur
1070 2498 1200 2525 exem-

161 2546 287 2593 plum.
308 2546 412 2583 Sicut
430 2547 570 2584 merito
593 2548 789 2595 spernitur
803 2558 826 2584 a
845 2548 1052 2586 mundana
1070 2535 1202 2598 potes-

161 2610 238 2645 tate
258 2608 465 2646 discedens
485 2620 509 2646 a
527 2620 597 2646 sua
617 2609 792 2655 civitate,
813 2610 843 2646 si
872 2621 1041 2658 sequens
1060 2612 1201 2649 adver-

162 2670 308 2707 sariam
326 2673 580 2719 potestatem,
600 2671 748 2709 incidat
773 2672 816 2709 in
843 2674 1080 2711 contrariam
1110 2675 1202 2712 civi-

163 2735 305 2780 tatem3
334 2733 388 2770 sic
414 2744 497 2771 non
522 2734 718 2772 immerito
748 2737 1009 2774 contemnitur
1028 2748 1051 2774 a
1069 2749 1202 2786 super-

163 2795 368 2833 mundana
386 2798 592 2844 potestate,
613 2796 819 2834 discedens
839 2799 890 2835 ab
910 2800 1105 2847 aequitate,
1122 2804 1202 2837 tan-

164 2867 288 2906 quam
316 2857 517 2895 dominica
541 2858 718 2903 civitate,
747 2859 841 2907 quia
872 2871 1040 2909 sequens
1066 2862 1202 2900 adver-

167 2919 312 2957 sariam
332 2921 585 2968 potestatem,
606 2920 744 2957 incidit
769 2921 809 2958 in
831 2922 1099 2970 iniquitatem,
1120 2927 1202 2961 tan-

167 2991 290 3029 quam
318 2981 560 3019 diabolicam
594 2982 803 3021 civitatem.
836 2987 1110 3023 Verumtamen
1136 2986 1203 3035 pia

169 3045 293 3081 mater
306 3043 490 3091 Ecclesia,
503 3044 552 3081 de
564 3045 688 3082 salute
702 3046 878 3083 filiorum
892 3057 1055 3085 suorum
1069 3049 1200 3096 anxia,

169 3115 251 3142 non
275 3107 398 3142 cessat
414 3107 646 3153 potestatem
673 3107 845 3155 primam
873 3109 1061 3157 excitare,
1082 3114 1118 3148 et
1136 3111 1203 3149 ad—

168 3177 305 3204 versus
335 3169 567 3215 potestatem
598 3169 866 3208 adversariam
892 3171 1073 3209 militare.
1103 3174 1203 3217 Qua·

168 3233 258 3267 tuor
288 3240 382 3277 ergo
409 3233 671 3268 connotantur
696 3231 737 3268 in
764 3242 880 3269 versu
898 3234 1127 3282 proposito:
1148 3236 1204 3272 vi-

169 3292 311 3330 delicet
329 3292 468 3340 primae
490 3293 689 3340 potestatis
708 3297 973 3343 contemptus3
995 3296 1204 3336 dominicoe

171 3353 349 3401 civitatis,
365 3354 511 3392 scilicet
524 3355 732 3404 aequitatis,
746 3367 942 3405 recessus;
964 3360 1206 3399 secundariae

169 3416 369 3463 potestatis
393 3427 599 3465 occursus,
628 3421 666 3456 et
693 3419 901 3457 diabolicae
930 3420 1114 3470 civitatis,
1134 3424 1205 3461 sci-

217 3499 228 3521 ¹
252 3499 261 3530 Ι
286 3500 449 3543 Ραναὶίμ,
475 3509 551 3544 xV1,
582 3505 630 3535 Η.
650 3520 690 3527 -
714 3504 728 3526 ²
748 3503 839 3545 Gal„
870 3512 916 3546 ιν,
944 3506 994 3538 18.
1014 3521 1056 3529 —
1079 3506 1091 3525 ³
1118 3507 1205 3548 Ose„

169 3553 234 3588 ιιι,
253 3547 285 3581 6.
299 3564 340 3572 -
359 3548 373 3571 ⁴
387 3549 482 3583 Psal.
505 3557 643 3593 Lxxvu,
665 3552 717 3593 58,
739 3553 790 3585 59.
810 3570 851 3578 —
870 3554 884 3576 ⁸
899 3553 986 3588 Psal.
1009 3561 1078 3596 Lu,
1098 3558 1147 3589 10.
1165 3572 1206 3581 -

2234 265 2311 305 469

1275 367 1365 404 licet
1383 365 1612 414 iniquitatis,
1634 364 1830 399 incursus:
1852 368 2023 406 quorum
2036 356 2210 404 primum
2223 363 2311 401 per-

1277 430 1372 466 tinet
1391 428 1443 466 ad
1463 424 1687 465 temeritatis
1713 421 2039 471 permissionem;
2070 416 2313 459 secundum,

1278 492 1330 529 ad
1349 490 1539 539 {equitatis
1564 484 1933 537 praetermissionem
1944 495 1955 529 3
1975 481 2153 525 tertium,
2175 479 2228 516 ad
2247 488 2312 515 co-

1280 546 1477 601 gitationis
1510 549 1795 588 immissionem
1805 558 1816 592 ;
1852 545 2060 594 quartum,
2088 542 2140 579 ad
2171 540 2312 589 iniqui-

1277 616 1364 653 tatis
1384 613 1717 652 commissionem.

1610 715 1801 752 Articulus
1826 715 1978 760 primus.

1325 803 1520 848 Quantum
1541 799 1593 836 ad
1612 798 1810 846 primum,
1836 793 2107 842 praemittitur:
2138 792 2316 838 Sprevisti
2370 806 2476 844 sperni

1278 875 1406 902 omnes.
1437 861 1625 900 Dominus
1656 859 1797 895 dicitur
1834 855 2056 904 aspernari,
2090 864 2192 902 quos
2227 863 2315 901 per·
2334 848 2477 917 3323?

1277 926 1392 964 mittit
1419 924 1624 974 propriam
1644 921 1888 959 voluntatem
1914 917 2076 954 sectari:
2101 927 2191 953 cum
2210 915 2316 952 enim

1279 991 1402 1026 Deum
1423 986 1622 1025 dimittens
1641 983 1826 1021 voluntas
1852 980 1928 1017 sibi
1954 978 2172 1023 dimittitur,
2193 979 2315 1014 teme-

1276 1052 1369 1089 ritas
1383 1048 1633 1098 permittitur,
1649 1055 1733 1083 non
1757 1042 1989 1080 immittitur.
2011 1042 2054 1078 Et
2074 1041 2182 1086 nota,
2204 1039 2316 1087 quod

1276 1112 1423 1162 spernit
1453 1110 1640 1148 Dominus
1666 1109 1875 1145 sectatores
1899 1103 2114 1141 temerariae
2133 1101 2316 1138 volunta-

1275 1177 1338 1222 tis,
1355 1185 1424 1212 seu
1441 1171 1675 1211 voluntariae
1692 1167 1930 1214 temeritatis,
1944 1177 2016 1215 per
2035 1174 2224 1210 errorem,
2245 1173 2317 1212 per

1275 1237 1466 1282 favorem,
1487 1246 1558 1283 per
1573 1234 1769 1278 furorem3
1790 1231 1890 1267 sicut
1912 1229 2079 1266 cultores
2100 1225 2316 1270 idolorum,

1276 1299 1501 1337 adulatores
1530 1296 1751 1339 malorum,
1772 1295 1810 1330 et
1840 1292 2077 1329 detractores
2099 1289 2312 1327 bonorum.

1275 1365 1327 1400 De
1345 1361 1475 1410 primo
1495 1369 1566 1408 per
1585 1356 1833 1395 psalmistam
1853 1353 1994 1391 dicitur
2013 1353 2026 1374 ¹·
2043 1364 2051 1389 ;
2079 1365 2097 1385 «
2120 1353 2163 1389 In
2184 1350 2316 1399 sculp-

1276 1424 1454 1462 tibilibus
1474 1422 1553 1458 suis
1575 1421 1627 1458 ad
1651 1418 1944 1456 aemulationem
1963 1426 2054 1453 eum
2073 1424 2316 1463 provocave-

1275 1492 1384 1526 runt:
1407 1486 1559 1525 audivit
1578 1488 1691 1530 Deus,
1713 1485 1750 1520 et
1771 1481 1938 1530 sprevit:
1959 1493 1976 1514 n
1995 1479 2058 1516 hic
2078 1479 2315 1526 spernuntur

1276 1551 1477 1588 idolorum
1500 1547 1682 1585 cultores.
1706 1548 1756 1582 De
1776 1543 1951 1581 secundo
1978 1552 2050 1590 per
2080 1539 2316 1587 Prophetam

1277 1612 1460 1661 psallitur
1479 1613 1491 1634 ⁵
1507 1624 1516 1646 :
1533 1623 1551 1644 (ι
1567 1608 1726 1647 Consusi
1745 1609 1847 1653 sunt,
1860 1620 1877 1640 n
1897 1604 2041 1641 scilicet
2056 1603 2125 1651 qui
2143 1601 2316 1639 homini-

1276 1675 1351 1712 bus
1370 1674 1540 1722 placent,
1565 1671 1787 1719 «quoniam
1806 1671 1903 1705 Deus
1929 1665 2076 1715 sprevit
2107 1674 2187 1701 eos.
2209 1676 2228 1699 »
2251 1663 2318 1700 Hic

1275 1737 1512 1784 spernuntur
1531 1733 1732 1770 malorum
1752 1730 1990 1768 adulatores.
2014 1730 2065 1765 De
2086 1726 2198 1764 tertio
2223 1725 2317 1772 legi-

1274 1802 1337 1836 tur
1356 1799 1369 1821 ⁶
1386 1810 1393 1834 :
1415 1799 1503 1844 Vae,
1525 1796 1594 1844 qui
1614 1793 1804 1844 praedaris
1818 1822 1827 1838 ,
1855 1801 1988 1828 nonne
2009 1792 2046 1827 et
2064 1789 2147 1837 ipse
2164 1787 2316 1835 praeda-

1274 1861 1399 1898 beris:
1423 1863 1461 1897 et
1480 1858 1549 1907 qui
1566 1856 1731 1906 spernis,
1750 1865 1884 1892 nonne
1899 1856 1936 1891 et
1953 1853 2036 1901 ipse
2056 1849 2277 1900 sperneris?
2294 1862 2312 1884 »

1274 1923 1342 1961 Hic
1375 1923 1613 1971 spernuntur
1646 1919 1848 1956 bonorum
1881 1917 2143 1960 detractores,
2179 1911 2323 1949 alienae'

1273 1985 1389 2022 famae
1407 1983 1632 2033 praedones.

1597 2086 1788 2123 Articulus
1806 2083 1997 2120 secundus.

1322 2174 1520 2218 Quantum
1551 2170 1603 2208 ad
1622 2169 1858 2214 secundum,
1884 2165 2124 2204 submittitur
2145 2178 2154 2203 ι
2188 2167 2312 2203 Disce-

1276 2237 1396 2273 clentes
1417 2246 1438 2271 a
1452 2235 1612 2281 jtcstitiis
1647 2235 1735 2269 tuis.
1760 2233 1840 2268 {stae
1869 2229 2025 2277 justitiae
2044 2230 2134 2266 sunt
2152 2228 2313 2276 aequita-

1273 2299 1321 2335 tis
1355 2296 1637 2341 observantiae,
1675 2294 1756 2330 sive
1786 2292 2068 2330 mandatorum
2101 2289 2314 2327 moralium

1275 2361 1502 2398 differentiae
1524 2372 1531 2396 :
1555 2358 1746 2408 quoniam
1767 2359 1780 2381 ⁷
1811 2369 1820 2394 :
1845 2369 1864 2391 «
1884 2355 2023 2394 Omnia
2041 2354 2231 2392 mandata
2246 2358 2315 2391 tua

1274 2424 1457 2471 aequitas,
1478 2436 1496 2457 »
1527 2422 1626 2458 sicut
1649 2419 1880 2468 prophetica
1916 2418 2011 2455 dicit
2031 2416 2254 2454 auctoritas.
2283 2419 2314 2453 A

1271 2485 1426 2533 justitiis
1448 2484 1528 2521 istis
1559 2482 1815 2526 discedimus,
1836 2491 1927 2518 cum
1962 2479 2122 2517 easdem
2152 2478 2313 2527 respici-

1274 2558 1376 2594 muS,
1416 2545 1658 2594 repellimus,
1696 2543 1955 2592 profanamus
1985 2541 2135 2578 :verbi
2171 2540 2311 2588 gratia,

1275 2620 1365 2647 cum
1402 2608 1578 2656 aliquam
1612 2605 1805 2654 aequitatis
1842 2603 2136 2642 observantiam
2154 2601 2313 2651 respicit

1276 2671 1525 2716 conscicntia,
1566 2669 1720 2716 repellit
1757 2666 2096 2716 concupiscentia,
2129 2665 2313 2714 profanat

1276 2733 1537 2772 contumacia.
1576 2733 1626 2768 De
1661 2731 1791 2779 primo
1815 2731 1828 2752 ⁸
1861 2741 1869 2766 :
1897 2731 2073 2776 «Legem
2109 2726 2313 2765 mandavit

1276 2800 1427 2846 Moyses
1444 2797 1485 2833 in
1503 2794 1708 2844 praeceptis
1722 2792 1961 2840 justitiarum
1980 2803 1988 2829 :
2010 2805 2028 2826 n
2049 2801 2138 2828 ecce
2155 2789 2313 2838 justitiae

1276 2859 1542 2910 respiciendae.
1566 2860 1616 2894 De
1646 2856 1820 2894 secundo
1860 2855 2002 2893 dicitur
2022 2865 2046 2892 a
2066 2854 2313 2902 Psalmogra-

1276 2925 1357 2973 pho
1379 2924 1422 2959 ⁹:
1457 2935 1475 2956 «
1504 2919 1674 2958 ,iustitias
1712 2919 1796 2966 ejus
1828 2928 1910 2955 non
1941 2917 2070 2966 repuli
2108 2926 2132 2955 a
2167 2926 2264 2954 me:
2290 2930 2308 2952 n

1276 2997 1364 3025 ecee
1381 2984 1536 3033 justitiae
1565 2993 1647 3020 non
1665 2980 1918 3029 repellendae.
1941 2981 1992 3017 De
2024 2979 2137 3017 tertio
2169 2978 2211 3016 in
2231 2978 2310 3017 alio

1276 3050 1431 3099 psalmo
1450 3047 1593 3084 dicitur
1610 3057 1634 3083 a
1653 3045 1819 3082 Domino
1834 3043 1862 3067 ¹⁰
1885 3056 1893 3080 :
1921 3043 1990 3080 «Si
2009 3041 2176 3090 justitias
2204 3049 2312 3078 meas

1276 3109 1572 3161 profanaverint
1580 3120 1591 3155 ;
1612 3121 1630 3143 »
1645 3110 1683 3146 et
1701 3107 1803 3144 infra
1814 3118 1822 3143 :
1833 3118 1850 3140 «
1860 3105 2033 3142 Visitabo
2047 3105 2089 3141 in
2103 3104 2216 3150 virga
2234 3102 2311 3141 ἰαὶ·-

1277 3175 1444 3223 quitates
1475 3182 1614 3210 eorum
1646 3184 1656 3207 :
1692 3183 1709 3205 n
1747 3179 1836 3206 ecce
1871 3167 2027 3216 justitias
2062 3176 2145 3205 non
2178 3164 2312 3214 profa-

1277 3236 1430 3276 nandae.

1611 3281 1807 3318 Articulus
1835 3281 1978 3316 tertius.

1325 3363 1523 3408 Quantum
1555 3359 1608 3397 ad
1642 3357 1812 3403 tertium,
1852 3355 2080 3404 adjungitur
2101 3367 2110 3393 :
2144 3355 2240 3400 Quia
2257 3366 2313 3393 co-

1277 3426 1410 3473 qitatio
1430 3433 1564 3461 eorum.
1588 3421 1673 3457 Haec
1690 3421 1746 3457 est
1766 3418 1953 3466 cogitatio
1973 3417 2150 3456 immissa
2168 3417 2220 3456 ab
2240 3417 2312 3456 ad-

1279 3510 1292 3528 θ
1308 3510 1388 3549 Ιεα.,
1410 3514 1538 3546 xxxiii,
1563 3508 1593 3537 1.
1613 3521 1651 3528 -
1671 3505 1681 3524 ⁷
1703 3502 1791 3535 Psal.
1808 3503 1888 3544 hoc,
1907 3503 1978 3535 172.
1994 3518 2035 3527 —
2053 3502 2065 3522 ⁸
2079 3501 2198 3542 Eccli„
2216 3509 2312 3544 xxiv,

1282 3558 1333 3590 33,
1355 3572 1395 3580 -
1414 3557 1425 3574 '³
1447 3552 1535 3586 Psal.
1557 3559 1644 3593 xvu,
1665 3551 1716 3584 23.
1739 3567 1775 3576 -
1800 3551 1825 3575 ¹⁰
1841 3549 1932 3584 Psat.
1953 3557 2126 3592 Lxxxviu,
2146 3552 2197 3592 32,
2218 3550 2270 3584 33.
