2633 3878
283 272 359 310 520

711 399 880 439 Epilogus.

327 481 448 517 orans
484 489 578 525 ergo
622 479 834 526 Propheta,
875 481 1078 516 occasione
1109 482 1264 527 sumpta
1283 491 1306 516 a

280 541 435 577 miseria
454 540 702 587 prolongata,
714 541 786 576 ait:
803 541 1061 576 Masei-icordioe
1081 544 1150 576 tuae
1168 543 1301 586 muttae,

281 604 471 648 quantum
491 601 542 637 ad
554 601 834 637 numerationis
846 601 1119 647 subtilitatem3
1146 604 1302 647 Domine,

280 665 471 708 quantum
503 662 554 699 ad
585 662 846 698 venerationis
878 662 1152 707 humilitatem;
1181 663 1306 698 Secun-

279 723 362 758 dum
373 723 552 768 judicium
572 726 685 766 muna,
706 724 898 769 quantum
927 721 979 758 ad
1009 722 1305 769 ponderationis

278 783 522 827 virilitatem;
549 785 702 827 Vivifica
733 794 805 827 me,
828 785 1018 829 quantum
1050 783 1102 819 ad
1129 784 1304 829 postula-

279 845 393 880 tionis
411 844 628 881 utilitatem.

630 988 846 1015 vanstCULus
872 988 954 1014 xm.

315 1095 393 1128 157.
405 1094 514 1128 Multi
523 1094 588 1137 qui
594 1096 855 1137 persequuntur
864 1102 927 1135 me,
938 1094 1062 1129 etc.1n
1070 1092 1303 1138 praecedenti

277 1153 526 1199 quaternario
563 1153 756 1199 praecessit
799 1153 922 1189 oratio
970 1153 1168 1200 specialis,
1217 1164 1304 1201 quae

277 1214 465 1250 duntaxat
495 1213 639 1250 orantis
660 1214 865 1249 utilitatem
883 1213 1072 1258 intendit3
1095 1214 1134 1249 in
1150 1215 1223 1251 isto
1247 1226 1304 1251 se—

277 1275 410 1322 quenti
442 1274 693 1321 quaternario
727 1275 904 1321 sequitur
938 1275 1062 1312 oratio
1095 1277 1303 1321 generalis,

275 1347 363 1382 quae
377 1336 514 1372 latiore
535 1335 719 1372 charitate
739 1335 930 1382 procedit,
952 1336 1142 1383 quoniam
1163 1337 1214 1373 ad
1230 1337 1303 1373 ini-

274 1397 467 1433 micorum
487 1397 698 1433 commoda
719 1407 759 1433 se
779 1397 963 1433 extendit.
987 1399 1078 1434 Orat
1103 1399 1208 1434 enim
1229 1409 1301 1446 pro

275 1458 441 1494 inimicis
469 1457 815 1505 Psalmographus,
835 1468 884 1494 ne
905 1459 1124 1495 crucientur
1139 1463 1300 1496 aeterna-

274 1519 377 1563 liter,
400 1529 448 1554 ne
468 1519 689 1555 saucientur
708 1520 941 1562 mortaliter;
962 1520 1032 1556 secl
1056 1520 1302 1557 vivificentur

275 1580 487 1625 moraliter,
506 1581 817 1617 etsalvificentur
836 1581 1016 1627 finaliter,
1038 1583 1136 1618 sicut
1165 1582 1226 1619 bis
1245 1583 1302 1619 bi·

274 1643 332 1677 nis
358 1641 534 1678 versibus
562 1641 739 1678 enucleat
772 1642 984 1679 evidenter.
1019 1643 1168 1679 Primus
1197 1644 1301 1680 enim

274 1713 408 1738 versus
424 1713 496 1749 pro
514 1703 680 1739 inimicis
701 1714 813 1739 orare
833 1703 1010 1748 videtur,
1034 1714 1083 1740 ne
1104 1704 1179 1740 illis
1197 1705 1303 1742 mala

273 1774 345 1810 pro
365 1763 479 1799 malis
509 1764 797 1808 retribuantur,
830 1764 998 1800 dicendo
1023 1777 1031 1800 :
1058 1766 1191 1810 Multi,
1213 1768 1299 1811 etc.,

274 1826 383 1870 quasi
405 1825 509 1861 dicat
536 1837 545 1860 z
566 1825 702 1861 Multos
719 1825 919 1862 maleficos
939 1829 976 1862 et
995 1825 1210 1862 maledicos
1230 1827 1300 1862 ha-

273 1885 367 1929 bui;
399 1887 469 1922 sed
487 1897 510 1922 a
527 1886 756 1923 testimoniis
785 1886 878 1932 tuis,
907 1897 995 1933 quae
1023 1887 1184 1933 retinui,
1220 1897 1301 1924 non

274 1947 482 1992 declinavi,
501 1957 645 1993 rogans
666 1947 779 1983 malis
800 1947 904 1983 mala
923 1947 1098 1984 retribui.
1120 1948 1214 1983 Vide
1235 1958 1299 1993 ge-

273 2008 421 2043 minam
453 2008 728 2045 adversitatem
749 2010 972 2054 superatam
1001 2018 1071 2055 per
1102 2008 1300 2054 geminam

272 2069 519 2115 charitatem3
534 2069 716 2106 videlicet
725 2069 1000 2106 adversitatem
1020 2070 1297 2113 maledicendi,

273 2131 608 2176 etmalefaciendi‚
629 2141 699 2178 per
718 2130 945 2168 charitatem
965 2131 1045 2173 Dei,
1067 2132 1298 2178 etproximi.

600 2233 788 2269 Articulus
809 2235 961 2278 primus.

323 2316 491 2351 Primum
510 2314 756 2360 significavit,
777 2325 867 2351 cum
886 2315 938 2352 ait
960 2329 970 2351 .·
992 2318 1105 2352 Multi
1131 2319 1193 2362 qui
1220 2327 1302 2363 per-

272 2382 465 2423 sequuntur
492 2388 568 2421 me,
600 2377 743 2413 scilicet
771 2377 948 2414 dentium
977 2378 1144 2424 sagittis,
1172 2382 1208 2414 et
1227 2378 1301 2414 lin-

274 2449 442 2484 guarum
460 2438 613 2484 gladiis,
636 2438 732 2475 sicut
749 2438 946 2482 maledici,
969 2439 1016 2475 de
1032 2439 1176 2486 quibus
1195 2440 1301 2486 psal-

273 2500 390 2536 limus
413 2501 422 2521 ¹
448 2512 455 2535 :
485 2512 502 2532 «
518 2500 600 2536 Filii
620 2499 843 2544 hominum,
864 2499 1000 2535 dentes
1019 2510 1157 2536 eorum
1177 2511 1301 2546 arma,

275 2565 310 2596 et
329 2561 496 2605 sagittae,
517 2563 553 2596 et
578 2560 714 2606 lingua
747 2570 885 2596 eorum
921 2561 1076 2606 gladius
1110 2565 1258 2598 acutus.
1281 2577 1298 2596 »

273 2621 493 2658 Notandum
530 2621 670 2667 igitur,
708 2621 818 2668 quod
856 2621 999 2658 diversi
1037 2622 1301 2659 diversimode

273 2685 584 2728 persequuntur:
607 2681 772 2729 quidam
785 2682 991 2718 calumniis
1003 2696 1013 2727 3
1035 2683 1198 2729 quidam
1209 2695 1304 2720 con—

275 2744 461 2788 tumeliis;
484 2743 648 2790 quidam
676 2742 820 2778 minis:
847 2743 945 2779 sicut
975 2744 1135 2790 callidi,
1164 2745 1302 2792 invidi,

277 2806 313 2839 et
331 2804 504 2850 superbi.
525 2805 575 2840 De
605 2804 734 2850 primo
754 2806 767 2825 ⁹·
789 2816 797 2840 ε
823 2805 983 2848 «Quare
1013 2815 1118 2841 nunc
1143 2806 1269 2842 dicitis
1291 2819 1299 2842 :

276 2866 559 2910 Persequamur
572 2874 676 2906 eum,
698 2867 734 2900 et
744 2864 918 2901 radicem
927 2866 1038 2901 verbi
1056 2866 1302 2903 inveniamus

276 2925 465 2960 adversus
501 2926 618 2960 eum?
643 2938 660 2957 n
686 2927 779 2960 Ecce
810 2925 1055 2962 calumniosa
1081 2928 1301 2974 persecutio

277 2985 525 3021 callidorum.
546 2987 596 3021 De
627 2986 801 3021 secundo
823 2987 837 3008 ³
857 2998 864 3021 :
892 2999 908 3018 «
928 2987 1068 3023 Audivi
1099 2992 1300 3025 contume-

276 3047 347 3082 lias
377 3046 612 3090 multorum,
643 3049 679 3081 et
711 3049 897 3082 terrorem
928 3047 967 3082 in
1003 3049 1164 3086 circuitu
1185 3061 1194 3086 ε
1215 3060 1302 3096 per—

277 3107 504 3153 sequimini,
525 3109 562 3142 et
585 3116 869 3153 persequamur
898 3119 906 3142 :
935 3120 953 3141 n
976 3118 1065 3144 ecce
1098 3113 1299 3147 contume-

276 3167 376 3204 liosa
393 3166 612 3215 persecutio
625 3167 864 3202 invidorum.
887 3168 938 3203 De
958 3169 1067 3206 tertio
1080 3169 1092 3189 ⁴
1116 3183 1124 3206 :
1148 3184 1165 3204 a
1182 3173 1301 3217 Syrus

277 3228 584 3275 persequebatur
601 3230 752 3274 patrem
771 3237 904 3264 meum
916 3254 929 3272 ,
949 3229 1017 3275 qui
1042 3230 1244 3267 descendit
1262 3233 1301 3267 in

279 3290 484 3336 AEgyptum
511 3300 519 3324 :
546 3301 564 3322 n
595 3288 649 3323 sic
673 3291 962 3335 persequuntur
988 3291 1147 3337 superbi
1173 3292 1300 3328 virum

323 3386 330 3404 ¹
353 3385 440 3416 mal.
461 3393 529 3425 va,
551 3387 580 3416 5.
598 3401 637 3407 —-
656 3386 670 3406 ⁸
688 3385 848 3426 Job.xtx‚
869 3388 920 3418 28.
936 3405 976 3411 —
993 3389 1003 3406 ³
1018 3389 1150 3428 Jemm„
1170 3398 1228 3430 xx,
1250 3394 1301 3423 10.

277 3449 316 3454 —
340 3436 346 3447 ¹
371 3433 478 3470 Dent„
498 3439 592 3470 mvi,
610 3434 639 3462 5.
664 3449 704 3454 —
723 3433 734 3450 ⁸
754 3432 844 3462 Psal.
866 3441 919 3471 CV,
951 3437 995 3465 22.
1010 3452 1050 3458 -
1071 3437 1082 3451 ‘-
1100 3436 1254 3477 Sophon„
1276 3446 1301 3478 1,

281 3479 328 3509 17.
348 3494 386 3499 —
407 3478 415 3483 “
437 3478 522 3508 psal.
543 3486 648 3517 ειμι,
671 3481 720 3509 ¹2.
741 3495 781 3501 —
800 3483 810 3494 '¹
829 3479 950 3518 Ecclz„
968 3490 1039 3521 xxi,
1063 3485 1089 3514 1.
1108 3499 1147 3505 —
1164 3484 1177 3504 ⁹
1196 3485 1302 3521 Rom„

977 269 1248 312 Exposl‘rlo
1277 271 1329 312 IN
1358 271 1703 314 PSALTERIUM.

1379 361 1667 405 venerabilem,
1696 360 1763 407 qui
1789 362 1825 396 et
1844 359 2082 397 descendere
2105 360 2343 407 dignoscitur
2360 361 2401 398 in

1379 432 1601 458 moerorem.
1633 423 1729 458 Nam
1754 423 1941 468 AEgyptus
1965 421 2236 468 interpretatur
2253 433 2399 466 moeror;

1380 484 1498 529 Syrus
1520 483 1700 526 sublimis,
1729 492 1801 529 per
1821 493 1940 529 quem
1959 481 2151 529 superbus
2175 481 2402 529 intelligitur

1378 546 1622 589 persecutor:
1640 553 1727 580 ecce
1743 543 2021 579 comminativa
2032 542 2250 589 persecutio
2271 553 2401 589 super-

1378 604 1534 640 borum.

1691 651 1880 686 Articulas
1904 651 2090 687 sccundus.

1424 727 1646 764 Secundum
1666 726 1925 772 consignavit,
1946 736 2035 763 cum
2054 726 2231 763 subdidit
2245 738 2255 763 :
2268 728 2315 763 Et
2335 729 2403 763 tri-

1379 788 1503 823 bulant
1521 798 1592 833 me,
1612 787 1758 824 scilicet
1779 788 2005 834 temporali,
2026 787 2089 824 vel
2118 787 2314 834 corporali
2338 787 2402 823 tri—

1378 848 1599 894 bulatione3
1629 849 1729 886 sicut
1755 849 1956 885 bonorum
1982 848 2259 895 temporalium
2291 847 2403 885 abla-

1376 910 1502 956 tione,
1530 910 1594 946 vel
1614 910 1812 955 malorum
1832 909 2100 957 corporalium
2127 909 2314 946 illatione.
2335 908 2401 945 Hic

1376 974 1503 1018 potest
1533 971 1681 1017 notari,
1713 971 1825 1019 quod
1849 971 2039 1017 contingit
2061 970 2260 1018 tripliciter
2277 970 2402 1006 tribu-

1374 1033 1448 1070 lari
1472 1044 1481 1068 :
1506 1033 1650 1070 scilicet
1667 1032 1952 1080 temporaliter,
1974 1031 2242 1079 corporaliter,
2262 1033 2300 1068 et
2317 1041 2401 1068 mo—

1374 1094 1528 1137 raliter;
1567 1095 1758 1141 quantum
1789 1093 1841 1130 ad
1878 1093 1986 1130 bona
2013 1093 2200 1138 fortunae,
2237 1094 2400 1138 naturae,

1375 1156 1517 1201 gratiae.
1540 1157 1591 1191 De
1609 1155 1738 1202 primo
1767 1154 1947 1191 scribitur
1974 1164 1998 1190 a
2027 1153 2335 1201 psalmographo
2352 1155 2365 1177 ⁸
2389 1166 2396 1190 :

1378 1230 1396 1251 «
1414 1217 1710 1253 Tribulaverunt
1730 1226 1797 1252 eos
1812 1216 1959 1252 inimici
1979 1226 2137 1260 eorum,
2154 1218 2190 1251 et
2207 1215 2399 1252 humiliati

1375 1280 1463 1314 sunt
1482 1278 1555 1313 sub
1576 1277 1759 1314 manibus
1778 1287 1917 1313 eorum
1938 1289 1946 1313 :
1967 1290 1985 1311 n
2007 1286 2094 1313 ecce
2114 1276 2314 1314 tribulatio
2327 1277 2401 1314 hu-

1374 1338 1620 1384 miliationis,
1642 1338 1722 1374 sive
1747 1338 2012 1384 subjectionis,
2030 1337 2228 1385 pertinens
2251 1338 2302 1374 ad
2319 1337 2400 1374 for-

1374 1403 1524 1436 tunam.
1546 1401 1596 1435 De
1616 1398 1790 1436 secundo
1811 1399 1824 1420 ⁶
1846 1410 1855 1435 :
1881 1411 1899 1432 «
1916 1398 2128 1435 Tribulabo
2153 1397 2348 1443 homines,
2364 1401 2401 1435 et

1374 1461 1636 1498 ambulabunt
1672 1462 1715 1496 ut
1746 1460 1857 1505 caeci,
1889 1460 1981 1507 quia
2013 1459 2177 1496 Domino
2214 1469 2400 1506 peccave-

1374 1525 1487 1567 runt3
1510 1525 1547 1559 et
1576 1521 1798 1558 effundetur
1829 1520 1987 1567 sanguis
2019 1530 2176 1566 eorum,
2205 1520 2303 1557 sicut
2331 1520 2401 1557 hu-

1374 1594 1483 1628 muS,
1506 1586 1542 1619 et
1561 1593 1728 1630 corpora
1756 1592 1911 1624 eorum,
1933 1581 2030 1619 sicut
2049 1584 2219 1618 stercora
2239 1593 2249 1617 ε
2270 1594 2289 1618 >³
2311 1591 2400 1619 ecce

1374 1644 1573 1681 tribulatio
1592 1644 1741 1688 mortis,
1763 1643 1931 1679 atrinens
1949 1642 2001 1679 ad
2017 1645 2212 1679 naturam.
2228 1644 2279 1679 De
2289 1643 2400 1680 tertio

1374 1716 1508 1742 rursus
1525 1706 1538 1728 ⁷
1556 1717 1564 1741 :
1590 1718 1608 1739 «
1623 1704 1764 1740 Perdes
1778 1714 1929 1748 omneS,
1944 1703 2013 1750 qui
2026 1703 2212 1740 tribulant
2225 1703 2400 1741 animam

1374 1777 1504 1803 meam
1527 1779 1535 1802 :
1564 1780 1582 1800 n
1605 1776 1692 1802 ecce
1722 1764 1922 1802 tribulatio
1953 1765 2111 1810 mortis,
2143 1767 2322 1812 spectans
2348 1765 2401 1802 ad

1374 1828 1552 1874 gratiam.

1707 1876 1895 1910 Articulus
1922 1876 2063 1910 tertius.

1421 1949 1589 1985 Tertium
1618 1948 1848 1994 assignavit,
1874 1958 1964 1983 cum
1989 1946 2167 1983 addidit:
2189 1948 2224 1983 A
2247 1949 2403 1984 testimo-

1375 2012 1448 2046 niis
1466 2013 1549 2046 tuis.
1580 2011 1666 2046 Haec
1696 2011 1784 2045 sunt
1811 2008 2032 2045 testimonia
2049 2008 2230 2045 vindictae
2251 2008 2402 2046 dissua—

1375 2072 1492 2116 soria,
1511 2071 1609 2107 sicut
1627 2070 1729 2107 illud
1746 2068 1760 2089 ⁸
1779 2083 1790 2105 :
1817 2082 1835 2104 «
1852 2070 1924 2114 Qui
1942 2070 2136 2107 vindicari
2154 2069 2252 2114 vult,
2283 2080 2308 2107 a
2330 2072 2403 2107 Do-

1374 2133 1482 2169 mino
1502 2132 1672 2168 inveniet
1682 2131 1908 2168 vindictam.
1925 2133 1967 2167 Et
1984 2131 2085 2168 illud
2101 2132 2115 2154 ⁹
2136 2142 2145 2167 :
2174 2130 2298 2169 «Mihi
2316 2131 2402 2168 vin-

1376 2194 1534 2238 dictam,
1545 2196 1583 2230 et
1591 2203 1665 2239 ego
1684 2193 1911 2238 retribuam,
1927 2192 2020 2229 dicit
2039 2192 2239 2230 Dominus.
2259 2205 2278 2229 »
2296 2192 2404 2230 Talia

1374 2255 1594 2292 testimonia
1629 2254 1748 2290 debet
1789 2254 1954 2290 retinere
1980 2254 2186 2291 memoria.
2222 2255 2266 2290 Et
2294 2256 2403 2300 nota,

1376 2316 1487 2363 quod
1506 2316 1557 2352 ad
1575 2326 1685 2352 sacra
1704 2315 1925 2352 testimonia
1943 2315 2148 2352 retinenda
2168 2325 2242 2351 nos
2255 2315 2402 2352 debent

1375 2387 1536 2413 movere
1556 2377 1628 2412 tria
1641 2404 1653 2421 ‚
1681 2375 1825 2412 scilicet
1849 2379 2008 2422 natura,
2029 2376 2233 2424 scriptura,
2253 2386 2402 2413 memo-

1375 2439 1442 2475 riae
1467 2438 1636 2484 ligatura
1666 2449 1674 2473 z
1710 2438 1804 2484 quia
1846 2439 1985 2473 natura
2021 2438 2088 2474 dat
2123 2437 2400 2485 aptitudinem,-

1376 2501 1566 2547 scriptura
1597 2499 1894 2543 certitudinem,
1922 2501 1960 2535 et
1985 2499 2152 2545 ligatura
2170 2499 2404 2548 promptitu-

1377 2562 1522 2597 dinem.
1555 2563 1607 2596 De
1634 2561 1761 2607 primo
1783 2560 1810 2582 ¹⁰
1833 2572 1841 2596 :
1869 2563 1981 2606 «Ego
2010 2561 2050 2596 in
2069 2560 2144 2597 hoc
2164 2563 2277 2597 natus
2300 2571 2401 2607 sum,

1377 2625 1414 2658 et
1441 2622 1492 2658 ad
1521 2622 1597 2658 hoc
1627 2621 1718 2657 veni
1755 2621 1795 2656 iu
1827 2622 2042 2667 mundum,
2072 2624 2115 2657 ut
2138 2621 2403 2658 testimonium

1375 2683 1607 2730 perhibeam
1631 2682 1844 2719 veritatin)
1874 2692 1961 2718 ecce
1995 2684 2125 2719 motus
2149 2682 2202 2719 ad
2235 2683 2404 2719 testimo-

1376 2745 1442 2780 nia
1463 2755 1534 2791 per
1563 2746 1757 2780 naturam.
1784 2746 1832 2780 De
1859 2742 2032 2780 secundo
2055 2742 2108 2779 ¹¹:
2134 2757 2151 2776 «
2171 2744 2402 2780 Scrutamini

1376 2806 1608 2852 Scripturas3
1630 2818 1647 2838 a
1665 2804 1814 2840 etinfra
1827 2817 1844 2838 »
1869 2816 1913 2840 z«
1924 2804 2002 2841 111ae
2015 2807 2116 2847 sunt,
2128 2814 2216 2851 quae
2230 2805 2402 2841 testimo-

1376 2867 1487 2902 nium
1515 2865 1724 2912 perhibent
1742 2865 1792 2901 de
1810 2875 1897 2909 me‚·
1917 2877 1934 2899 n
1958 2875 2046 2901 ecce
2071 2867 2201 2901 motus
2228 2865 2279 2901 ad
2297 2865 2402 2902 testi-

1377 2919 1510 2963 monia
1528 2936 1598 2974 per
1617 2926 1859 2972 scripturam.
1881 2927 1932 2961 De
1950 2925 2060 2961 tertio
2076 2926 2103 2946 ²²
2122 2936 2167 2961 z«
2179 2925 2273 2972 Liga
2300 2926 2402 2962 testi-

1376 2989 1578 3033 monium,
1610 2987 1721 3033 signa
1749 2986 1878 3032 legem
1910 2985 1950 3021 in
1987 2985 2189 3033 discipulis
2218 2985 2317 3023 meis
2345 2999 2354 3023 :
2380 2999 2398 3021 n

1377 3059 1466 3085 ecce
1497 3052 1627 3085 motus
1653 3047 1705 3084 ad
1731 3046 1951 3084 testimonia
1975 3056 2046 3093 per
2076 3046 2276 3084 memoriae
2303 3046 2402 3093 liga-

1378 3115 1518 3148 turam.

1701 3158 1887 3193 Articulus
1912 3158 2075 3202 quartus.

1424 3236 1612 3278 Quartum
1631 3231 1864 3278 designavit,
1880 3242 1970 3267 cum
1983 3230 2099 3267 dixit:
2113 3230 2194 3268 Non
2204 3230 2394 3266 declinavi.

1375 3296 1459 3339 Quo
1479 3294 1625 3330 modo?
1636 3303 1717 3329 non
1732 3293 1777 3339 (a)
1797 3291 2002 3328 reddendo
2022 3290 2172 3327 malum
2188 3300 2261 3337 pro
2274 3288 2395 3334 malo,

1376 3390 1444 3421 xu,
1466 3384 1516 3413 19.
1538 3397 1578 3405 —-
1604 3381 1631 3403 ¹0
1647 3381 1755 3420 Jonn„
1779 3387 1881 3419 xvm,
1911 3380 1964 3410 37.
1986 3395 2027 3403 -
2051 3378 2074 3399 ¹¹
2094 3378 2201 3414 Joan„
2227 3383 2259 3415 v,
2286 3377 2337 3408 36.
2356 3393 2394 3401 --

1376 3445 1414 3451 —
1434 3429 1458 3449 ¹²
1479 3429 1555 3464 Isa.‚
1580 3435 1652 3466 vill,
1674 3429 1721 3458 16.

1419 3485 1464 3524 (a)
1487 3484 1566 3515 Coec.
1589 3483 1669 3514 edit.
1693 3483 1780 3512 deest
1803 3489 1883 3512 non.

2451 422 2560 457 Εκπ-

2461 464 2518 489 tus.

2455 504 2558 537 Syrus.

2450 974 2559 1003 Tribu-

2421 1017 2489 1043 latio
2508 1015 2560 1043 tri-

2421 1058 2498 1092 plex-
