2633 3878
239 266 316 305 682

238 353 379 402 dixit,
405 353 603 404 inquam:
633 349 810 391 Vanitas
834 348 1090 390 vanitatum.
1113 346 1264 388 Sermo

239 426 314 466 iste
335 421 605 464 materialiter
625 423 805 470 tenetur,
827 422 869 460 et
889 419 1044 459 mansit
1063 421 1179 459 actus
1199 418 1262 458 di-

239 495 357 536 cendi
379 505 505 546 super
523 493 678 545 ipsum,
702 494 749 532 ut
769 491 820 531 sit
840 502 988 531 sensus
1011 504 1019 529 :
1046 489 1266 530 Ecclesias-

238 570 299 606 tes
328 565 432 605 dixit
452 564 566 604 hunc
586 573 824 603 sermonem
855 577 863 602 ;
890 561 1070 603 Vanitas
1096 560 1265 602 vanita-

240 640 343 678 tum.
366 635 416 675 Et
435 634 480 674 in
499 634 579 674 hoc
599 644 807 680 sermone,
831 631 1046 683 genitivus
1067 630 1135 671 ille
1156 630 1263 670 desi-

239 709 342 759 gnat
359 706 584 757 originem,
606 707 655 744 ut
674 704 725 743 sit
745 714 917 743 sensus:
939 702 1118 743 Vanitas
1147 705 1267 744 varti-

239 783 389 826 tatum,
411 776 452 817 id
471 779 548 826 est,
578 787 603 814 a
627 773 886 814 vanitatibus
914 771 1053 812 oritur
1084 772 1264 813 vanitas.

238 850 367 891 Dixit
398 847 524 888 etiam
557 845 829 886 Ecclesiastes
848 856 861 884 .·
892 843 1043 885 Omnia
1079 844 1264 892 vanitas,

239 923 279 960 et
297 917 550 969 intelligitur
567 915 748 956 verbum
769 915 1084 955 substantivum
1113 926 1166 954 ex
1185 926 1268 954 usu

237 988 438 1042 loquendi
461 1001 470 1028 :
496 986 646 1028 Omnia
675 989 778 1028 sant
796 985 981 1027 vanitas.
1004 984 1067 1025 Ex
1086 984 1166 1024 hoc
1190 983 1267 1024 du-

238 1060 335 1114 plici
355 1059 464 1100 dicto
483 1057 647 1099 elicitur
675 1056 768 1096 talis
788 1056 896 1096 ratio
920 1069 929 1095 ε
952 1054 995 1095 Si
1015 1067 1040 1094 a
1060 1054 1266 1095 vanitati-

238 1133 318 1172 bus
338 1129 476 1171 oritur
505 1128 684 1177 vanitas,
709 1129 750 1167 et
780 1126 923 1166 omnia
955 1124 1135 1175 vanitaS,
1157 1137 1265 1177 ergo

239 1201 384 1243 omnia
421 1201 558 1239 creata
599 1196 843 1238 dilectorem
875 1196 1048 1236 beatum
1090 1207 1176 1236 non
1205 1196 1265 1236 fa-

239 1273 369 1321 ciunt,
393 1270 465 1310 sed
486 1280 664 1318 vanum,
688 1266 923 1308 secundum
942 1266 1046 1307 illud
1062 1271 1072 1292 ¹
1091 1280 1099 1306 z
1122 1281 1141 1304 α
1158 1267 1266 1307 Α111-

238 1343 493 1384 bulaverunt
540 1341 634 1392 post
667 1337 924 1388 vanitatem,
959 1339 1001 1378 et
1037 1337 1136 1378 vani
1169 1337 1267 1378 facti

238 1416 351 1453 sunt.
373 1427 392 1450 n
418 1411 461 1452 Si
492 1422 598 1462 ergo
616 1421 763 1450 omnes
784 1408 938 1449 debent
955 1411 1153 1461 appetere
1173 1408 1267 1448 bea-

237 1483 461 1524 titudinem
495 1485 534 1522 et
551 1482 747 1533 refugere
766 1480 1016 1530 vanitatem,
1042 1491 1143 1531 ergo
1180 1490 1268 1520 om-

236 1566 312 1595 nes
349 1553 502 1594 debent
526 1555 693 1593 terrena
730 1550 943 1603 despicere
974 1564 982 1589 :
1017 1552 1058 1590 et
1076 1550 1170 1590 haec
1205 1552 1267 1590 est

238 1624 449 1667 conclusio
471 1624 602 1677 hujus
619 1622 732 1663 libri.

288 1699 327 1736 9.
344 1695 525 1748 Cumque
535 1705 620 1737 esse
633 1693 994 1746 sapientissimus,
1005 1693 1084 1732 etc.
1100 1691 1266 1732 Dictum

237 1771 299 1809 est
326 1779 475 1820 supra,
509 1765 622 1819 quod
641 1765 748 1805 liber
768 1765 847 1804 iste
874 1763 1000 1803 habet
1023 1765 1107 1802 tres
1126 1765 1266 1814 partes

237 1837 508 1892 principales,
533 1837 687 1877 scilicet
718 1834 976 1885 Prologum,
1006 1832 1263 1882 Tractatum,

237 1913 277 1950 et
297 1909 542 1961 Epilogum.
560 1907 733 1947 Duabus
750 1905 899 1958 primis
918 1904 1109 1957 partibus
1125 1902 1267 1943 termi-

236 1979 360 2029 natis,
391 1978 459 2018 hic
481 1977 626 2030 incipit
655 1976 779 2017 tertia
806 1987 916 2028 pars.
941 1974 988 2014 In
1013 1975 1095 2015 hoc
1122 1976 1266 2014 autem

236 2049 427 2103 Epilogo,
449 2048 529 2089 hoc
547 2048 693 2089 ordine
706 2046 918 2100 procedit:
940 2046 1075 2099 primo
1094 2049 1267 2087 notatur

235 2120 453 2162 scribentis
467 2119 727 2170 studiositas3
742 2118 940 2167 secundo,
951 2118 1159 2158 sermonis
1173 2119 1208 2170 ej
1216 2129 1266 2158 us

235 2191 486 2240 auctoritas;
509 2190 653 2241 tertio,
676 2190 921 2243 reprimitur
941 2189 1162 2230 curiositas
1185 2202 1268 2230 au·

235 2264 439 2312 ditorum;
456 2265 622 2315 quarto,
639 2262 829 2314 aperitur
847 2273 1021 2302 summa
1035 2261 1264 2303 dictorum.

235 2334 479 2375 Insinuatur
507 2344 612 2384 ergo
646 2332 783 2384 primo
815 2332 1032 2372 scribentis
1064 2332 1264 2373 studiosi-

235 2407 317 2445 tas:
335 2404 435 2456 quia
448 2416 546 2444 cum
561 2406 668 2444 esset
681 2403 864 2455 sapienS,
875 2402 1127 2455 sapientiam
1143 2415 1266 2444 suam

235 2489 322 2518 non
337 2476 566 2526 abscondit,
586 2476 657 2516 sed
672 2475 763 2516 aliis
778 2475 1012 2516 enarravit:
1030 2475 1123 2516 ideo
1142 2475 1260 2517 dicit:

239 2549 422 2601 Cumque
465 2551 571 2590 esset
602 2548 946 2599 sapientissimus
977 2546 1264 2589 Ecclesiastes,

234 2619 283 2656 ²«
308 2617 576 2658 Praecedebat
607 2618 812 2670 sapientia
846 2616 1085 2657 Salomonis
1105 2618 1267 2671 sapien-

235 2688 338 2728 tiam
354 2688 546 2728 omnium
565 2688 856 2738 Orientalium,
875 2690 916 2728 et
929 2690 1018 2728 erat
1037 2689 1266 2740 sapientior

236 2759 397 2799 cunctis
414 2758 674 2800 hominibus
697 2773 715 2796 1)
742 2758 847 2799 Cum
870 2759 928 2798 ita
955 2761 1064 2799 esset
1082 2759 1263 2811 sapiens,

235 2841 320 2869 non
339 2830 417 2870 fuit
436 2830 678 2882 negligens,
701 2830 773 2871 sed
794 2830 999 2882 diligens:
1021 2830 1134 2871 unde
1152 2845 1161 2872 ε
1185 2832 1266 2874 Do-

237 2901 325 2942 cuit
341 2903 544 2953 populum
565 2905 578 2926 ³
597 2915 609 2940 :
645 2917 665 2939 «
691 2901 843 2943 Adhuc
868 2902 1123 2953 doctrinam,
1146 2903 1266 2956 quasi

237 2972 518 3025 prophetiam,
538 2973 776 3023 effundam,
810 2977 850 3015 et
879 2974 1119 3027 relinquam
1148 2974 1266 3014 illam

239 3044 526 3095 quaerentibus
552 3043 814 3096 sapientiam.
836 3058 855 3081 n
881 3044 929 3084 Et
950 3047 1043 3096 post
1061 3045 1202 3085 subdit
1220 3046 1233 3066 ¹·
1253 3059 1261 3085 :

240 3127 260 3151 a
284 3112 501 3166 Respicite,
525 3113 626 3167 quia
646 3126 732 3154 non
750 3113 855 3154 mihi
873 3114 949 3154 soli
966 3114 1172 3166 laboravi,
1194 3116 1266 3156 sed

240 3183 437 3224 omnibus
456 3184 745 3236 quaerentibus
773 3184 1011 3226 veritatem.
1036 3200 1055 3223 ›>
1078 3187 1266 3239 Explicat

238 3253 520 3305 diligentiam,
541 3254 694 3295 scilicet
712 3267 787 3308 per
805 3255 1122 3297 multitudinem
1140 3257 1266 3309 scrip-

237 3325 381 3364 torum
401 3325 777 3378 documentorum;
798 3329 840 3368 et
858 3329 1099 3380 tanguntur
1116 3328 1161 3370 hi
1181 3330 1266 3369 tres

237 3393 347 3445 libri,
364 3407 471 3448 quos
484 3398 720 3450 composuit
731 3396 1013 3450 Ecclesiastes,
1029 3411 1127 3440 cum
1141 3399 1261 3441 dicit:

238 3526 243 3528 .
285 3499 296 3521 ¹
313 3500 451 3542 let-em„
473 3509 519 3543 11,
543 3504 575 3534 5.
601 3520 643 3526 -
668 3504 682 3525 ²
706 3503 749 3535 ΙΙΙ
777 3505 868 3546 Req„
897 3512 943 3546 ιν,
969 3506 1019 3538 30.
1045 3522 1086 3528 -
1111 3505 1124 3527 ³
1143 3506 1266 3546 Eccli„

241 3554 338 3589 XXIV,
357 3549 410 3581 46.
427 3565 469 3573 -
486 3549 497 3570 ⁴
518 3549 616 3592 ibid„
636 3552 686 3585 47.
700 3568 742 3576 —
759 3552 774 3576 ⁶
794 3552 905 3593 Prov.‚
924 3560 948 3593 1,
971 3555 1002 3593 1,
1022 3554 1054 3587 2.
1068 3570 1105 3579 —
1127 3554 1139 3574 θ
1153 3554 1267 3593 Prov.,

903 257 1175 300 EXPOSITIO
1206 256 1257 299 IN
1288 255 1690 299 ECCLESIASTEN.

1341 345 1396 387 Et
1423 346 1643 388 enarravit
1667 356 1760 399 quoe
1790 346 1941 398 fecerat
1969 356 1983 386 .·
2013 346 2054 386 01
2083 344 2165 387 1100
2192 345 2239 386 111
2265 344 2372 388 libro

1338 416 1615 460 *Ecclesiastoe
1635 419 1704 468 (a).
1732 416 1869 470 Supra
1895 417 2009 457 enim
2035 416 2224 457 narravit
2247 428 2375 470 opera

1342 487 1580 539 spiritualia
1616 490 1657 527 et
1694 487 1876 528 carnalia
1892 519 1904 538 ,
1940 493 1988 527 ut
2025 487 2069 526 in
2100 486 2224 526 malis
2257 487 2375 528 daret

1343 558 1589 611 exemplum
1618 558 1874 608 detestandi,
1908 558 1952 597 in
1982 557 2105 598 bonis
2130 558 2375 611 exemplum

1342 628 1550 669 imitandi.
1574 628 1768 669 Secundo
1789 628 1984 680 tangitur
2005 628 2111 668 liber
2131 629 2376 671 Proverbio-

1343 710 1460 749 rum,
1488 711 1587 740 cum
1607 699 1730 740 dicit:
1763 701 1823 741 Et
1852 699 2118 751 investigans
2141 700 2377 752 composuit

1339 769 1580 823 parabolas,
1597 781 1690 822 quoe
1703 775 1805 812 sant
1820 771 1944 812 verba
1957 770 2105 822 Μαῖα,-
2115 770 2226 811 1111ᾶο
2241 770 2378 823 inquit

1342 841 1401 881 ibi
1415 845 1427 865 ⁵
1446 855 1454 881 :
1473 855 1492 878 α
1513 839 1771 893 Principium
1796 841 2138 889 Proverbiorum,
2160 840 2377 882 Parabolae

1343 910 1596 961 Salomonis,
1617 911 1694 950 filii
1714 910 1861 960 David,
1884 910 1997 962 regis
2015 910 2156 962 Israel,
2174 911 2227 951 ad
2247 911 2378 952 scien-

1342 982 1441 1022 dam
1469 981 1741 1034 sapientiam,
1772 984 1814 1021 et
1843 981 2130 1033 disciplinam,
2160 985 2200 1022 et
2219 982 2378 1023 intelli-

1345 1053 1486 1105 genda
1505 1052 1637 1094 verba
1656 1051 1909 1104 prudentiae.
1931 1051 2072 1092 Tertio
2095 1052 2286 1105 tangitur
2306 1052 2378 1094 hic

1342 1124 1449 1165 liber
1471 1124 1762 1173 Canticoram,
1779 1134 1876 1162 cum
1896 1122 2020 1163 dicit:
2046 1123 2099 1164 Et
2119 1124 2377 1176 conscripsit

1342 1205 1552 1238 sermones
1568 1194 1842 1244 rectissz‘mOS,
1859 1204 1906 1235 ac
1921 1194 2098 1236 veritate
2112 1193 2276 1246 plenos.
2290 1194 2378 1237 Hoc

1343 1266 1459 1316 dicit,
1482 1265 1583 1318 quia
1601 1265 1754 1314 verba,
1778 1276 1875 1316 quae
1896 1264 2094 1305 dicuntur
2115 1264 2161 1305 in
2180 1265 2372 1318 Cantieis,

1342 1337 1542 1379 videntur
1573 1336 1706 1378 verba
1737 1334 1925 1375 luxuriae
1959 1338 1999 1375 01
2039 1335 2251 1386 libidinis;
2282 1337 2376 1378 ideo

1343 1408 1463 1449 dicit:
1490 1407 1707 1450 Sermones
1730 1407 2006 1457 rectissimos,
2028 1406 2070 1447 id
2088 1410 2163 1458 est,
2179 1408 2318 1458 Justos
2337 1409 2378 1448 et

1342 1479 1475 1520 bonos
1495 1480 1533 1519 ⁶:
1561 1493 1580 1517 (‹
1600 1478 1709 1520 Justi
1729 1480 1829 1519 sunt
1858 1488 2006 1518 omnes
2033 1488 2250 1517 sermones
2269 1477 2374 1529 mei,

1342 1562 1430 1591 non
1450 1552 1512 1590 est
1530 1550 1575 1589 in
1596 1550 1656 1590 eis
1687 1560 1870 1602 pravum
1895 1547 1998 1601 quid
2013 1579 2026 1598 ,
2045 1559 2185 1600 neque
2209 1559 2377 1600 perver-

1343 1633 1455 1662 sum.
1488 1636 1508 1659 »
1544 1620 1751 1662 Videntur
1784 1619 1911 1659 etiam
1943 1619 2074 1660 verba
2106 1618 2377 1661 nauticorum

1342 1705 1434 1734 esse
1453 1692 1557 1733 falsa
1576 1694 1616 1732 et
1631 1692 1791 1743 j0cosa,
1810 1703 1908 1731 cum
1924 1689 2023 1730 dicit
2036 1689 2070 1729 ⁷:
2092 1703 2111 1727 ε(
2127 1688 2263 1730 Nasus
2276 1692 2377 1730 tuus

1342 1764 1452 1804 sicut
1471 1763 1621 1812 turris;
1644 1762 1764 1803 »ideo
1785 1761 1910 1802 dicit:
1933 1763 1991 1802 Ao
2011 1762 2190 1803 veritate
2206 1761 2377 1813 plenos:

1341 1835 1518 1888 plenum
1546 1834 1661 1874 enim
1690 1836 1753 1874 est
1773 1833 1900 1878 illud,
1924 1832 2038 1884 quod
2057 1831 2168 1871 intra
2190 1831 2376 1872 continet

1342 1905 1516 1959 aliquid,
1532 1908 1572 1946 et
1588 1904 1717 1957 capit:
1740 1906 1781 1944 et
1799 1903 1858 1943 sic
1878 1903 2008 1944 verba
2030 1902 2299 1944 canticorum
2315 1901 2377 1942 in-

1340 1980 1411 2017 tus
1431 1976 1566 2017 celant
1594 1978 1636 2016 et
1665 1975 1844 2016 audiunt
1863 1974 2108 2015 veritatem:
2141 1975 2182 2013 et
2206 1973 2287 2013 hoc
2306 1985 2376 2014 ne-

1342 2047 1570 2088 cessarium
1594 2046 1639 2086 in
1657 2045 1774 2087 omni
1795 2045 1984 2085 doctrina
1997 2046 2010 2067 ⁸
2032 2059 2041 2085 z
2064 2059 2083 2083 c<
2103 2044 2212 2085 Ante
2233 2044 2377 2086 omnia

1342 2130 1470 2171 opera
1489 2117 1673 2159 verbum
1692 2128 1824 2157 verax
1844 2115 2053 2169 praecedat
2072 2117 2128 2156 te.
2149 2129 2168 2153 »

1396 2193 1461 2230 11.
1479 2189 1607 2232 Verba
1620 2189 1898 2242 sapientiam,
1916 2190 1994 2229 etc.
2011 2186 2086 2228 Hic
2099 2187 2284 2229 secundo
2298 2199 2375 2229 no-

1341 2264 1455 2302 tatur
1485 2273 1747 2311 sermonum,
1777 2260 1867 2300 sive
1898 2259 2251 2300 documentorum
2283 2261 2378 2313 eJus

1341 2333 1590 2374 auctoritas:
1605 2331 1706 2384 quia
1716 2342 1804 2371 non
1819 2332 1917 2370 sunt
1929 2329 2080 2371 leviter
2095 2329 2274 2382 prolata,
2289 2330 2377 2370 imo

1341 2415 1440 2444 cum
1461 2402 1634 2444 consilio
1657 2401 1842 2454 prolata,
1876 2402 1917 2440 et
1936 2411 1961 2439 a
1981 2399 2065 2440 Deo
2085 2399 2314 2453 inspirata;
2336 2402 2378 2442 et

1340 2476 1434 2517 ideo
1466 2476 1565 2515 sunt
1591 2474 1741 2522 firma,
1771 2473 1812 2511 et
1851 2470 2040 2521 stabilia3
2082 2472 2122 2511 01
2155 2473 2378 2523 propterea

1341 2547 1467 2587 dicIt:
1504 2545 1639 2587 Verba
1660 2543 1923 2595 sapientium
1946 2542 2073 2593 quasi
2102 2541 2291 2590 stimuli,
2324 2542 2378 2583 ad

1339 2617 1540 2658 interiora
1565 2614 1720 2655 scilicet
1743 2613 2030 2666 penetrantes;
2060 2614 2098 2653 et
2115 2612 2243 2664 quasi
2265 2612 2378 2654 elavi

1340 2692 1389 2733 in
1408 2690 1542 2732 altam
1569 2686 1734 2737 delixi,
1764 2685 1808 2724 id
1834 2686 1896 2724 est
1924 2684 1967 2723 in
1988 2683 2275 2736 profundum,
2302 2683 2377 2737 qui

1340 2763 1438 2802 sunt
1461 2757 1728 2807 immobiles,
1749 2757 1790 2795 et
1811 2754 1905 2795 ideo
1926 2765 2015 2794 11011
2033 2754 2085 2794 de
2107 2754 2217 2794 facili
2238 2754 2374 2808 repel-

1339 2833 1487 2873 luntur
1505 2842 1530 2870 a
1549 2828 1692 2877 corde;
1721 2825 1793 2866 sed
1824 2827 2018 2875 manent,
2065 2827 2106 2865 et
2133 2824 2186 2864 ad
2212 2825 2375 2867 bonum

1339 2903 1560 2944 reducunt.
1584 2898 1703 2940 Unde
1731 2896 1914 2937 verbum
1934 2894 2009 2934 Dei
2035 2894 2180 2945 gladio
2201 2907 2372 2949 compa-

1340 2976 1472 3024 ratur,
1501 2972 1627 3024 juxta
1656 2967 1761 3008 illud
1780 2970 1820 3006 ⁹:
1851 2980 1870 3004 ε(
1889 2964 1940 3005 Ε1
1960 2964 2152 3017 gladium
2174 2966 2370 3020 spiritus,

1340 3044 1454 3098 quod
1485 3045 1546 3083 est
1577 3040 1757 3082 verbum
1792 3037 1878 3079 Dei.
1910 3051 1930 3074 »
1967 3035 2064 3077 Ideo
2094 3038 2252 3089 pungit
2279 3050 2369 3091 cor,

1335 3118 1462 3169 Juxta
1477 3113 1583 3154 illud
1597 3111 1652 3152 ¹⁰:
1681 3109 1788 3150 «His
1809 3107 1979 3158 auditis,
2007 3108 2248 3160 compuncti
2273 3111 2372 3151 sunt

1341 3185 1478 3226 corde.
1500 3199 1519 3222 »
1546 3182 1654 3224 Sunt
1673 3191 1778 3233 ergo
1805 3178 1937 3220 verba
1965 3177 2220 3231 sapientium
2238 3191 2368 3232 pene-

1340 3255 1517 3306 trantia,
1551 3253 1651 3307 quia
1680 3263 1766 3292 non
1797 3251 1896 3290 sunt
1920 3248 2069 3290 leviter
2101 3248 2242 3290 dicta:
2275 3249 2369 3292 ideo

1340 3327 1464 3369 dicit:
1498 3326 1596 3375 Qaoe
1618 3333 1696 3376 per
1722 3321 2023 3375 maqistrorum
2046 3320 2293 3372 consitium,
2324 3321 2367 3363 id

1341 3447 1426 3477 vm,
1447 3440 1477 3470 8.
1497 3454 1537 3460 —
1566 3436 1580 3458 ⁷
1606 3435 1717 3475 Cant„
1748 3439 1815 3474 vn,
1837 3434 1869 3464 4.
1887 3450 1928 3457 —
1945 3431 1959 3454 ⁸
1978 3432 2097 3472 Eccli„
2118 3440 2234 3473 xxvn,
2253 3433 2304 3467 20.
2328 3450 2367 3459 --

1340 3487 1351 3505 ⁹
1367 3486 1504 3527 Ephes„
1524 3491 1571 3525 vr,
1588 3483 1689 3515 17.-
1707 3482 1729 3500 ¹⁰
1746 3481 1835 3519 Act„
1856 3487 1895 3520 11,
1912 3480 1966 3513 37.

1380 3550 1427 3593 (α)
1444 3551 1526 3584 Caet.
1546 3547 1625 3582 edit.
1645 3545 1873 3581 Ecclesiastes,
