2633 3878
279 261 356 299 679.

279 365 302 394 a
329 352 430 401 Deo,
457 350 621 403 supple.
656 349 811 391 Imbres
839 354 1139 401 superterram
1168 348 1305 400 effun-

279 424 379 465 dent
399 433 413 461 .·
446 424 614 473 propter
650 420 831 460 imbrem
873 423 981 460 terra
1020 420 1302 460 fructificaw:

285 508 303 530 α
322 491 466 533 Veniet
492 491 612 543 quasi
644 491 778 530 imber
808 493 1103 543 tmnpormwus
1128 494 1166 529 et
1198 501 1304 529 sero-

280 562 392 602 tinus
417 565 556 602 terrae.
580 576 598 598 n
624 561 671 602 Et
692 561 742 601 ad
767 561 1103 601 fructificandum
1119 591 1129 608 ,
1161 559 1225 599 vel
1255 559 1308 599 ad

281 633 521 683 fruendum,
535 636 573 673 ct
588 633 640 673 ad
656 632 1022 685 multiplicandum
1039 632 1150 672 bona
1166 634 1305 682 terrae,

281 704 431 745 merito
447 703 726 756 elcemosynae
741 718 750 743 ε
768 703 1001 743 sicutenim
1015 702 1173 742 imbres
1186 701 1308 755 plene

281 774 490 815 inebriant
526 779 682 814 terrain
719 773 891 826 pluvia,
933 773 991 813 sic
1029 773 1307 825 eleemosynae

284 846 572 898 multiplicata·
623 845 831 885 inebriant
876 844 1061 884 animam
1095 844 1233 896 gratia
1260 843 1306 882 ²:

288 933 306 954 α
326 916 404 966 Qui
423 920 566 957 autem
592 916 855 956 administrat
893 928 1035 957 semen
1069 914 1306 964 seminanti,

282 991 322 1028 et
350 1001 501 1041 panem
532 988 583 1028 ad
619 987 961 1028 inatiducandum
995 987 1235 1039 praestabit,
1267 988 1309 1025 et

282 1058 576 1111 multiplicabit
595 1071 738 1099 semen
758 1062 963 1107 vestrum,
981 1061 1021 1097 et
1047 1056 1222 1108 augebit
1241 1056 1308 1096 in-

282 1133 496 1170 crementa
516 1131 690 1180 frugum
708 1129 883 1180 justitiae
903 1130 1071 1168 vestrae.
1096 1141 1114 1164 n
1137 1127 1311 1180 Propter

283 1201 547 1241 stabilitatem
577 1199 764 1252 praemii,
793 1199 906 1251 quod
939 1210 1025 1239 non
1055 1198 1209 1251 poterit
1233 1210 1308 1240 va-

283 1271 380 1312 riari
395 1303 404 1321 ,
428 1283 503 1311 nec
528 1270 663 1323 perdi;
687 1273 857 1322 propter
877 1269 991 1322 quod
1013 1269 1136 1309 dicit:
1174 1270 1230 1311 Si
1245 1279 1310 1310 ce-

283 1341 437 1384 ciderit
465 1342 625 1394 llyrium
651 1340 708 1382 act
744 1343 950 1381 austrum.
983 1339 1174 1391 Lignum
1201 1340 1313 1380 istud

284 1413 427 1464 homo,
450 1413 499 1454 de
519 1425 603 1466 quo
623 1411 641 1453 J
647 1412 699 1452 ob
718 1412 750 1452 ³:
781 1427 799 1450 α
817 1411 1003 1463 Lignum
1024 1411 1148 1452 babet
1168 1423 1309 1464 spem3

284 1485 319 1524 si
348 1484 571 1537 praecisum
604 1483 752 1533 suerit,
786 1494 959 1522 rursum
992 1482 1176 1523 virescit.
1207 1496 1226 1519 ›>
1263 1481 1313 1522 Et

285 1559 424 1596 auster
443 1555 514 1595 dat
540 1553 777 1605 intelligere
803 1553 984 1593 calorem
1010 1552 1250 1603 charitatis,
1274 1556 1315 1593 et

284 1629 439 1666 statum
458 1625 606 1677 gloriae
620 1625 656 1664 ⁶:
677 1640 696 1663 «
719 1624 875 1676 Surge,
896 1624 1059 1677 aquilo;
1082 1623 1195 1673 veni,
1219 1634 1312 1664 aus-

286 1700 370 1747 ter,
408 1700 449 1737 et
496 1696 627 1749 perfla
670 1696 843 1736 hortum
875 1707 1036 1736 meum.
1071 1708 1090 1731 n
1128 1693 1314 1746 Lignum

285 1767 416 1819 igitur
444 1767 589 1808 eadere
609 1767 661 1807 ad
688 1770 902 1817 austrum,
934 1768 996 1805 est
1023 1764 1241 1805 hominem
1270 1764 1315 1804 in

286 1842 421 1879 morte
440 1837 647 1879 introduci
674 1838 717 1877 in
738 1837 933 1889 gloriam.
956 1835 1021 1877 Ibi
1039 1836 1142 1885 erit,
1170 1834 1209 1875 id
1229 1838 1314 1883 est,

287 1921 505 1962 nunquam
537 1909 688 1961 poterit
711 1907 917 1948 demereri
938 1907 951 1928 ⁵
971 1919 981 1946 ε
1004 1921 1022 1944 «
1043 1905 1122 1954 Qui
1149 1905 1314 1954 vicerit,

287 1981 436 2020 faciam
456 1980 576 2020 illum
597 1979 841 2020 columnam
863 1978 907 2017 in
935 1977 1093 2030 templo
1114 1976 1185 2017 Dei
1208 1976 1315 2025 mei,

289 2055 329 2092 et
357 2052 467 2093 foras
495 2064 582 2092 non
611 2051 853 2103 egredietur
873 2049 1069 2102 amplius.
1104 2062 1123 2086 n
1152 2047 1198 2090 Si
1217 2049 1319 2089 ceci-

290 2122 405 2166 clerit
426 2122 485 2165 ad
513 2123 776 2175 aquilonem,
807 2121 870 2163 ibi
897 2122 997 2169 erit,
1026 2120 1067 2160 id
1093 2122 1175 2170 est,
1205 2118 1239 2158 si
1266 2118 1318 2158 ad

290 2206 459 2246 poenam
473 2194 739 2235 infernalem:
757 2192 797 2230 ⁸«
814 2192 878 2233 Ab
897 2190 1093 2243 aquilone
1111 2188 1319 2241 pandetur

289 2277 415 2305 omne
448 2264 628 2305 malum.
663 2279 682 2302 a)
705 2264 785 2313 Qui
804 2262 914 2303 cadit
938 2262 982 2301 in
1002 2261 1239 2309 infernum,
1262 2259 1319 2299 ibi

289 2335 381 2384 erit,
396 2335 496 2387 quia
507 2335 602 2375 inde
615 2346 838 2387 nunquam
849 2332 1110 2373 liberabitur.
1130 2333 1152 2371 J
1159 2332 1248 2370 uste
1266 2329 1316 2381 (a)

289 2405 405 2445 enim
434 2405 586 2446 dicitur
608 2405 621 2426 ⁷
645 2418 654 2445 :
682 2419 701 2442 c(
730 2404 847 2456 Ignis
875 2414 1025 2443 eorum
1063 2413 1149 2441 non
1181 2400 1317 2440 extin-

297 2480 469 2528 guetur,
487 2480 527 2517 ct
542 2476 698 2517 vermis
714 2487 861 2516 eorum
883 2486 969 2515 non
990 2473 1209 2514 morietur.
1229 2487 1248 2509 »
1268 2472 1322 2512 In

290 2558 545 2601 quocumque
564 2547 649 2590 loco
664 2546 878 2597 ceciderit,
899 2545 961 2587 ibi
976 2545 1071 2594 erit,
1088 2544 1177 2584 sive
1192 2543 1318 2593 bono,

289 2618 378 2659 sive
399 2618 510 2659 malo
529 2622 542 2644 ³
562 2631 571 2660 :
595 2634 613 2657 «
633 2619 736 2668 Quae
760 2616 1033 2658 seminaverit
1054 2615 1199 2665 homo,
1229 2614 1322 2654 haec

291 2693 332 2730 et
354 2692 493 2730 metet.
518 2705 536 2727 n

344 2763 384 2801 4.
408 2762 489 2810 Qui
509 2761 697 2803 observat
715 2763 902 2810 venium,
930 2761 1007 2799 etc.
1030 2757 1107 2799 Hic
1127 2757 1322 2797 hortatur

292 2831 344 2872 ad
358 2831 544 2872 dandum
566 2832 820 2872 incessanter
837 2845 845 2870 :
868 2832 909 2871 et
928 2829 1064 2882 primo
1082 2828 1200 2868 docet
1213 2829 1320 2867 tem-

296 2914 397 2956 pora
418 2914 505 2942 non
525 2914 613 2942 esse
632 2901 920 2951 observanda,
956 2899 1159 2949 secundo,
1195 2909 1323 2950 opera

295 2973 439 3015 divina
460 2985 547 3014 non
565 2984 654 3013 esse
675 2971 995 3025 perscrutanda,
1030 2969 1166 3019 tertio,
1195 2979 1323 3021 opera

296 3044 595 3086 misericordiae
613 3042 910 3084 continuanda.
927 3042 1140 3090 Quantum
1161 3038 1213 3079 ad
1233 3039 1321 3091 pri-

296 3129 430 3168 mum,
455 3117 584 3157 dicit:
606 3116 686 3162 Qui
716 3114 906 3157 observat
925 3115 1112 3162 remum,
1145 3120 1231 3152 non
1259 3120 1321 3152 se-

296 3189 447 3239 minat,
479 3188 582 3240 quia
605 3187 846 3239 frequenter
866 3183 981 3225 venit
1010 3184 1162 3223 ventus
1195 3193 1324 3233 quem

297 3271 383 3301 non
399 3258 507 3309 vult,
528 3262 568 3299 et
588 3258 826 3311 frequenter
844 3267 931 3296 non
948 3253 1065 3295 venit
1081 3254 1235 3293 ventus
1250 3251 1325 3303 qui

298 3330 470 3383 placeat.
493 3329 545 3371 Ei
569 3330 644 3382 qui
663 3326 902 3371 considerat
924 3325 1070 3375 nubes,
1100 3332 1324 3375 nunquam

343 3415 348 3431 ¹
367 3413 452 3450 Ose„
468 3419 515 3452 vr,
535 3413 617 3444 3.-
636 3412 649 3433 ²
670 3412 695 3442 Η
716 3410 806 3449 Cor„
827 3417 876 3449 1x‚
899 3410 947 3440 10.
962 3424 1002 3430 -
1021 3407 1034 3429 ³
1051 3406 1125 3445 doh,
1145 3413 1220 3446 xiv,
1240 3406 1326 3438 7.-

299 3460 313 3482 ¹·
332 3460 442 3501 Cant„
465 3467 511 3500 ιν,
534 3461 582 3491 16,
602 3476 642 3482 -
665 3460 676 3478 ⁵
698 3460 813 3499 Apum,
834 3464 884 3497 111,
907 3457 955 3488 12.
981 3472 1016 3478 -
1038 3456 1049 3473 ⁶
1067 3453 1205 3493 Jerem„
1226 3460 1250 3492 1,
1272 3453 1323 3483 14.

299 3525 340 3532 —·
359 3509 369 3527 ⁷
390 3508 467 3546 lsa„
486 3513 580 3548 var,
599 3507 704 3538 21-
725 3504 740 3527 8
759 3504 848 3545 Gal„
868 3511 917 3543 vr,
937 3504 968 3534 7.
989 3519 1028 3525 -
1046 3501 1060 3523 ⁹
1083 3499 1270 3540 Eccli.,1v,
1290 3499 1322 3531 3.

300 3572 341 3579 —
362 3555 506 3594 ''Pr-ov„
523 3561 580 3594 111,
598 3554 702 3585 28.—
719 3553 738 3571 ¹¹
756 3552 864 3590 loun„
886 3558 944 3590 111,
963 3550 995 3581 8.
1009 3565 1048 3572 -
1072 3547 1100 3568 ¹²
1114 3546 1186 3588 Job,
1202 3554 1252 3586 lx,
1270 3547 1321 3578 11.

951 253 1220 295 EXOPSITlo
1254 253 1301 293 ΙΝ
1338 254 1735 296 ECCLESIASTEN.

1380 348 1529 395 mewa
1564 347 1604 385 et
1642 344 1735 384 ideo
1769 344 1954 395 oportet,
1995 342 2108 395 quod
2144 344 2311 395 quando
2346 347 2408 386 est

1380 416 1548 467 tempus
1575 414 1771 464 metendi,
1796 416 1952 466 metat,·
1988 417 2027 453 et
2064 413 2253 464 serendi,
2276 417 2405 466 serat3

1383 497 1465 525 non
1484 487 1675 537 expectet
1699 499 1706 525 :
1730 484 1788 524 sic
1808 484 1849 524 in
1872 484 2099 536 proposito,
2121 484 2221 524 dum
2242 486 2410 536 tempus

1382 556 1540 596 bonum
1562 555 1683 595 saciat
1701 556 1713 576 ⁹
1736 567 1746 594 ε
1768 569 1786 593 c<
1811 555 1887 595 Cor
1907 554 2043 606 inopis
2060 566 2112 594 ne
2134 554 2348 605 afflixeris,
2370 556 2410 594 et

1381 639 1434 667 ne
1456 626 1673 678 pertrahas
1684 626 1828 666 datum
1841 624 2118 676 angustianti.
2133 639 2152 662 »
2173 624 2224 665 Et
2242 625 2294 665 ¹⁰:
2317 639 2336 663 (ι
2351 623 2411 666 Ne

1382 697 1494 737 dicas
1511 696 1646 736 amico
1668 698 1742 736 tuo
1763 710 1771 736 z
1793 695 1920 745 Vade,
1945 698 1985 735 et
2003 697 2238 746 revertere,
2260 697 2301 736 et
2319 707 2412 736 cras

1382 767 1489 807 dabo
1509 766 1607 816 tibi;
1628 779 1725 807 cum
1754 766 1896 806 statim
1919 765 2054 818 possis
2074 766 2198 806 dare:
2223 780 2242 804 ›)
2284 767 2326 806 et
2355 765 2413 806 ita

1383 849 1468 877 non
1490 836 1615 877 debes
1635 837 1816 877 tardare.

1437 911 1476 948 5.
1491 907 1698 954 Quomodo
1713 907 1900 959 ignoras,
1913 909 1990 947 etc.
2008 905 2145 958 Supra
2157 905 2414 947 dixitdivina

1385 990 1512 1030 opera
1539 990 1627 1018 non
1653 989 1743 1018 esse
1773 976 2089 1027 consideranda,
2119 975 2188 1017 vel
2217 987 2411 1028 perscru-

1383 1049 1525 1099 tanda,
1548 1049 1648 1101 quia
1667 1060 1749 1088 non
1778 1059 2004 1100 possumus
2027 1061 2036 1087 ι
2059 1046 2152 1087 ideo
2178 1046 2278 1087 dicit
2301 1060 2310 1087 :
2338 1047 2415 1089 Vz'a

1384 1120 1585 1172 spiritus,
1619 1119 1693 1172 qui
1725 1122 1788 1160 est
1813 1119 1936 1169 Deus,
1960 1118 2060 1171 quia
2083 1119 2334 1170 ignoramus
2351 1118 2376 1144 ¹¹
2397 1132 2407 1159 :

1394 1207 1412 1229 α
1431 1190 1612 1244 Spiritus
1631 1192 1702 1232 ubi
1724 1191 1815 1232 vult
1835 1191 1979 1243 spirat,
2008 1193 2049 1230 et
2067 1202 2216 1231 vocem
2235 1191 2328 1243 ejus
2344 1201 2416 1230 au-

1385 1263 1463 1312 dis,
1485 1266 1526 1303 et
1544 1263 1677 1304 nescis
1691 1275 1776 1315 quo
1797 1262 1936 1304 vadat.
1953 1277 1971 1300 »
1992 1261 2042 1302 Et
2057 1266 2086 1287 ¹2
2107 1273 2117 1302 :
2143 1275 2162 1300 «
2182 1260 2226 1302 Si
2248 1260 2413 1301 venerit

1386 1334 1438 1374 ad
1459 1347 1540 1384 me,
1562 1347 1646 1375 non
1667 1334 1819 1377 videbo
1839 1346 1957 1383 eum3
1989 1332 2023 1372 si
2043 1332 2208 1383 abierit,
2238 1343 2326 1372 non
2350 1331 2415 1371 in-

1386 1404 1592 1456 telligam.
1620 1420 1639 1442 »
1674 1403 1875 1457 Spiritus,
1911 1403 1984 1457 qui
2009 1406 2072 1445 est
2102 1403 2292 1453 animus,
2328 1401 2418 1442 sive

1387 1475 1616 1527 spiritualis
1651 1478 1865 1526 creatura,
1905 1477 2028 1527 quus
2058 1473 2248 1523 materia,
2282 1472 2325 1513 id
2355 1474 2418 1512 est

1387 1548 1521 1596 ortus,
1540 1546 1741 1596 nescitur,
1764 1558 1842 1586 nec
1863 1544 1991 1586 etiam
2012 1555 2185 1585 occasus
2205 1544 2235 1568 ¹³
2252 1553 2263 1582 :
2283 1557 2304 1582 a
2317 1541 2418 1592 Quis

1388 1617 1529 1667 novit,
1562 1617 1599 1656 si
1626 1617 1798 1669 spiritus
1834 1616 2021 1656 filiorum
2053 1615 2190 1656 Adam
2226 1613 2420 1654 ascendat

1389 1699 1558 1727 sursum
1572 1688 1591 1726 ⁴?
1611 1701 1630 1724 »
1651 1686 1844 1739 Spiritus,
1866 1686 1939 1739 qui
1951 1687 2013 1726 est
2026 1687 2193 1735 ventus,
2208 1685 2330 1736 quus
2349 1683 2420 1724 via

1389 1758 1596 1808 nescitur,
1620 1757 1661 1798 id
1694 1759 1771 1807 est,
1805 1757 1926 1808 origo
1941 1756 1969 1778 ¹¹·
1993 1770 2003 1797 ι
2037 1754 2154 1804 «Qui
2189 1754 2346 1807 profert
2368 1754 2417 1806 (b)

1389 1834 1537 1870 ventos
1573 1829 1624 1870 de
1658 1828 1867 1868 thesauris
1904 1827 2007 1867 suis.
2039 1841 2058 1864 ))
2089 1826 2140 1866 Et
2159 1825 2187 1850 ¹⁵
2211 1840 2219 1865 :
2247 1824 2422 1866 «Flavit

1390 1899 1561 1952 spiritus
1587 1901 1709 1949 tuus,
1741 1900 1781 1939 et
1810 1898 1977 1951 operuit
2006 1909 2078 1938 eos
2103 1908 2236 1937 mare.
2271 1909 2291 1934 ›>
2317 1894 2424 1936 Dicit

1390 1982 1524 2022 ergo:
1554 1968 1760 2017 Quomodo
1782 1969 1969 2022 ἱῃηοναε,
1988 1977 2081 2020 quoe
2108 1967 2166 2009 sit
2197 1967 2272 2009 viu
2287 1966 2421 2019 spiri-

1392 2045 1474 2092 tus,
1486 2044 1524 2083 et
1533 2051 1618 2093 qua
1632 2041 1799 2082 racione
1813 2040 2142 2092 compingantur
2155 2048 2251 2081 ossa
2262 2038 2312 2080 in
2323 2048 2424 2079 ven-

1392 2115 1452 2154 ire
1470 2112 1753 2164 proeqnuntis,
1784 2111 1827 2151 id
1857 2113 1942 2162 est,
1963 2109 2176 2163 quomodo
2209 2107 2424 2161 compagi-

1391 2185 1549 2223 nentur
1589 2186 1631 2223 et
1668 2183 2008 2234 distinguantur,
2043 2181 2146 2234 quia
2175 2180 2302 2221 etiam
2334 2180 2424 2233 ipse

1392 2253 1610 2293 Avicenna
1641 2253 1761 2303 dicit,
1798 2252 1912 2305 quod
1944 2252 2008 2293 vis
2035 2251 2262 2292 formative
2292 2261 2425 2290 mem-

1392 2323 1568 2364 brorum
1587 2326 1649 2364 cst
1674 2323 1739 2363 vis
1757 2323 1915 2364 divina.
1947 2322 1998 2364 Et
2028 2322 2070 2362 in
2100 2322 2218 2363 tibris
2246 2321 2423 2363 Macha-

1395 2393 1575 2435 boeorum
1596 2395 1622 2419 ¹⁶
1648 2408 1657 2434 :
1685 2408 1704 2432 (ι
1728 2393 1874 2434 Nescio
1903 2393 2082 2446 qualiter
2111 2392 2156 2433 in
2183 2394 2304 2433 utero
2330 2402 2425 2432 meo

1397 2464 1673 2517 apparuistis3
1690 2476 1829 2517 neque
1846 2464 1959 2505 enim
1974 2464 2169 2517 spirltum
2183 2464 2225 2504 et
2237 2462 2424 2503 animam

1398 2535 1553 2575 donavi
1591 2534 1730 2586 vobis,
1757 2537 1797 2575 et
1825 2534 2098 2586 singulorum
2128 2533 2322 2575 membra
2339 2544 2427 2574 non

1396 2617 1478 2658 ego
1495 2605 1707 2658 compegi.
1727 2620 1746 2644 »
1774 2605 1855 2647 Sed
1869 2605 1937 2647 ille
1957 2605 2183 2659 compegit,
2200 2605 2270 2646 cui
2288 2603 2427 2658 inquit

1395 2677 1471 2717 ι101)
1493 2677 1546 2718 ¹⁷:
1571 2693 1589 2716 ε(
1609 2677 1781 2719 Ossibus
1803 2680 1844 2718 et
1863 2677 2005 2719 nervis
2024 2676 2274 2728 compegisti
2296 2687 2381 2717 me.
2404 2689 2424 2712 »

1395 2748 1613 2798 Quomodo
1654 2750 1747 2790 haec
1767 2749 1966 2802 ignoras,
1989 2761 2086 2802 quae
2103 2750 2202 2789 sunt
2220 2747 2424 2798 carnalia3

1395 2821 1456 2862 sic
1482 2821 1656 2873 iqnoras
1679 2831 1806 2874 opera
1826 2821 2013 2871 Domini,
2027 2820 2102 2873 qui
2116 2818 2350 2871 fabricator
2368 2821 2429 2862 est

1397 2893 1586 2933 omnium
1606 2903 1788 2945 sepem,
1822 2891 1864 2932 id
1894 2893 1980 2942 est,
2005 2890 2169 2931 occulta
2181 2889 2356 2942 judicia,
2377 2888 2429 2930 de

1396 2962 1551 3014 quibus
1577 2962 1631 3004 ¹⁸:
1661 2961 1852 3014 «Magna
1869 2972 1996 3014 opera
2015 2960 2196 3011 Domini,
2219 2959 2431 3013 exquisita

1396 3033 1442 3073 in
1461 3045 1610 3074 omnes
1628 3032 1868 3075 voluntates
1887 3033 1922 3084 ej
1932 3043 1996 3072 us.
2022 3046 2042 3069 »
2068 3031 2137 3073 Sic
2155 3042 2284 3085 opera
2300 3031 2430 3082 igno-

1397 3116 1567 3145 ramus:
1594 3107 1622 3129 ¹⁹
1645 3119 1664 3142 «
1685 3103 1715 3145 O
1736 3102 1911 3143 altitudo
1939 3102 2183 3144 divitiarum
2215 3100 2430 3154 sapientiae

1398 3177 1439 3216 et
1467 3175 1650 3216 scientiae
1689 3174 1782 3215 Deit
1826 3186 1955 3227 quam
1987 3171 2430 3226 incomprehensibilia

1399 3248 1497 3287 sunt
1502 3245 1662 3298 ¹iudicia
1676 3246 1783 3298 ejus,
1797 3243 2166 3296 etinvestigabiles
2190 3243 2424 3295 viaeeJus1»
2447 3274 2450 3275 ⁷

1452 3319 1491 3357 6.
1513 3317 1639 3358 Mane
1653 3317 1830 3367 semina,
1845 3318 1922 3357 etc.
1940 3314 2016 3355 Hic
2033 3314 2156 3355 tertio
2174 3313 2368 3354 hortatur
2378 3310 2431 3352 ad

1399 3411 1438 3416 -
1459 3394 1483 3414 ¹²
1504 3396 1626 3435 Supra,
1644 3401 1696 3435 111,
1715 3395 1768 3426 21.
1785 3410 1824 3417 —
1845 3393 1872 3416 ¹⁸
1888 3391 1978 3424 Psal.
1998 3398 2139 3430 cxxxw,
2156 3391 2187 3422 7.
2204 3406 2245 3413 —
2263 3388 2289 3411 ¹⁵
2305 3386 2431 3428 Eoeod„

1396 3446 1459 3480 xv,
1481 3443 1530 3474 10.
1555 3458 1590 3463 -
1625 3441 1648 3460 ¹⁶
1673 3442 1701 3472 11
1728 3440 1852 3481 Much„
1878 3447 1948 3480 vn,
1967 3441 2019 3471 22.
2043 3456 2084 3462 —
2112 3438 2134 3457 ¹⁷
2157 3435 2228 3477 Job,
2249 3443 2294 3476 x,
2321 3437 2372 3468 11.
2391 3451 2432 3459 —

1400 3487 1427 3508 ¹⁶¹
1446 3488 1534 3520 Psal.
1556 3496 1614 3529 cx,
1629 3490 1661 3520 2.
1680 3505 1722 3511 —
1742 3488 1768 3510 ¹⁹
1787 3488 1891 3528 Rom„
1910 3494 1960 3528 xi,
1980 3487 2032 3519 33.

1444 3542 1484 3581 (a)
1505 3541 1598 3574 Edit.
1624 3541 1699 3576 Ven.
1719 3542 1828 3576 Justo.
1848 3558 1890 3566 —
1911 3539 1957 3581 (b)
1981 3538 2078 3580 Vulq.
2097 3535 2266 3579 producit.
