2633 3878
1229 131 1397 174 CAPUT
1427 133 1495 174 IX.

264 223 400 264 tutem
419 224 460 264 et
474 223 740 277 sapientiam.
760 237 780 262 ))
819 223 899 264 lste
919 226 983 263 est
1011 235 1037 263 a
1059 223 1290 276 quaerenti-

262 293 344 334 bus
362 294 562 336 inventus
580 295 592 317 1
616 309 624 335 ε
655 310 674 333 «
695 294 839 336 Omnis
859 295 974 335 enim
994 294 1068 347 qui
1087 294 1204 346 petit,
1230 305 1293 334 ac-

262 364 375 418 cipit,
397 368 437 406 et
456 366 529 418 qui
550 367 717 419 quaerit,
739 365 916 406 invenit.
942 380 961 402 »
987 365 1078 417 lpse
1097 364 1292 404 liberabit

259 436 465 488 populum
480 439 494 460 ¹
517 451 525 476 ε
557 451 576 475 «
596 436 844 477 Clamabunt
864 436 914 477 ad
938 435 1164 476 Dominum
1184 447 1209 474 a
1233 436 1291 475 fa-

259 505 321 547 cie
351 506 614 558 tribulantis,
645 510 686 548 et
717 508 854 548 mittet
885 507 943 547 eis
974 506 1227 547 salvatorem
1249 507 1290 545 et

257 580 633 629 propugnatorem,
649 579 724 631 qui
745 579 894 619 liberet
918 590 1002 618 eos.
1025 592 1044 615 ›)
1070 576 1289 619 Liberavit

255 659 331 699 per
349 660 472 688 suam
493 648 762 701 sapientiam,
782 661 880 689 cum
899 651 1039 702 posset
1061 660 1135 701 per
1165 660 1287 689 suam

254 719 487 770 potentiam
507 720 520 741 ³
542 733 550 759 :
579 735 599 757 «
619 719 850 760 Prudentia
870 720 963 772 ejus
984 721 1192 772 percussit
1211 732 1283 760 su-

252 789 448 840 perbum.
470 804 489 827 »
515 790 569 832 Ec
588 790 732 833 nullus
755 791 845 842 effus·
870 791 1066 843 deinceps
1084 790 1285 832 recorda-

253 863 324 901 tus
340 863 414 911 est,
438 862 540 914 quia
556 865 781 915 paupertas
795 863 1080 903 contemnitur
1092 862 1104 884 ἢ
1122 877 1130 903 :
1154 878 1171 899 «
1188 862 1285 903 Fra-

251 933 336 973 tres
354 934 542 974 hominis
569 935 767 987 pauperis
805 934 985 975 oderunt
1018 946 1139 984 eum3
1163 934 1283 974 insu—

250 1016 325 1056 per
352 1007 393 1045 et
428 1005 552 1045 amici
589 1006 736 1058 procul
772 1008 1039 1046 recesserunt
1077 1006 1129 1045 ab
1165 1017 1229 1045 eo.
1255 1018 1275 1042 >³

246 1075 396 1117 Nullus
414 1077 657 1117 reeordatus
690 1079 750 1118 est
785 1076 1094 1130 compatiendo,
1130 1088 1281 1117 secun-

246 1147 348 1188 dum
370 1149 483 1201 quod
502 1149 655 1190 dicitur
675 1153 688 1174 5
712 1164 720 1190 :
749 1149 1021 1190 «Recordare
1052 1151 1280 1201 pauperta-

245 1217 320 1267 tis,
359 1222 400 1259 et
442 1221 794 1272 transgressionis
834 1232 966 1270 meze,
1004 1219 1205 1260 absinthii
1239 1221 1280 1259 et

245 1288 367 1330 fellis.
390 1304 409 1327 »
438 1289 517 1331 Sed
541 1303 564 1332 e
595 1294 741 1332 contra
757 1296 770 1317 ⁶
794 1306 802 1332 :
835 1290 984 1332 «Nihil
1009 1290 1278 1344 patiebantur

243 1372 372 1414 super
383 1363 632 1403 contritione
645 1362 816 1415 Joseph.
832 1377 851 1400 ›)
877 1362 1039 1403 Gratias
1052 1361 1221 1413 agendo
1236 1362 1250 1384 ⁷
1265 1375 1274 1402 :

248 1447 268 1471 c(
286 1432 338 1473 Et
355 1445 442 1474 non
461 1437 524 1474 est
542 1434 742 1475 inventus
756 1434 829 1487 qui
849 1434 967 1475 daret
979 1433 1161 1486 gloriam
1176 1432 1274 1482 Deo,

241 1505 322 1545 nisi
341 1505 412 1545 hic
430 1505 686 1557 alienigena.
709 1520 728 1544 »
765 1505 812 1546 ln
844 1518 971 1559 opere
1002 1505 1204 1546 imitando
1225 1509 1238 1529 8
1263 1519 1271 1545 :

246 1592 265 1616 α
283 1575 378 1617 Eris
409 1576 594 1627 deserta,
620 1577 721 1630 quia
751 1578 879 1618 oblita
898 1589 942 1617 es
967 1577 1040 1618 Dei
1078 1577 1276 1617 salutaris

238 1647 314 1699 tui,
332 1649 374 1688 et
387 1647 505 1688 fortis
528 1649 735 1701 adjutoris
753 1648 815 1689 tui
833 1660 920 1689 non
936 1659 979 1688 es
994 1648 1225 1688 recordata.
1250 1662 1268 1685 »

239 1717 288 1759 In
307 1730 381 1760 ore
398 1720 637 1761 confitendo
658 1720 671 1742 ⁹
697 1733 708 1761 ε
748 1736 768 1759 c(
788 1719 1118 1761 Succedentibus
1150 1730 1270 1771 pros-

239 1790 367 1843 peris,
389 1791 591 1843 pincerna
617 1794 680 1831 est
706 1791 862 1832 oblitus
881 1790 1125 1843 interpretis
1143 1790 1223 1831 sui.
1246 1805 1265 1828 ›)

290 1865 308 1901 1
317 1864 355 1902 6.
370 1862 424 1904 Et
430 1861 618 1905 dicebam
630 1873 715 1916 690,
726 1865 803 1904 etc.
816 1862 990 1903 Ostensa
1001 1864 1063 1903 est
1073 1861 1272 1914 sapientis

236 1933 446 1987 despectio
466 1937 506 1975 et
525 1935 681 1977 oblivio
695 1950 704 1986 ;
728 1935 961 1976 ostenditur
991 1934 1060 1974 hic
1085 1934 1270 1975 secundo

234 2005 416 2058 despecti
448 2006 772 2047 commendatio.
813 2005 1086 2047 Commendat
1123 2008 1269 2046 autem

233 2077 483 2130 sapientiam
520 2078 677 2131 triplici
712 2077 1034 2131 praeeminentia
1069 2091 1077 2117 z
1111 2077 1265 2130 primo,

231 2149 527 2200 praemittendo
560 2161 652 2190 eam
681 2149 920 2190 fortitudini
950 2148 1148 2202 potentiae
1168 2162 1177 2199 3
1201 2161 1268 2189 se-

230 2219 391 2271 cundo,
416 2220 646 2261 munimini
677 2222 931 2270 armaturae3
960 2219 1097 2270 tertio,
1121 2219 1263 2261 altitu-

229 2290 317 2331 dini
336 2291 564 2331 mundanae
588 2291 754 2342 gloriae.
775 2291 999 2332 Praemittit
1009 2303 1116 2342 ergo
1125 2291 1264 2343 primo

229 2361 480 2415 sapientiam
494 2361 730 2402 fortitudini
750 2372 827 2402 suo
834 2361 994 2413 judicio
1007 2375 1016 2412 ;
1039 2363 1264 2415 propterea

227 2433 330 2475 dicit
353 2447 362 2474 :
385 2434 441 2475 Et
458 2432 648 2475 dicebam
667 2443 737 2486 eqo
757 2432 967 2475 meliorem
986 2443 1072 2475 esse
1089 2435 1264 2486 sapien—

227 2506 335 2548 tiam
353 2504 643 2558 fortitudine.
667 2505 695 2527 ¹⁰
733 2520 752 2543 c(
771 2504 918 2545 Melior
945 2507 1008 2545 est
1039 2504 1257 2558 sapientia,

224 2589 357 2630 quam
387 2576 520 2627 vires;
557 2579 598 2617 et
629 2577 697 2617 vir
727 2576 915 2629 prudens
935 2576 1105 2627 melior,
1127 2589 1259 2630 quam

224 2648 344 2689 fortis
366 2663 375 2689 :
400 2663 420 2686 »
442 2651 483 2689 et
502 2648 602 2701 quia
622 2651 682 2689 est
701 2649 864 2699 melior,
897 2649 990 2690 ideo
1021 2661 1108 2690 non
1137 2650 1259 2692 debet

223 2719 402 2772 despici3
426 2721 467 2760 et
484 2723 628 2761 tamen
648 2720 930 2762 nihilominus
951 2722 1014 2762 est
1028 2721 1220 2775 despecta
1244 2736 1253 2763 :

221 2792 444 2843 propterea
478 2791 577 2832 dicit
617 2806 626 2832 :
671 2792 879 2839 Quomodo
909 2802 1004 2845 erqo
1038 2794 1256 2845 sapientia

219 2863 424 2914 pauperis
448 2866 686 2916 contempta
715 2865 803 2907 est?
832 2865 951 2918 quasi
974 2879 982 2905 :
1006 2864 1100 2906 Non
1127 2865 1253 2906 debe-

220 2934 284 2973 ret
304 2944 394 2974 esse
423 2936 677 2987 contempta,
712 2935 784 2976 sed
818 2937 989 2988 propter
1023 2938 1253 2988 pauperta-

218 3004 304 3044 tem
324 3003 617 3058 vilipenditur3
631 3007 742 3048 unde
762 3006 914 3047 dicitur
927 3007 978 3048 de
998 3007 1218 3060 paupere¹¹
1238 3019 1249 3048 ε

223 3090 243 3114 α
263 3074 450 3116 Locutus
487 3079 548 3117 est
578 3079 767 3128 sensate,
803 3081 843 3118 et
868 3089 954 3118 non
987 3081 1050 3119 est
1069 3078 1192 3119 datus
1212 3079 1251 3120 ei

215 3145 354 3198 locus;
377 3146 494 3189 dives
511 3148 679 3190 locutus
693 3151 769 3199 est,
784 3151 826 3190 et
844 3161 991 3190 omnes
1008 3151 1246 3201 tacuerunt,

214 3220 256 3258 et
275 3218 406 3259 verba
424 3218 539 3260 illius
554 3231 692 3274 usque
711 3220 763 3262 ad
783 3221 919 3261 nubes
938 3221 1246 3274 perducuntur.

255 3301 263 3318 ¹
286 3301 420 3341 Matth„
447 3310 513 3343 vn,
541 3304 571 3334 7.
589 3320 630 3327 —
648 3304 662 3324 ²
681 3304 759 3340 lsa..
783 3312 853 3344 xix,
874 3305 925 3335 20.
949 3321 983 3326 —-
1011 3303 1022 3322 ³
1041 3302 1129 3343 Jol¹.‚
1151 3311 1245 3344 xxvi,

215 3346 266 3377 12.
290 3363 330 3368 —
349 3348 360 3366 ⁴
380 3349 491 3387 Prov„
511 3357 584 3391 mx,
605 3351 636 3380 7.
656 3367 698 3373 -
716 3351 726 3368 ⁵
745 3349 875 3391 Tmen„
897 3358 948 3391 111,
974 3352 1021 3382 19.
1041 3368 1083 3373 —
1101 3350 1114 3371 Β
1134 3351 1244 3389 Amos,

213 3399 261 3432 VI,
279 3394 310 3424 6.
325 3410 365 3417 —-
384 3396 394 3414 ⁷
413 3396 505 3437 Luc„
524 3405 610 3438 xvii,
634 3398 683 3429 18.
697 3415 737 3421 —
755 3397 769 3419 ⁸
786 3398 866 3439 ssa„
882 3406 969 3436 xv11,
992 3400 1040 3430 10.
1057 3415 1096 3420 —
1115 3397 1128 3420 ⁹
1149 3397 1243 3438 Gen„

213 3446 276 3481 XL,
304 3443 355 3474 23.
376 3459 416 3466 —-
449 3444 477 3466 ¹⁶
504 3444 598 3487 Sap„
625 3453 677 3486 v1,
705 3448 734 3477 1.
761 3463 799 3469 —
832 3446 852 3467 ¹¹
880 3445 996 3485 Ecclz‘.,
1026 3453 1107 3486 xm,
1134 3447 1186 3477 27.
1204 3462 1242 3469 -

2323 148 2396 187 661

1368 221 1420 262 Et
1436 222 1613 273 signum
1636 227 1901 278 contemptus
1925 227 2142 280 sapientiae
2166 231 2362 275 subditur
2387 249 2396 276 :

1367 291 1429 334 Ec
1453 292 1579 334 verba
1608 292 1698 345 ejus
1729 304 1815 336 non
1845 300 1945 339 sunt
1973 297 2142 341 audita.
2177 300 2228 342 Et
2258 305 2401 345 tamen

1367 365 1463 403 sunt
1484 362 1668 404 multum
1689 365 1898 406 audienda
1919 371 1949 392 ¹²
1971 382 2006 408 z«
2029 367 2151 411 Nunc
2170 384 2289 425 ergo,
2306 374 2398 426 filii,

1365 434 1506 475 audite
1537 447 1604 476 me
1640 450 1648 475 :
1681 436 1792 477 beati
1825 439 1899 490 qui
1936 441 2176 482 custodiunt
2214 444 2398 486 verbum

1365 516 1525 546 mcum.
1548 520 1567 543 ›>
1606 506 1656 547 Et
1692 508 1804 560 quod
1836 509 1967 549 verba
1992 511 2192 563 sapientis
2213 513 2296 554 sint
2315 527 2398 556 au-

1364 575 1528 625 dienda,
1551 577 1775 629 subJungit
1809 581 1864 630 (v,
1909 580 1973 633 17)
2013 595 2022 622 3
2068 582 2198 625 Verba
2228 587 2399 638 sapien-

1363 648 1473 689 tium
1508 649 1749 692 audiuntur
1784 653 1832 693 in
1864 652 2049 705 silentio,
2084 655 2127 695 id
2155 659 2230 707 est,
2264 658 2398 710 digna

1362 721 1461 759 sunt
1472 721 1611 760 audiri
1623 722 1665 761 in
1680 723 1846 764 silentio
1867 725 1896 746 ¹³
1915 739 1951 765 :a
1967 726 2077 766 Audi
2094 729 2249 780 tacens,
2268 732 2310 770 et
2320 743 2396 783 pro

1360 792 1598 832 reverentia
1628 794 1795 834 accedet
1822 796 1898 836 tibi
1927 797 2040 838 bona
2059 800 2213 850 gratia.
2237 801 2395 843 «Unde

1359 864 1399 902 et
1419 862 1615 903 subditur
1635 863 1662 885 ¹¹⁰
1677 877 1686 904 z
1704 863 1784 905 «Et
1803 865 1917 918 loqui
1940 868 1982 907 in
2005 869 2143 910 medio
2165 875 2391 923 magnato-

1358 945 1519 973 rumne
1534 945 1783 986 praesumas.
1807 950 1825 973 »
1848 936 2078 990 Plusquam
2095 940 2252 983 clamor
2268 944 2393 995 prin-

1356 1004 1466 1055 cipis
1483 1005 1599 1046 inter
1612 1006 1784 1047 stultos:
1804 1009 1844 1047 et
1865 1007 1960 1060 plus
1980 1009 2165 1051 clamosa
2186 1013 2279 1064 ejus
2297 1025 2392 1054 ora-

1357 1073 1434 1121 tio,
1469 1075 1571 1127 quia
1613 1079 2009 1132 quantumcumque
2050 1080 2178 1122 homo
2217 1082 2389 1135 clamet,

1354 1144 1508 1185 stultus
1526 1158 1612 1186 non
1633 1148 1807 1188 attendit
1826 1148 1852 1170 ¹⁵
1869 1164 1877 1190 :
1907 1165 1926 1188 «
1947 1149 2051 1191 Cum
2071 1152 2306 1194 dormiente
2328 1154 2390 1195 lo-

1354 1216 1521 1269 quitur,
1541 1217 1614 1269 qui
1643 1222 1789 1259 narrat
1828 1220 1956 1261 stulto
1991 1222 2264 1275 sapientiam;
2286 1227 2327 1265 et
2346 1225 2391 1265 in

1353 1287 1439 1328 fine
1459 1288 1712 1329 narrationis
1732 1290 1830 1331 dicit
1851 1306 1859 1332 z
1881 1291 1981 1340 Quis
2011 1296 2073 1333 est
2099 1293 2198 1334 hic‘?
2224 1310 2243 1332 »
2271 1295 2391 1344 Quod

1352 1369 1455 1409 ergo
1477 1358 1681 1410 sapientia
1702 1359 1754 1400 sit
1774 1364 2027 1415 contempt-213
2053 1364 2132 1405 hoc
2144 1367 2207 1405 est
2217 1369 2389 1419 propter

1351 1428 1617 1470 audientium
1637 1431 1878 1483 stultitiam;
1903 1434 1995 1476 ideo
2010 1435 2038 1461 ¹⁶
2062 1450 2102 1475 :«
2120 1435 2256 1478 Nolite
2273 1450 2389 1478 sanc-

1349 1502 1440 1540 tum
1463 1501 1562 1542 dare
1576 1503 1766 1544 canibus.
1788 1519 1807 1542 »
1830 1505 1881 1546 Et
1909 1507 2016 1548 ratio
2035 1507 2167 1560 hujus
2194 1509 2388 1550 redditur

1349 1571 1401 1610 ab
1421 1571 1622 1624 Apostolo
1643 1574 1671 1599 ¹⁷
1696 1589 1703 1615 :
1724 1590 1743 1613 «
1762 1577 1970 1618 Animalis
2002 1579 2130 1620 homo
2145 1591 2231 1621 non
2250 1581 2386 1633 perci-

1348 1642 1408 1694 pit
1427 1656 1490 1694 ea,
1513 1657 1611 1696 quae
1632 1648 1730 1687 sunt
1751 1647 1925 1700 spiritus
1945 1650 2034 1691 Dei.
2058 1665 2078 1688 »

1402 1717 1467 1755 18.
1490 1716 1641 1758 Melior
1657 1721 1717 1760 est
1732 1720 1948 1771 sapientia
1963 1752 1973 1771 ‚
1996 1722 2074 1762 etc.
2098 1721 2174 1762 Hic
2197 1723 2383 1765 secundo

1346 1787 1569 1838 praemittit
1596 1788 1846 1841 sapientiam
1875 1791 2104 1832 munimini
2129 1796 2379 1847 armaturae,

1345 1857 1489 1898 dicens
1506 1872 1514 1897 :
1529 1859 1682 1901 Melior
1700 1864 1763 1903 est
1782 1862 2000 1913 sapientia
2011 1874 2141 1916 quam
2156 1875 2278 1908 arma
2296 1865 2378 1908 bel-

1343 1928 1454 1982 lz'ca,·
1470 1930 1568 1983 quia
1583 1931 1729 1972 bellica
1745 1944 1863 1973 arma
1874 1936 1972 1974 sunt
1984 1934 2028 1974 in
2043 1936 2348 1987 protectionem
2365 1952 2374 1979 ε

1340 1999 1535 2041 similiter
1562 2002 1768 2055 sapientia
1796 2004 1983 2056 protegit
2013 2005 2039 2027 ¹⁸
2071 2020 2080 2047 ε
2110 2007 2377 2049 «Consilium

1342 2072 1546 2113 custodiet
1581 2075 1642 2124 te,
1684 2075 1724 2113 et
1755 2074 1980 2127 prudentia
2011 2077 2197 2119 servabit
2233 2081 2296 2131 te,
2330 2083 2380 2120 ut

1339 2143 1503 2184 eruaris
1523 2157 1547 2184 a
1566 2144 1637 2186 via
1657 2146 1781 2197 mala,
1804 2148 1846 2187 et
1875 2149 1926 2188 ab
1949 2148 2123 2191 homine
2139 2182 2152 2201 ,
2177 2151 2252 2204 qui
2278 2164 2378 2206 per-

1339 2227 1463 2257 versa
1482 2215 1685 2269 loquitur.
1708 2232 1727 2255 ›)
1754 2218 1806 2258 Et
1831 2220 1945 2271 quod
1978 2221 2132 2262 melius
2160 2224 2372 2276 protegat,

1337 2290 1450 2340 patet
1474 2302 1482 2328 :
1508 2289 1582 2341 qui
1611 2290 1766 2331 amittit
1795 2292 2045 2344 sapientiam
2078 2306 2155 2346 per
2186 2294 2372 2349 culpam,

1336 2370 1423 2399 non
1441 2361 1578 2411 potest
1597 2360 1818 2402 defendere
1847 2374 1924 2415 per
1953 2367 2231 2417 armaturam,
2268 2367 2373 2419 quin

1335 2430 1501 2471 amittat
1524 2430 1659 2471 multa
1676 2431 1807 2482 bona3
1829 2433 1942 2474 unde
1973 2433 2072 2475 dicit
2097 2450 2105 2474 :
2131 2435 2190 2478 Et
2220 2438 2299 2489 qui
2322 2438 2371 2480 in

1335 2512 1419 2544 unc
1446 2504 1699 2555 peccaverit,
1732 2504 1965 2546 recedendo
1996 2518 2022 2546 a
2058 2507 2278 2560 sapientia,
2301 2521 2367 2551 se-

1332 2574 1519 2614 cundum
1559 2574 1672 2627 quod
1709 2574 1868 2616 dictum
1906 2578 1966 2616 est
1998 2589 2128 2631 supra
2164 2578 2268 2632 (vm,
2291 2581 2363 2634 3):

1332 2659 1352 2683 α
1372 2643 1432 2685 Ne
1459 2645 1627 2686 festines
1659 2646 1853 2687 recedere
1887 2660 1912 2688 a
1948 2648 2052 2690 facie
2084 2651 2203 2702 ejuS,
2227 2663 2366 2705 neque

1328 2727 1577 2768 permaneas
1586 2716 1631 2756 in
1645 2729 1770 2770 opere
1783 2718 1909 2760 malo.
1923 2719 2063 2763 Multa
2076 2721 2182 2764 bona
2192 2723 2340 2775 perdet
2351 2739 2366 2766 .·

1327 2787 1537 2840 peccando
1558 2788 1736 2828 enimin
1769 2801 1878 2840 uno,
1914 2791 2050 2844 perdit
2087 2793 2363 2847 sapientiam;

1327 2862 1367 2901 ct
1392 2859 1508 2899 illam
1527 2859 1790 2910 dimittendo,
1812 2861 1959 2914 ‚perdit
1995 2863 2130 2905 multa
2165 2865 2279 2906 bona
2305 2867 2332 2892 ¹⁹
2353 2881 2362 2908 ε

1333 2946 1352 2970 α
1373 2930 1590 2972 Venerunt
1610 2930 1716 2971 mihi
1743 2932 1888 2973 omnia
1926 2933 2037 2974 bona
2074 2934 2232 2987 pariter
2263 2949 2362 2978 cum

1324 3003 1418 3053 illa;
1451 3016 1471 3040 ›)
1515 3003 1556 3042 et
1593 3002 1686 3043 ideo
1719 3003 1910 3055 perdita,
1950 3004 2190 3056 perduntur
2227 3008 2362 3049 multa

1324 3075 1450 3115 bona.
1472 3072 1547 3115 Vel
1571 3087 1580 3114 ε
1606 3073 1688 3121 Qui
1712 3074 1950 3126 peccaverit
1987 3075 2037 3116 in
2074 3086 2181 3127 uno,
2212 3081 2360 3120 contra

1322 3145 1585 3196 charitatem,
1613 3143 1764 3197 perdet
1795 3144 1932 3187 multa
1964 3145 2086 3197 bona,
2122 3148 2358 3190 secundum

1321 3217 1425 3258 illud
1445 3221 1475 3242 ²⁰
1500 3231 1540 3257 :<‹
1557 3214 1636 3265 Qui
1666 3216 1711 3255 in
1732 3227 1818 3256 uno
1838 3218 2096 3269 peccaverit,
2129 3219 2264 3260 factus
2298 3223 2360 3261 est

1322 3302 1344 3320 ¹²
1373 3302 1487 3337 Proin,
1514 3307 1593 3339 vni,
1623 3301 1674 3330 32.
1695 3316 1735 3321 —
1767 3299 1789 3317 ¹³
1812 3299 1928 3340 Ecclt„
1957 3309 2077 3343 xxxil,
2097 3304 2128 3334 9.
2148 3320 2190 3326 -
2212 3303 2356 3344 ¹⁸1bid„

1323 3350 1372 3380 13.
1401 3365 1442 3371 —-
1475 3347 1501 3367 ¹⁵
1533 3347 1633 3385 thid,
1664 3353 1759 3386 xxm,
1796 3347 1826 3377 9.
1856 3364 1897 3370 —
1933 3347 1956 3369 ¹⁶
1984 3348 2120 3391 Matth„
2158 3357 2222 3390 vu,
2254 3352 2285 3384 6.
2319 3368 2355 3373 —

1320 3396 1344 3418 ¹⁷
1367 3396 1377 3426 l
1397 3395 1487 3433 Cor„
1508 3403 1547 3434 11,
1572 3396 1620 3425 14.
1636 3410 1677 3416 —
1698 3392 1726 3415 ¹⁸
1744 3393 1856 3435 Prov,
1876 3401 1914 3434 11,
1938 3398 1988 3432 11,
2011 3398 2060 3430 16.
2076 3413 2118 3421 -
2140 3398 2166 3421 ¹⁹
2183 3397 2276 3440 Sap„
2293 3405 2357 3441 vn,

1320 3445 1369 3475 11.
1387 3460 1427 3465 —
1447 3442 1471 3460 ²⁰
1491 3441 1574 3481 lac„
1597 3449 1637 3481 11,
1660 3442 1709 3473 10.
