2633 3878
99 993 116 1019 J
119 992 216 1020 ustitia

80 1034 210 1061 suaviter

81 1075 207 1102 attracti-

81 1125 128 1144 va.

102 2547 221 2576 Deside-

112 2590 188 2616 :ium

86 2631 219 2667 tripartig

88 2674 160 2700 tum.

1083 135 1323 177 PSALMUS
1353 137 1466 178 ttxvl
1477 137 1523 177 ΙΙ.

238 229 412 273 tionem,
447 230 484 266 et
519 227 736 265 humanam
768 226 1011 264 oblivionem
1042 224 1274 262 mirabiliter

238 291 449 327 miseratus
469 302 478 326 ε
506 291 694 326 Tabescere
717 300 770 326 me
795 290 882 333 fecit
910 289 1006 324 zelus
1027 298 1122 323 meus
1143 298 1156 323 .·
1185 297 1272 323 ecce

240 352 513 390 misericordia
538 350 792 399 prophetica,
826 360 914 397 quae
947 351 1003 385 est
1034 348 1270 394 laudabilis3

240 415 334 458 Quia
361 416 464 450 obliti
491 416 573 449 sunt
597 424 604 448 :
635 422 722 448 ecce
754 409 948 448 memoria
978 410 1150 456 lubrica,
1186 421 1273 457 quae

238 475 534 523 vituperabilis;
579 475 694 511 Verba
732 477 794 509 τιια
830 485 838 509 :
891 483 979 509 ecce
1018 472 1272 509 comminatio

239 530 409 574 terrifica
425 564 438 582 ,
472 547 560 583 quae
577 534 862 580 formidabilis;
888 536 1034 571 Inimici
1058 536 1128 570 mci
1147 546 1154 570 :
1185 543 1272 569 ecce

237 598 430 635 vecordia
448 598 621 644 inimica,
645 609 733 646 quae
753 601 808 635 est
829 596 1081 634 detestabilis.

596 747 814 774 VERSiCULUS
839 746 906 772 ΧΠ.

272 853 353 889 140.
369 853 530 898 Iqm'tum
540 852 735 896 eloquium,
746 852 815 886 etc.
833 851 920 886 Post
931 849 1183 886 acerbitatem
1190 849 1273 895 jus-

236 913 326 950 titiae
365 912 678 957 comminativae,
715 911 919 958 subjungit
957 911 1149 958 Propheta
1181 921 1272 946 sua-

235 975 396 1012 vitatem
429 974 684 1022 promissivae.
724 975 809 1010 Haec
848 976 904 1009 est
925 972 1072 1019 justitia
1101 972 1273 1009 suaviter

236 1037 456 1082 attractiva,
491 1047 578 1084 quae
612 1038 739 1072 totum
779 1035 895 1072 trahit
929 1035 1160 1080 hominem,
1195 1037 1273 1070 tam

235 1099 479 1143 interiorem,
505 1109 624 1146 quam
656 1097 908 1143 exteriorem,
938 1108 1008 1145 per
1033 1096 1274 1133 desiderium

236 1165 273 1199 et
309 1172 500 1198 amorem.
539 1161 598 1198 Sic
634 1160 815 1197 trahebat
850 1159 984 1207 ipsum
1023 1159 1272 1205 Psalmogra-

235 1225 383 1272 phum,
407 1224 475 1272 qui
505 1223 662 1260 dicebat
688 1235 696 1259 :
727 1225 906 1269 anitum,
932 1225 1003 1259 etc.
1037 1221 1138 1266 Quid
1168 1221 1273 1258 enim

236 1286 344 1323 aliud
371 1289 484 1323 sonat
510 1286 592 1322 haec
617 1285 766 1330 littera,
789 1285 863 1321 nisi
892 1284 1003 1332 quod
1022 1284 1144 1321 homo
1174 1283 1272 1320 inte-

236 1348 316 1385 rior
331 1347 494 1384 trahitur
512 1358 583 1395 per
598 1347 798 1391 ardorem,
820 1350 857 1383 et.
875 1348 997 1383 homo
1020 1346 1188 1383 exterior
1203 1356 1273 1392 per

239 1411 446 1447 amorem?
465 1411 561 1446 Nam
580 1409 679 1446 nulli
701 1409 890 1455 dubium,
912 1409 1021 1456 quod
1041 1408 1273 1456 praedictum

237 1471 442 1519 eloquium
469 1482 550 1508 non
579 1474 732 1508 tantum
758 1471 927 1518 ignitum
953 1473 1028 1516 est,
1061 1470 1130 1506 sed
1161 1470 1271 1506 audi-

237 1536 341 1579 tum;
361 1543 433 1570 nec
448 1533 576 1570 ullum
593 1533 750 1579 igniret,
771 1533 802 1569 si
823 1533 953 1569 nullus
973 1533 1140 1569 audiret.
1165 1532 1271 1568 Unde

237 1597 407 1642 quatuor
444 1596 552 1631 actus
592 1597 778 1631 connotat
816 1594 887 1631 iste
925 1604 1084 1640 versus,
1106 1594 1273 1630 scilicet

237 1660 367 1694 actum
400 1657 596 1704 igniendi,
625 1657 835 1703 audiendi,
871 1656 1092 1701 serviendi,
1116 1659 1153 1693 et
1180 1656 1270 1693 dili-

237 1719 358 1766 gendi
379 1731 388 1756 :
412 1730 584 1767 quorum
604 1719 756 1766 primus
777 1719 829 1755 ad
848 1718 1054 1764 ardorem,
1076 1719 1271 1755 secundus

238 1781 290 1818 ad
308 1781 513 1818 hominem
529 1781 772 1826 interiorem,
794 1781 928 1817 tertius
949 1781 1001 1817 ad
1021 1780 1271 1826 exteriorem,

238 1845 401 1890 quartus
426 1843 560 1880 attinet
588 1843 640 1880 ad
660 1853 850 1880 amorem.
874 1843 965 1887 Quis
991 1843 1097 1879 enim
1124 1843 1271 1890 eloquii

238 1905 403 1942 coelestis
428 1905 608 1950 auditor,
630 1905 704 1941 nisi
723 1905 842 1942 homo
868 1904 1029 1941 interior
1043 1906 1060 1941 ⁶?
1083 1905 1173 1952 quis
1192 1915 1271 1941 ser-

237 1967 365 2013 vitor,
400 1966 476 2003 nisi
497 1967 620 2004 homo
652 1966 845 2004 exterior?
877 1966 975 2014 quid
1008 1966 1162 2013 ignitio,
1198 1966 1271 2002 nisi

237 2028 384 2066 ardor?
404 2028 502 2076 quid
522 2028 696 2074 dilectio,
717 2029 790 2064 nisi
811 2029 953 2065 amor?

573 2136 764 2171 Artz'culus
782 2136 937 2181 primus.

283 2218 462 2266 lgniendi
494 2221 602 2256 actus
639 2217 892 2266 proponitur,
932 2228 1023 2254 cum
1060 2217 1268 2254 scribitur:

236 2284 397 2328 Ignitum
417 2282 653 2328 vehementer,
673 2280 827 2328 supple,
845 2281 984 2325 active,
1001 2291 1083 2318 non
1100 2280 1268 2327 passive.

237 2343 354 2380 Aliter
378 2344 485 2379 enim
511 2342 698 2390 competit
733 2342 900 2387 ignitum
933 2341 1094 2389 eloquio
1110 2369 1122 2388 ,
1161 2342 1272 2378 aliter

239 2404 436 2441 desiderio
463 2416 472 2440 :
505 2403 697 2451 quoniam
725 2403 885 2450 eloquio
920 2403 1101 2449 congruit
1130 2403 1270 2449 active,

239 2465 309 2502 sed
337 2465 533 2502 desiderio
567 2465 734 2512 passive.
765 2467 841 2501 Nec
877 2464 982 2501 enim
1010 2455 1178 2511 ignitum
1207 2464 1271 2501 hic

238 2531 402 2565 vocatur
431 2527 658 2575 eloquium,
679 2527 753 2563 nisi
780 2527 970 2574 quoniam
995 2527 1093 2574 ignit
1118 2527 1273 2563 deside-

238 2590 354 2627 rium.
383 2591 427 2626 Et
445 2593 557 2635 nota,
585 2589 697 2637 quod
722 2589 942 2626 invenimus
970 2588 1138 2635 ignitum
1168 2588 1271 2626 desi-

240 2652 396 2689 derium
415 2651 651 2700 tripartitum
658 2664 669 2697 ;
691 2650 1128 2689 videlicetdesiderium
1149 2653 1273 2688 tenta-

240 2714 380 2760 tionis,
404 2713 690 2760 reluctationis,
724 2715 761 2750 et
789 2712 1129 2750 remunerationis.
1163 2713 1271 2750 Unde

239 2776 406 2823 legimus
436 2776 603 2822 ignitum
631 2777 870 2823 serpentem,
893 2775 1103 2823 clypeum,
1126 2786 1273 2813 sermo-

241 2849 345 2876 nem.
367 2840 419 2875 De
437 2837 567 2885 primo
591 2839 598 2860 ¹
620 2849 629 2874 ε
656 2851 674 2872 «
694 2837 790 2875 Misit
807 2837 997 2875 Dominus
1016 2837 1058 2874 in
1077 2838 1273 2885 populum

241 2900 383 2947 ignitos
410 2901 620 2947 serpentes.
654 2913 671 2935 »
704 2900 813 2938 Tales
837 2902 1037 2947 serpentes
1062 2902 1273 2937 tentatores

242 2965 345 3008 sunt,
379 2962 448 3010 qui
480 2962 815 3010 concupiscentias
851 2962 1063 2999 incendere
1096 2961 1273 2999 inardes-

243 3026 346 3060 cunt.
367 3023 521 3062 Talium
541 3035 634 3072 ergo
654 3024 892 3062 desiderium
911 3027 966 3061 est
984 3023 1152 3071 ignitum
1171 3024 1274 3063 circa

242 3085 394 3123 malum
413 3086 550 3134 culpae.
566 3089 617 3123 D‘e
636 3086 810 3124 secundo
825 3089 861 3123 ²:
888 3100 907 3122 «
924 3085 1093 3134 Clypeus
1111 3085 1272 3123 sortium

242 3148 400 3196 ignitus.
427 3162 445 3184 »
475 3148 670 3186 Moraliter
702 3148 797 3186 tales
823 3148 980 3196 clypei,
1008 3148 1127 3186 sortes
1157 3148 1274 3186 affec-

242 3210 366 3248 tiones
391 3213 504 3257 sunt,
529 3221 616 3259 quae
645 3210 721 3248 tela
741 3210 939 3248 diabolica
965 3211 1190 3258 extinguere
1211 3211 1272 3248 in-

243 3273 493 3311 candescunt.
515 3273 666 3312 Talium
693 3284 787 3321 ergo
815 3273 1058 3311 desiderium
1084 3276 1141 3311 est
1171 3273 1273 3322 igni-

287 3408 293 3426 ¹
319 3407 432 3449 Num„
451 3416 522 3448 xxi,
547 3410 632 3441 6.-
650 3410 663 3430 2
682 3409 783 3449 Nalz„
803 3417 840 3449 11,
862 3412 892 3441 3.
915 3428 949 3433 —
969 3410 980 3429 ³
997 3411 1106 3449 Prov„
1132 3420 1216 3452 xxx,
1243 3414 1275 3444 5.

405 3478 504 3508 Tou.
536 3480 596 3508 lx.

2295 141 2370 178 497

1346 229 1428 262 tum
1459 226 1561 262 circa
1580 225 1733 261 bonum
1760 226 1905 271 gratiae.
1933 227 1983 262 De
2003 226 2115 263 tertio
2135 227 2148 248 ³
2176 237 2184 261 :
2210 227 2380 262 «Omnis

1346 298 1474 324 sermo
1497 287 1559 323 Dei
1581 287 1724 333 ignitus
1749 287 1912 334 clypeus
1932 292 1988 324 est
2007 288 2192 325 omnibus
2212 298 2376 335 speran-

1348 349 1449 385 tibus
1488 349 1528 384 in
1564 360 1616 384 se.
1649 362 1666 383 n
1698 348 1806 385 Tales
1839 349 2032 396 praecipue
2068 360 2267 386 sermones
2303 360 2379 386 coe-

1347 410 1502 446 lestiuin
1524 410 1806 457 promissiones
1827 414 1928 457 sunt,
1949 411 2093 458 quibus
2107 411 2217 458 igniti
2238 412 2380 449 milites

1348 471 1484 507 Christi
1522 471 1630 508 nulla
1672 471 1849 519 pericula
1890 472 2182 519 pertimescunt.
2227 473 2378 509 'salium

1348 543 1440 579 ergo
1487 532 1726 569 desiderium
1774 535 1830 569 est
1867 533 2035 580 ignitum
2081 534 2183 571 circa.
2226 534 2380 571 bonum

1348 592 1496 639 gloriae.

1656 643 1845 679 Artcculus
1871 643 2058 679 secundus.

1394 719 1587 756 Audiendi
1620 723 1727 757 actus
1757 721 2011 768 supponitur,
2045 731 2136 756 cuin
2166 720 2377 757 subditur:

1346 783 1538 828 Eloquium
1555 785 1676 828 tuum,
1708 782 1855 819 scilicet
1887 781 2066 819 auditum
2089 792 2159 829 per
2178 782 2381 819 hominem

1347 842 1595 890 interiorem,
1625 847 1661 880 et
1688 844 1779 880 ideo
1800 845 1957 881 trahens
1975 843 2105 891 ipsum
2136 854 2206 891 per
2226 844 2381 881 deside-

1346 905 1393 941 rii
1418 905 1628 942 fervorem.
1662 908 1705 942 Et
1737 909 1831 943 nota
1863 906 1965 942 circa
1994 905 2199 953 eloquium
2220 906 2382 942 beatitu-

1348 966 1449 1002 dinis
1472 968 1772 1014 promissivum,
1793 967 1904 1014 quod
1932 970 1987 1003 cst
2019 967 2279 1004 desiderabile
2311 967 2380 1004 ho·

1347 1029 1442 1064 mini
1470 1029 1667 1075 interiori,
1701 1032 1894 1076 quantum
1924 1029 1976 1065 ad
2006 1039 2204 1076 gressum,
2236 1029 2380 1076 visum,

1346 1093 1523 1136 gustum,
1544 1094 1704 1138 propter
1736 1102 1937 1127 summum
1964 1091 2118 1127 bonum
2137 1101 2382 1139 consequen-

1347 1152 1466 1199 dum,
1508 1152 1747 1199 videndum,
1795 1152 2023 1190 fruendum.
2069 1154 2120 1189 De
2157 1152 2286 1200 primo
2319 1153 2333 1173 ¹⁶
2371 1165 2378 1188 :

1352 1228 1368 1248 «
1402 1216 1560 1252 Gressus
1594 1226 1705 1252 meos
1743 1215 1870 1262 dirige
1910 1214 2129 1251 secundum
2174 1215 2380 1263 cloquium

1347 1279 1471 1313 tuum.
1494 1290 1510 1312 »
1534 1277 1600 1313 Hic
1621 1277 1865 1314 desideratur
1886 1277 2090 1324 eloquium
2103 1277 2254 1314 ratione
2269 1287 2380 1313 man-

1347 1338 1427 1375 dati
1448 1339 1691 1387 complendi,
1712 1342 1749 1376 et
1766 1339 1917 1386 praemii
1937 1339 2220 1386 consequendi.
2249 1341 2299 1376 De
2323 1349 2382 1375 se-

1347 1401 1477 1437 cundo
1502 1401 1513 1422 5
1542 1413 1550 1437 :
1584 1416 1602 1436 «
1628 1401 1857 1438 Defecerunt
1883 1401 1987 1438 oculi
2010 1401 2087 1438 mei
2119 1402 2159 1438 in
2179 1401 2381 1449 eloquium

1347 1465 1457 1499 tuum
1488 1475 1496 1498 :
1532 1477 1548 1497 n
1583 1463 1647 1500 hic
1680 1463 1925 1500 desideratur
1960 1463 2164 1511 eloquium
2201 1465 2380 1511 respectu

1346 1524 1489 1561 summi
1508 1525 1605 1562 boni
1625 1525 1799 1561 videndi.
1831 1527 1881 1562 De
1903 1526 2013 1562 tertio
2033 1526 2046 1547 ‘³
2065 1537 2073 1561 :
2097 1537 2115 1559 «
2135 1526 2261 1570 Quam
2288 1525 2379 1562 dul-

1346 1586 1405 1623 cia
1434 1586 1614 1623 saucibus
1646 1587 1744 1623 meis
1775 1587 1935 1634 eloquia
1964 1588 2058 1623 tua!
2081 1600 2097 1621 »
2132 1587 2196 1623 hic
2227 1587 2381 1624 deside-

1345 1650 1481 1684 rantur
1510 1648 1670 1696 eloquia
1700 1648 1851 1686 ratione
1890 1648 2034 1685 summi
2070 1648 2166 1685 boni
2207 1648 2378 1686 fruendi.

1687 1752 1875 1789 Articulas
1903 1755 2043 1789 tertius.

1393 1835 1594 1872 serviendi
1626 1838 1734 1872 actus
1753 1835 2033 1883 interponitur,
2056 1847 2146 1873 cum
2166 1836 2348 1874 inseritur
2369 1849 2378 1874 :

1345 1899 1390 1933 Ec
1408 1908 1527 1934 servus
1548 1901 1643 1934 tuus.
1663 1898 1802 1934 Servus
1828 1897 1922 1944 iste,
1942 1898 1984 1934 ni
2011 1897 2150 1944 fallor,
2175 1900 2232 1935 est
2255 1898 2377 1936 homo

1346 1959 1533 2005 exterior,
1556 1959 1624 2007 qui
1646 1970 1727 1996 non
1752 1960 1904 1996 tantum
1930 1959 2140 2006 Creatoris,
2164 1960 2232 1998 sed
2261 1961 2378 1998 etiam

1345 2021 1539 2057 interioris
1555 2021 1728 2058 hominis
1748 2025 1803 2059 est
1822 2022 1998 2060 servitor.
2015 2024 2052 2060 Si
2072 2024 2213 2071 quaeris
2229 2024 2271 2061 in
2292 2024 2379 2072 qui-

1345 2083 1441 2130 bus;
1464 2084 1684 2130 specialiter
1716 2085 1756 2120 in
1785 2084 1910 2121 tribus
1932 2097 1941 2120 ε
1962 2085 2002 2122 in
2030 2096 2093 2132 eo,
2114 2086 2227 2134 quod
2246 2096 2379 2123 sensa—

1346 2149 1426 2190 tus,
1461 2146 1752 2194 disciplinatus,
1786 2147 1973 2194 operibus
2004 2147 2225 2186 inclinatus.
2248 2149 2378 2193 Quan-

1346 2212 1430 2245 tum
1448 2209 1500 2246 ad
1527 2209 1702 2257 primum
1709 2237 1722 2256 ,
1749 2211 1866 2247 servit
1892 2210 2156 2259 intellectivae3
2187 2214 2380 2259 quantum

1347 2270 1399 2307 ad
1433 2272 1675 2319 secundum,
1715 2272 1921 2320 affectivae3
1966 2276 2159 2321 quantum
2201 2273 2253 2311 ad
2305 2276 2381 2311 ter-

1348 2332 1462 2375 tium,
1498 2333 1697 2371 effectivae.
1733 2337 1784 2371 De
1817 2335 1945 2382 primo
1978 2337 1991 2357 7
2027 2348 2036 2371 :
2071 2348 2089 2370 ι(
2119 2337 2260 2374 Servus
2298 2347 2380 2373 sen-

1347 2398 1451 2431 satus
1489 2395 1536 2432 sit
1580 2396 1651 2432 tibi
1686 2396 1870 2443 dilectus,
1914 2398 2026 2445 quasi
2068 2398 2202 2435 anima
2238 2400 2324 2444 tua;
2359 2413 2376 2433 »

1347 2456 1539 2504 quoniam
1552 2468 1576 2495 a
1594 2458 1774 2496 sensibus
1786 2459 1922 2506 incipit
1935 2459 2106 2506 cognitio
2117 2459 2353 2497 intellectiva
2370 2472 2379 2497 :

1349 2529 1437 2556 ecce
1455 2530 1591 2556 servus
1609 2524 1784 2558 sensatus
1803 2521 2062 2558 intellectivae.
2086 2524 2138 2559 De
2155 2522 2377 2560 secundo⁸z

1353 2594 1370 2615 «
1389 2582 1501 2619 Panis
1522 2586 1559 2619 et
1579 2583 1809 2630 disciplina,
1832 2586 1868 2620 et
1889 2594 1988 2631 opus
2014 2594 2128 2621 servo
2151 2596 2160 2620 ε
2181 2597 2198 2619 »
2222 2584 2299 2622 hoc
2325 2587 2381 2621 est

1348 2646 1556 2694 disciplina
1575 2647 1815 2684 exteriorum
1849 2657 2032 2693 sensum,
2065 2657 2136 2694 per
2168 2658 2289 2695 quam
2309 2648 2380 2685 ad-

1345 2708 1504 2755 Juvatur
1536 2708 1745 2756 disciplina
1777 2708 2011 2746 interiorum
2033 2708 2246 2746 affectuum
2263 2721 2271 2747 :
2291 2720 2380 2747 ecce

1349 2781 1484 2807 servus
1504 2770 1775 2818 disciplinatus
1803 2771 1977 2808 serviens
2002 2771 2206 2808 affectivae.
2234 2774 2286 2809 De
2304 2775 2383 2809 ter-

1348 2831 1402 2869 tio
1419 2833 1432 2854 ⁹
1448 2844 1456 2868 :
1478 2845 1496 2866 «
1506 2833 1669 2869 Servum
1682 2833 1872 2870 inclinant
1882 2833 2131 2881 operationes
2150 2834 2317 2872 assiduae
2334 2846 2343 2870 :
2359 2848 2376 2869 »

1348 2898 1430 2934 haec
1469 2898 1670 2935 inclinatio
1715 2902 1771 2935 est
1807 2899 1859 2936 ad
1897 2898 2155 2936 ministerium
2197 2899 2379 2937 effectivae

1349 2960 1634 3008 praedispositio
1660 2972 1777 2998 :ecce
1805 2971 1938 2999 servus
1966 2961 2176 3000 inclinatus
2207 2961 2380 2999 servIens

1350 3020 1547 3060 effectivae.

1678 3072 1866 3108 Articulus
1892 3077 2053 3119 quartus.

1398 3148 1591 3195 Diligendi
1624 3151 1732 3186 actus
1769 3150 2085 3198 subterponitur,
2120 3161 2211 3188 cum
2243 3150 2380 3188 subse-

1351 3211 1482 3258 quitur
1509 3224 1519 3246 .-
1555 3212 1693 3248 Dz'leoeit
1715 3211 1821 3248 illud.
1844 3215 1939 3249 Ecce
1959 3223 2085 3259 amor,
2118 3223 2198 3261 quo
2219 3212 2382 3251 trahitur

1350 3273 1472 3311 homo
1503 3273 1684 3312 exterior.
1718 3274 1794 3312 Sed
1832 3277 1926 3313 nota
1955 3275 2150 3323 triplicem
2187 3286 2381 3324 amorem,

1353 3378 1388 3382 -
1411 3359 1527 3391 ΔίΡεαί.
1548 3358 1626 3401 hoc,
1654 3361 1723 3392 133.
1744 3377 1784 3384 -
1804 3360 1816 3381 ⁵
1841 3359 1938 3402 ibid„
1964 3361 2016 3393 82.
2037 3377 2077 3383 —
2099 3361 2111 3379 ⁴³
2133 3360 2230 3402 ibid„
2254 3362 2325 3394 103.
2344 3377 2380 3384 .-

1349 3411 1362 3432 ⁷
1387 3407 1506 3446 Eccli„
1527 3414 1588 3447 vu,
1606 3410 1657 3438 23.
1678 3425 1718 3430 —
1737 3408 1750 3429 ³
1771 3408 1888 3448 Eccli„
1912 3415 2037 3447 xxxui,
2061 3409 2113 3441 25.
2132 3425 2171 3432 —
2193 3411 2204 3428 ⁹
2222 3407 2307 3441 ibid.
2329 3409 2382 3440 27.

2174 3475 2224 3513 32

2447 1925 2539 1952 Homo

2404 1964 2541 1998 exterior,

2419 2013 2520 2033 servus

2411 2046 2531 2074 interio-

2408 2087 2458 2114 ris.

2426 3229 2514 3253 Amor

2414 3266 2531 3302 triplex,

2403 3315 2460 3342 quo
2493 3307 2543 3334 ho-
