2633 3878
100 1239 190 1265 Poena

89 1277 197 1313 duplex

1165 143 1335 186 CAPUT
1366 144 1452 187 Vll.

296 226 415 275 Quod
446 229 646 282 objicitur
678 231 728 271 de
760 231 860 280 J0b3
892 230 1157 282 respondeo:
1187 244 1272 273 non

242 301 369 348 negat
388 310 431 339 se
452 312 537 340 non
564 312 755 353 peccasse
769 332 781 351 ,
805 303 854 341 ut
873 301 931 340 sic
951 300 1190 352 puniretur.
1213 302 1273 342 Si-

241 367 397 409 militer
430 382 501 411 cor
529 371 824 424 reprehendit,
856 371 1024 424 quando
1054 374 1273 423 peccatum

241 439 493 491 complacuit
506 453 518 493 3
542 442 709 495 quando
742 454 859 491 vero,
884 441 996 495 quod
1017 441 1169 491 noluit,
1192 442 1274 482 hoc

240 509 364 560 fecit,
399 512 476 551 etsi
508 514 726 565 peccavit,
761 525 832 554 cor
864 525 949 554 non
984 511 1269 565 reprehendit.

241 578 358 627 Quod
390 581 541 622 dicitur
565 583 616 623 de
645 583 911 636 impotestate
931 583 1115 632 vitandi,
1137 583 1274 624 dicen-

240 650 366 701 dum,
390 653 505 705 quod
532 666 584 694 ex
615 655 717 695 vitio
746 655 938 695 intrusus
963 657 1025 695 est
1054 654 1211 703 homo,
1233 657 1274 695 et

239 720 333 761 ideo
356 734 441 763 nou
461 728 711 776 excusatur,
735 726 840 778 quin
862 729 1003 777 peccet
1023 725 1166 777 aliquo
1187 737 1274 766 mo-

240 791 307 832 do.
331 791 561 850 Praetcrea,
584 796 661 836 etsi
692 808 780 836 non
808 799 949 848 posset
975 795 1274 837 universaliter

241 863 398 925 vitare,
420 868 555 917 potest
586 869 729 908 tamen
764 867 981 920 quodlibet
1011 867 1273 919 particulari-

240 935 303 974 ter
323 935 483 977 evitare
507 951 514 977 :
540 937 656 987 ideo,
679 941 755 978 etc.

293 1007 360 1047 Ξῐι.
398 1007 561 1051 Cuncta
592 1011 753 1051 tentari
779 1041 790 1059 ,
825 1011 905 1050 etc.
940 1009 1078 1062 Supra
1107 1010 1196 1062 egit
1223 1009 1273 1051 de

240 1079 425 1120 vanitate
448 1080 742 1121 mutabilitatis
775 1083 816 1121 et
847 1081 1082 1134 iniquitatis
1096 1096 1105 1131 ;
1129 1081 1173 1121 in
1195 1081 1273 1122 hac

240 1153 359 1203 parte
379 1151 557 1192 intendit
576 1163 706 1204 agere
725 1151 776 1192 de
794 1153 979 1193 vanitate
1000 1152 1271 1205 poenalitatis.

242 1220 291 1261 Et
310 1221 412 1274 quia
437 1221 595 1275 duplex
621 1225 682 1262 est
711 1234 862 1275 poena,
885 1223 1084 1276 quaedam
1103 1225 1165 1263 est
1183 1234 1274 1275 pec-

242 1293 322 1334 cati
347 1293 530 1343 occasio,
554 1293 661 1334 sicut
690 1293 1053 1346 concupiscentia,
1077 1293 1273 1346 quaedam

242 1367 305 1404 est
322 1377 447 1417 poena
462 1397 473 1416 ,
496 1365 664 1406 afflictio
680 1396 689 1414 ,
712 1364 822 1405 sicut
843 1377 958 1406 mors
989 1368 1030 1405 et
1048 1365 1275 1405 infirmitas

242 1436 430 1488 corporis
453 1449 462 1476 ε
484 1436 578 1477 ideo
599 1436 738 1488 primo
763 1436 854 1488 agit
874 1437 924 1476 de
944 1436 1082 1489 prima
1103 1436 1274 1489 poenali-

239 1507 324 1546 tate
344 1519 441 1559 quae
463 1509 524 1547 est
544 1507 702 1559 peccati
720 1507 904 1556 occasi03
929 1508 1132 1557 secundo,
1155 1508 1205 1549 de
1225 1520 1275 1549 ea

239 1587 335 1628 quae
366 1578 427 1616 est.
454 1588 564 1628 pura
595 1576 790 1626 afflictio,
823 1580 870 1616 ut
902 1577 1054 1617 dicitur
1082 1582 1091 1602 ¹
1116 1591 1125 1617 ε
1153 1593 1172 1616 α
1191 1577 1274 1618 Μθ-

241 1649 386 1687 mento
407 1646 616 1687 Creatoris
635 1647 700 1687 tui
720 1647 764 1687 in
784 1648 850 1688 die
867 1647 1104 1688 afflictionis
1123 1652 1225 1690 tuae.
1247 1663 1267 1687 υ

239 1716 289 1758 Εῖ
307 1718 512 1770 quoniam
528 1729 658 1770 poena
675 1750 684 1768 ,
708 1730 807 1771 quae
826 1721 888 1759 est
910 1719 1068 1771 peccati
1085 1720 1270 1770 occasio,

238 1787 395 1841 duplex
422 1792 483 1829 est
504 1804 512 1830 :
536 1801 623 1830 una
643 1789 800 1830 scilicet
826 1802 880 1830 ex
909 1790 1072 1831 defectu
1098 1791 1270 1842 amoris,

238 1860 279 1898 θῖ
297 1858 389 1900 haec
407 1859 623 1912 pronitas;
648 1860 729 1900 alia
752 1872 805 1900 ex
832 1861 996 1902 defectu
1024 1861 1212 1913 timoris,
1234 1865 1275 1903 θῖ

236 1929 330 1970 haec
349 1933 412 1970 est
437 1930 640 1971 securitas
663 1946 671 1971 :
695 1932 834 1984 prima
854 1933 991 1973 reddit
1017 1945 1200 1986 pronum
1222 1933 1275 1974 ad

237 1999 415 2051 malum,
434 2004 473 2041 et
487 2002 670 2043 secunda
688 2015 903 2054 securum,
920 2003 1021 2056 quia
1038 2015 1124 2044 non
1140 2005 1272 2055 timet,

237 2071 341 2111 dum
373 2084 459 2113 non
488 2073 617 2114 credit
651 2073 797 2125 puniri
821 2088 829 2114 :
856 2074 949 2115 ideo
977 2075 1105 2115 habet
1135 2079 1275 2127 partes

237 2141 343 2182 duas
373 2154 383 2181 :
416 2143 461 2182 in
491 2143 632 2195 prima
662 2144 753 2195 agit
781 2144 832 2185 de
861 2145 1048 2185 vanitate
1083 2145 1271 2197 pronita-

237 2212 303 2263 tis,
319 2212 365 2252 in
384 2213 568 2253 secunda
587 2213 637 2254 de
663 2214 851 2255 vanitate
872 2215 1123 2256 securitatis.
1146 2215 1197 2255 Et
1217 2216 1276 2255 in-

238 2283 338 2336 cipit
355 2284 540 2325 secunda
553 2296 665 2337 parS,
685 2285 759 2325 ubi
774 2285 955 2326 dicitur²
984 2300 991 2327 :
1016 2286 1169 2328 Omnia
1189 2285 1276 2327 liceo

238 2355 539 2405 consideravi,
576 2361 615 2398 et
646 2355 749 2398 dedi
778 2366 848 2399 cor
878 2367 1016 2398 meum
1039 2358 1088 2399 in
1113 2358 1276 2399 eunctis

241 2427 452 2480 operibus,
473 2438 567 2481 quoe
581 2428 694 2479 fiunt
713 2427 789 2470 sub
810 2427 905 2470 sole.
921 2427 973 2468 Et
991 2428 1094 2480 quia
1112 2428 1277 2469 vanitas

239 2499 464 2552 pronitatis
477 2499 826 2553 concupiscentiae
847 2501 908 2539 est
926 2498 1176 2552 periculosa,
1199 2511 1277 2540 nec

238 2570 446 2612 liberatur
480 2571 592 2624 quis,
616 2570 698 2611 nisi
735 2570 895 2612 auxilio
927 2570 1084 2611 divinae
1117 2569 1278 2623 sapien-

239 2641 334 2693 tiae,
353 2642 447 2684 ideo
470 2642 609 2696 primo
634 2644 806 2683 notatur
838 2641 1028 2683 inventio
1060 2642 1278 2695 concupis-

242 2713 407 2754 centiae.

296 2783 492 2826 Secundo
523 2784 807 2836 subJ'ungitur
838 2783 1075 2825 remedium
1107 2783 1274 2837 sapien-

246 2857 333 2907 tiae,
347 2856 406 2897 ibi
423 2858 478 2908 (v.
496 2858 561 2907 30)
576 2870 585 2897 ι
604 2856 714 2909 Quis
731 2856 846 2908 talis,
859 2860 908 2899 ut
921 2857 1091 2909 sapiens
1106 2860 1180 2906 est,
1196 2858 1274 2896 etc..

246 2928 298 2969 Et
319 2928 524 2981 quoniam
548 2928 622 2968 ubi
650 2930 711 2969 est
729 2928 898 2968 latentis
927 2927 1141 2978 inventio,
1164 2938 1276 2980 prae-

244 2999 354 3041 cedit
372 2999 554 3052 diligens
573 3000 791 3053 inquisitio
805 3014 814 3050 ;
838 3000 932 3041 ideo
954 2999 1093 3052 primo
1117 2998 1277 3040 descri-

243 3072 362 3112 bitur
401 3071 586 3123 diligens
621 3071 754 3124 ipsius
792 3071 1011 3124 inquisitio
1039 3085 1049 3120 ;
1093 3070 1279 3112 secundo

245 3142 597 3196 concupiscentiae
617 3141 829 3193 inventio,
852 3141 911 3182 ibi
933 3142 988 3194 (v.
1005 3142 1071 3193 27)
1094 3155 1103 3181 :
1128 3141 1182 3184 Et
1203 3142 1278 3184 in-

244 3215 342 3257 veni
363 3215 618 3257 amariorem
638 3216 788 3264 morte,
816 3215 893 3254 etc.
932 3212 1118 3265 Diligens
1145 3212 1279 3266 ipsius

245 3285 491 3339 inquisitio,
524 3297 622 3338 quae
654 3284 758 3324 adeo
794 3283 976 3335 diligens
1011 3282 1120 3332 fuit,
1151 3285 1202 3323 ut
1232 3283 1277 3323 in

289 3393 415 3434 ¹1nfra,
436 3401 499 3434 xn,
522 3396 602 3425 1.-
622 3393 636 3413 ²
653 3391 757 3431 lnfra,
778 3398 854 3432 v11r,
877 3392 959 3422 9.—
977 3390 988 3409 ³
1010 3389 1128 3429 Eccli„
1154 3396 1204 3430 ιιι,
1224 3391 1276 3421 22.

247 3458 287 3464 —
306 3441 320 3462 δ
340 3441 421 3481 Isa.‚
441 3449 472 3482 v,
493 3443 544 3473 21.
568 3458 603 3463 -
627 3440 640 3462 ⁵
662 3440 670 3471 l
694 3439 786 3478 Corn,
815 3446 867 3478 111,
890 3440 939 3470 18.
961 3456 997 3461 -
1023 3438 1035 3456 ⁶
1054 3438 1158 3477 Rom„
1180 3445 1203 3477 1,
1224 3438 1275 3468 22.

2298 164 2375 203 643

1348 234 1637 276 curiositatem
1667 238 1966 294 degeneraret,
2001 244 2082 285 hoc
2110 246 2256 289 ordine
2286 249 2375 291 des-

1347 304 1712 358 cribitur:pr1mo
1740 312 1877 362 quoad
1910 317 2254 369 praesumptionis
2284 332 2373 362 suae

1347 374 1631 416 curiositatem
1653 392 1662 426 ;
1698 380 1837 431 quoad
1867 385 2112 434 quaestionis
2136 388 2373 432 sublimita-

1347 446 1446 494 tem,
1465 447 1604 497 quoad
1623 449 1870 500 quaestionis
1895 454 2213 499 studiositatem.
2237 459 2373 509 Quan-

1348 516 1439 555 tum
1455 515 1588 567 igitur
1607 518 1659 558 ad
1676 531 1766 561 suae
1787 525 2130 577 praesumptionis
2150 530 2370 572 curiosita-

1347 585 1433 624 tem
1459 600 1468 635 ;
1492 586 1647 629 dicitur
1671 604 1678 631 :
1702 590 1861 635 Cuncta
1880 597 2046 639 tentavi
2066 599 2113 639 in
2134 602 2369 654 sapientia,

1348 655 1389 696 id
1430 660 1515 707 est,
1550 659 1593 699 in
1642 661 1914 714 inquisitione
1947 681 1955 706 :
1991 680 2085 710 ecce
2121 672 2374 714 curiositatis

1349 726 1568 779 inquisitio
1583 761 1596 779 ,
1619 734 1666 771 ut
1681 732 1835 775 dicitur
1855 736 1868 758 ³
1888 751 1896 777 :
1925 753 1943 776 «
1966 739 2012 779 In
2027 739 2221 792 pluribus
2239 745 2375 796 operi-

1347 797 1427 838 bus
1443 799 1536 850 ejus
1549 812 1603 840 ne
1617 802 1746 843 fueris
1772 807 1978 849 curiosus.
2000 824 2020 847 »
2035 810 2147 854 Dixi
2157 825 2171 853 .·
2191 813 2375 866 Sapiens

1348 865 1517 916 efficiar
1538 880 1551 907 .·
1574 880 1667 909 ecce
1695 875 2038 926 praesumptionis
2066 878 2208 930 elatio;
2241 884 2289 922 ut
2319 882 2376 922 di-

1350 936 1460 977 citur
1492 938 1505 958 ¹·
1546 953 1554 979 ε
1583 955 1602 977 (ι
1622 939 1694 981 Vae
1729 942 1802 994 qui
1835 945 2043 997 sapientes
2074 949 2171 989 estis
2212 950 2257 990 in
2282 964 2377 993 ocu-

1348 1007 1400 1047 lis
1430 1009 1605 1062 vestris,
1639 1025 1658 1049 »
1688 1015 1766 1053 etc.
1799 1013 1849 1055 Et
1870 1015 1914 1056 δι
1943 1016 2027 1058 «Si
2057 1019 2154 1072 quis
2185 1024 2377 1064 vestrum

1347 1079 1517 1121 videtur
1537 1094 1628 1123 esse
1647 1083 1813 1136 sapiens
1844 1086 1889 1127 in
1915 1087 1996 1129 hoc
2015 1090 2171 1132 saeculo
2187 1123 2198 1144 ,
2224 1094 2377 1136 stultus

1348 1150 1436 1200 fiat,
1462 1154 1507 1192 ut
1531 1152 1584 1192 sit
1616 1154 1796 1207 sapiens.
1824 1170 1843 1194 ›)
1869 1157 2084 1207 Quantum
2116 1162 2168 1202 ad
2198 1163 2375 1216 inquisi-

1348 1221 1474 1262 tionis
1501 1224 1804 1268 sublimitatem
1821 1260 1831 1279 ,
1854 1229 1958 1270 d³cit
1980 1245 1989 1272 ι
2009 1232 2066 1275 Et
2083 1233 2182 1286 ipsa
2210 1235 2378 1288 longius

1348 1295 1521 1337 recessit
1531 1305 1558 1336 a
1568 1298 1708 1347 me,(v.
1722 1299 1786 1349 25)
1797 1309 1923 1350 quam
1931 1308 2020 1343 erat
2026 1304 2161 1356 prius,
2175 1306 2277 1359 quia
2288 1307 2378 1349 visa

1348 1365 1410 1402 est
1432 1364 1470 1404 ei
1492 1366 1672 1417 quaestio
1692 1367 1925 1421 difficilior,
1946 1372 2049 1413 dum
2070 1376 2210 1427 magis
2230 1376 2377 1430 inqui-

1349 1437 1460 1474 reret
1497 1447 1506 1475 :
1539 1439 1580 1476 et
1609 1436 1688 1478 hoc
1719 1438 1852 1480 divini
1880 1442 2030 1494 Judicii
2061 1446 2284 1488 severitate
2318 1448 2331 1469 ⁶
2366 1463 2375 1490 :

1355 1518 1373 1541 «
1403 1504 1592 1547 Dicentes
1634 1520 1677 1549 se
1724 1522 1813 1551 esse
1854 1513 2086 1566 sapientes,
2124 1516 2242 1558 stulti
2282 1519 2378 1561 facti

1349 1577 1463 1616 sunt.
1488 1590 1508 1614 »
1533 1577 1583 1618 Et
1610 1581 1857 1631 quaestionis
1886 1583 2150 1627 altitudinem
2164 1602 2174 1638 ;
2197 1588 2290 1630 ideo
2310 1590 2378 1631 di-

1349 1645 1403 1684 cit
1434 1657 1443 1684 :
1483 1649 1543 1690 Et
1587 1649 1675 1691 alta
1709 1653 2014 1707 profunditas,
2052 1658 2151 1709 quis
2192 1660 2380 1704 inveniet

1350 1718 1472 1758 eam?
1497 1718 1592 1760 Alta
1620 1724 1682 1762 est
1707 1724 1970 1775 profunditas
1994 1727 2280 1781 inquisitionis
2309 1745 2376 1774 sa—

1348 1788 1538 1841 pientiae,
1567 1795 1615 1833 ut
1641 1793 1794 1836 dicitur
1823 1801 1837 1821 ⁷
1871 1811 1880 1838 2
1910 1813 1929 1836 α
1953 1798 2047 1851 Ego
2085 1801 2131 1842 in
2161 1802 2378 1846 altissimis

1348 1858 1554 1913 habitavi,
1571 1866 1611 1905 et
1624 1864 1805 1908 thronus
1819 1880 1941 1910 meus
1956 1869 2001 1911 in
2014 1871 2212 1914 columna
2230 1875 2373 1927 nubis,

1349 1934 1390 1971 θῖ
1410 1932 1503 1973 ideo
1524 1935 1620 1987 quis
1653 1930 1789 1989 potest
1817 1939 2040 1981 invenire?
2059 1957 2078 1980 ))
2105 1942 2232 1985 Pauci
2259 1947 2378 1987 suffi-

1351 2002 1521 2054 cienter,
1544 2005 1616 2046 sed
1636 2007 1744 2047 nulli
1763 2010 1958 2061 perfecte.
1995 2015 2008 2037 ⁸
2034 2027 2053 2051 «
2072 2012 2132 2055 Ne
2152 2014 2377 2058 laboretis:

1352 2084 1439 2112 non
1459 2074 1573 2114 enim
1604 2079 1984 2130 comprehendetis,
2007 2097 2026 2120 ι)
2049 2083 2101 2126 Εῖ
2118 2085 2131 2107 ⁹
2154 2098 2164 2126 :
2191 2102 2210 2126 α
2234 2087 2264 2128 Ο
2293 2088 2383 2130 alti-

1351 2144 1454 2184 tudo
1472 2144 1720 2188 divitiarum
1740 2150 1958 2203 sapientiae
1974 2156 2015 2194 et
2033 2155 2219 2199 scientiae
2239 2157 2333 2199 Deil
2357 2173 2376 2197 »

1352 2214 1568 2263 Quantum
1600 2218 1653 2258 ad
1683 2220 2027 2264 considerationis
2059 2228 2350 2270 strenuitatem
2366 2262 2379 2280 ,

1353 2287 1394 2325 et
1413 2286 1639 2339 subjungit
1666 2289 1723 2341 (v.
1747 2291 1810 2344 26)
1838 2305 1848 2333 ε
1877 2293 2084 2339 Lustravi
2113 2299 2316 2342 universa
2333 2302 2383 2344 in

1354 2356 1499 2398 animo
1531 2368 1619 2400 meo
1639 2390 1649 2410 ,
1682 2359 1725 2400 id
1757 2364 1818 2402 est
1851 2363 2054 2416 circuivi,
2087 2370 2127 2408 et
2157 2368 2385 2422 diligenter

1352 2426 1540 2480 undique
1568 2430 1846 2473 consideravi.
1876 2434 1904 2459 ¹⁰
1929 2450 1949 2473 α
1968 2435 2095 2485 Quasi
2122 2438 2158 2478 is
2187 2441 2262 2493 qui
2291 2446 2384 2483 arat

1353 2500 1393 2537 ct
1419 2498 1491 2550 qui
1520 2499 1721 2552 seminat,
1746 2503 1895 2545 accede
1924 2505 1977 2547 ad
2007 2506 2138 2549 illam.
2159 2524 2179 2548 »
2204 2509 2256 2552 Et
2275 2512 2383 2554 ratio

1354 2579 1531 2610 movens
1566 2571 1759 2623 tangitur
1791 2587 1800 2613 ε
1843 2574 1894 2618 Ut
1920 2577 2094 2628 scirem,
2129 2579 2174 2620 in
2204 2581 2379 2634 habitu3

1354 2642 1393 2681 et
1423 2641 1762 2694 considerarem,
1794 2644 1838 2685 in
1868 2648 1965 2688 actu
1993 2662 2002 2689 :
2028 2649 2313 2705 Sapientiam,
2338 2654 2385 2695 in

1353 2712 1607 2763 appetitibus
1632 2728 1642 2764 ;
1675 2714 1899 2758 Rationem
1921 2750 1931 2769 ,
1962 2718 2007 2759 in
2035 2722 2261 2774 operibus3
2292 2727 2334 2766 et
2361 2737 2385 2766 e

1354 2782 1586 2835 contrario,
1610 2784 1660 2827 Ut
1679 2795 1963 2839 coqnoscerem
1991 2791 2257 2845 impietatem
2276 2796 2383 2838 stul-

1355 2853 1416 2904 ti,
1443 2853 1487 2894 in
1509 2855 1760 2908 operandiS,
1782 2859 1843 2901 Et
1859 2868 2039 2903 errorem
2055 2862 2319 2916 prudentiae,
2339 2866 2383 2906 in

1354 2924 1587 2977 credendis,
1606 2929 1655 2967 ut
1671 2927 1824 2970 dicitur
1835 2930 1883 2970 1¹:
1904 2945 1924 2969 «
1942 2931 2042 2973 Dedi
2062 2946 2134 2975 cor
2151 2947 2316 2988 meum,
2337 2939 2386 2977 ut

1354 2995 1507 3037 scirem
1539 2997 1812 3050 prudentiam
1837 3002 1963 3054 atque
1988 3002 2245 3058 doctrinam,
2268 3018 2384 3049 erro-

1354 3079 1506 3120 resque
1527 3070 1568 3108 et
1587 3068 1826 3110 stultitiam.
1848 3085 1868 3107 »

1408 3139 1470 3182 Et
1491 3139 1664 3190 inveni,
1686 3142 1765 3181 ete.
1787 3139 1999 3195 Descripta
2023 3146 2086 3185 est
2114 3145 2297 3199 diligens
2315 3148 2387 3189 in-

1354 3209 1527 3263 quisitio
1546 3224 1556 3260 ;
1573 3210 1819 3252 describitur
1838 3211 1907 3254 hic
1926 3216 2275 3270 concupiscentiae
2294 3233 2385 3262 car-

1354 3280 1463 3321 nalis
1502 3280 1691 3322 inventio
1708 3313 1718 3331 ,
1759 3284 1800 3322 et
1837 3287 2043 3336 quantum
2091 3288 2143 3329 ad
2181 3290 2387 3344 triplicem

1354 3402 1394 3408 —
1419 3386 1428 3404 ⁷
1451 3384 1575 3426 Ecclzz,
1594 3393 1691 3427 xxw,
1712 3389 1743 3418 7.
1767 3405 1806 3411 —
1825 3388 1839 3410 ⁸
1859 3389 1977 3432 Eccli„
1995 3400 2102 3434 nur,
2123 3396 2173 3427 34.
2194 3413 2233 3419 —
2252 3398 2264 3415 ⁹
2282 3397 2386 3436 Rom,

1355 3440 1404 3473 xx,
1423 3434 1474 3465 33.
1496 3450 1537 3456 —
1557 3434 1584 3455 ¹0
1603 3434 1721 3475 Eccli.,
1745 3443 1791 3476 νι,
1815 3438 1862 3469 19.
1880 3455 1921 3461 -
1942 3439 1966 3461 ¹¹
1988 3441 2107 3483 Supra,
2127 3449 2149 3480 ι,
2174 3444 2221 3474 17.
