2633 3878
180 249 252 277 vni

180 323 365 366 textibus
385 318 683 371 locupletatum
706 328 714 354 ε
737 314 782 353 in
801 311 957 365 quibus
976 305 1242 360 exponendis
1262 304 1437 356 perinde
1457 306 1585 346 scatet
1606 306 1795 358 mysticis
1831 307 2043 360 sensibus,
2077 309 2185 349 sieut
2203 309 2302 350 alibi

181 399 349 454 passim.
372 396 566 441 Ne‘mz‘um
586 391 757 445 quidem
784 391 906 431 vocat
935 386 979 427 in
1006 381 1260 437 hujusmodi
1291 382 1483 423 Sensibus
1517 383 1826 426 eruditissimus
1855 385 2144 427 benedictinus
2175 387 2303 428 abbas

181 475 452 528 Augustinus
471 470 679 511 Calmetus
692 498 705 518 ‚
725 467 796 507 sed
817 467 1032 506 auctorem
1058 461 1196 502 adhue
1228 461 1426 499 sanctum
1455 459 1799 502 Bonaventuram
1820 463 2013 514 agnoscit
2033 467 2059 504 ¹.
2089 463 2134 504 Si
2161 464 2304 505 confe-

182 556 301 594 ratur
320 548 432 602 quod
451 546 532 587 alio
550 545 595 585 in
613 545 703 585 loco
723 543 835 583 idem
852 541 1150 581 Bonaventura
1170 535 1312 587 inquit
1331 549 1341 575 ε
1364 535 1516 587 «Ignis
1537 538 1599 577 est
1615 537 1851 580 devotionis
1867 539 2024 591 fervor,
2045 539 2120 592 qui
2139 551 2305 592 semper

183 631 223 669 in
244 626 365 669 altari
385 623 523 665 cordis
543 620 688 662 ardere
714 618 855 667 debet,
893 627 1021 669 quem
1052 612 1247 654 sacerdos
1279 611 1457 653 devotus
1484 625 1650 666 semper
1689 614 1971 666 (subjiciendo
2001 616 2121 668 ligna
2148 616 2305 658 divinae

183 704 328 756 laudis)
344 702 467 744 debet
486 697 661 747 nutrire,
675 707 729 736 ne
743 693 968 746 aliquando
982 691 1261 742 extinguatur
1272 688 1286 709 ²
1303 700 1344 728 :n
1359 688 1394 728 si
1407 688 1502 740 hoc,
1527 690 1719 743 inquam,
1739 692 1982 733 conferatur
2001 704 2098 733 eum
2110 705 2160 734 eo
2172 724 2182 742 ,
2195 693 2306 746 quod

185 782 329 821 auctor
347 773 722 832 praesentisoperis
741 772 841 813 dicit
863 782 873 811 ε
899 784 918 808 (ι
938 768 1057 820 Ignis
1082 768 1160 808 iste
1193 777 1281 806 non
1316 768 1379 805 est
1402 766 1449 806 in
1480 768 1683 819 potestate
1706 769 1875 817 nostra;
1911 768 1983 809 sed
2012 768 2047 808 si
2077 769 2188 810 Deus
2212 770 2304 821 dat,

186 857 449 899 sacerdotum
469 857 531 895 est
549 852 713 893 nutrire
733 851 744 890 i
751 861 881 902 gnem
897 879 907 897 ‚
928 850 969 888 et
987 845 1194 897 subjicere
1213 843 1334 894 ligna
1353 854 1429 896 per
1448 843 1686 884 orationem
1701 843 1729 894 ³,
1742 858 1761 882 »
1788 844 1902 885 idem
1923 845 2012 898 ipse
2031 850 2177 888 auctor
2197 848 2309 890 vide-

185 934 315 975 bitur.
338 932 386 972 In
404 930 551 971 eodem
570 927 945 970 Illzcmz'nacz'onzcm
963 935 1090 976 opere
1108 920 1484 963 Bonaventuriana
1511 932 1684 973 quoque
1714 921 1839 962 dIctio
1858 923 2014 975 passim
2037 925 2242 976 occurrit,
2263 937 2312 966 ac

188 1022 299 1063 saepe
321 1009 469 1049 citatur
488 1006 598 1046 inter
618 1004 784 1045 Graecos
804 1001 1029 1055 Dionysius
1045 1031 1057 1050 ,
1080 1010 1194 1051 saepe
1217 996 1374 1050 saepius
1399 997 1508 1037 inter
1540 996 1713 1038 Latinos
1732 999 2004 1051 Augustinus
2018 1031 2030 1051 ,
2057 1001 2181 1054 cujus
2199 1013 2311 1054 prae-

188 1089 308 1140 cipue
327 1085 568 1137 allegantur
586 1082 683 1123 libri
702 1081 753 1122 de
778 1080 958 1123 Cz‘vz‘tczte
979 1077 1086 1127 Dei,
1106 1076 1295 1129 quidque
1323 1075 1590 1125 contineant,
1613 1076 1864 1117 declaratur.
1889 1075 2066 1130 Insuper
2084 1077 2313 1119 laudantur

190 1165 300 1205 inter
323 1163 488 1204 Graecos
509 1159 651 1201 Patres
671 1158 899 1211 Origenes,
925 1155 1205 1203 Athanasius,
1228 1152 1421 1203 Basilius,
1442 1152 1730 1206 Epiphanius,
1756 1155 1988 1207 Gregorius
2006 1154 2309 1207 Nazianzenus,

190 1241 418 1294 Gregorius
439 1238 675 1292 Nyssenus‚
698 1236 1048 1290 Chrysostonius,
1073 1233 1377 1281 Damascenus3
1399 1230 1510 1271 inter
1531 1230 1700 1272 Latinos
1722 1235 1865 1272 autem
1885 1232 2095 1284 Hilarius,
2118 1232 2309 1283 Orosius,

190 1320 451 1369 AmbrosiuS,
480 1317 780 1369 HieronynmS‚
804 1314 1046 1364 Cassianus,
1071 1310 1319 1364 Gregorius,
1341 1308 1584 1360 Anselmus,
1606 1308 1860 1361 Bernardus,
1885 1309 2037 1361 Hugo,
2060 1309 2310 1361 RicharduS,

191 1399 330 1439 Abbas
351 1395 651 1443 Vercellensis;
675 1394 785 1434 inter
806 1393 1007 1433 Hebraeos
1028 1390 1166 1431 Phito.
1194 1388 1308 1428 Inter
1330 1387 1528 1428 Ethnicos
1552 1386 1823 1439 philosophos
1844 1388 2057 1439 praecipue
2074 1374 2313 1430 memoran-

193 1478 260 1515 tur
288 1473 404 1514 Plato
436 1475 476 1513 et
505 1469 762 1512 Aristoteles.
796 1468 955 1510 Citatur
981 1467 1095 1509 idem
1124 1464 1365 1506 Aristoteles
1395 1462 1628 1505 secundum
1659 1476 1803 1505 ornnes
1834 1463 2020 1506 doctores
2050 1476 2238 1518 qraecos,
2270 1471 2318 1506 ut

197 1550 452 1603 Greqoriwn
472 1549 715 1601 Nyssenwn
730 1578 742 1597 ,
768 1544 1024 1599 Greqormm
1043 1543 1373 1588 Nazz'anzenum
1383 1573 1397 1593 ,
1420 1543 1736 1583 Danwseenwn
1750 1572 1763 1592 ,
1785 1541 2017 1592 Basiliam,
2039 1546 2080 1582 ec
2096 1546 2317 1584 sectatores

195 1627 387 1667 omniurn
407 1625 616 1668 Arabum.
643 1623 804 1663 Dicitur
833 1621 1026 1662 Plotinus
1048 1621 1157 1661 inter
1178 1619 1463 1674 philosophiae
1489 1619 1751 1672 professores
1772 1630 1869 1659 eum
1899 1619 2078 1661 Platone
2094 1620 2315 1673 princeps,

195 1709 235 1744 et
266 1703 548 1744 nobilissimus
579 1700 629 1741 cle
655 1704 766 1741 secta
794 1698 1001 1740 Platonis.
1024 1697 1276 1749 Allegantur
1305 1694 1677 1749 deniqueiTullius
1703 1700 1821 1736 seetoe
1849 1694 2128 1746 aeademz‘coe,
2155 1695 2316 1738 Macro-

196 1780 311 1830 bius,
337 1779 599 1828 Priscianus,
623 1780 663 1817 et
693 1787 936 1828 anonymus
961 1774 1067 1814 liber
1098 1773 1148 1814 cle
1183 1773 1349 1816 Causas,
1385 1772 1480 1814 Non
1499 1775 1641 1814 tamen
1666 1774 1760 1815 vult
1778 1774 1934 1815 harum
1959 1773 2319 1815 illuminationum

197 1861 355 1907 auctor,
375 1860 423 1898 ut
441 1856 569 1896 nimis
588 1854 805 1895 insistatur
817 1851 1174 1906 philosophorum
1188 1851 1425 1905 seripturis,
1448 1850 1520 1891 sed
1540 1849 1746 1890 duntaxat
1766 1848 2038 1899 transeundo,
2054 1851 2094 1890 et
2115 1848 2316 1900 furando,

198 1939 238 1976 et
257 1937 381 1988 quasi
402 1934 460 1974 ibi
478 1945 565 1974 non
578 1929 889 1985 permanendo.
910 1928 1197 1977 Quamobrem
1217 1927 1327 1969 serio
1346 1929 1492 1968 monet
1507 1927 1760 1977 cavendum,
1783 1938 1836 1966 ne
1855 1926 2053 1979 maqz'strz'
2065 1926 2193 1967 nimis
2212 1938 2321 1968 com-

199 2010 398 2052 mendent
424 2015 464 2050 et
490 2009 783 2063 appretientur
814 2006 926 2047 clieta
948 2004 1302 2059 philosophorum
1326 2005 1355 2046 ⁴.
1390 2004 1492 2046 Vult
1521 2005 1697 2057 insuper
1716 2005 1956 2045 cautionem
1978 2003 2259 2045 adhibendam
2278 2002 2322 2043 in

199 2088 392 2131 Summis
412 2086 719 2140 maqe'strorum
734 2096 748 2126 .·
768 2098 788 2123 α
802 2095 988 2136 namque
1007 2083 1052 2123 in
1072 2083 1139 2123 his
1160 2082 1289 2124 homo
1310 2082 1431 2124 debet
1450 2094 1621 2133 cavere,
1643 2085 1692 2124 ut
1711 2093 1878 2135 semper
1896 2082 2110 2123 adhaereat
2126 2081 2210 2125 viae
2229 2093 2319 2123 ma-

202 2165 269 2216 gis
288 2164 501 2206 communi
519 2165 545 2204 ⁵.
567 2178 586 2201 n

256 2243 293 2279 3.
317 2239 525 2280 Praeterea
541 2238 673 2290 huius
693 2237 832 2291 operis
850 2238 996 2278 auctor
1014 2237 1172 2278 attente
1202 2236 1364 2289 legenti
1391 2239 1564 2289 apparet
1582 2237 1743 2279 nedum
1762 2238 1806 2278 in
1826 2237 1981 2280 divinis
1999 2237 2147 2279 litteris
2160 2268 2170 2288 ,
2192 2237 2264 2279 sed
2284 2240 2325 2279 et

202 2318 246 2357 in
268 2316 499 2368 Theologia
517 2315 781 2364 scholastica,
805 2315 1046 2367 dogmatica
1062 2347 1072 2366 ,
1096 2317 1137 2356 et
1155 2316 1333 2368 mystica
1348 2347 1359 2366 ,
1381 2317 1474 2356 tum
1510 2327 1680 2369 quoque
1704 2315 1749 2356 in
1771 2315 1954 2357 Historia
1979 2314 2255 2356 ecclesiastica
2283 2317 2324 2355 et

202 2392 492 2447 philosophica
510 2392 686 2445 egregie
706 2393 978 2444 exercitatus,
1001 2392 1260 2446 exhibetque
1279 2392 1486 2434 nonnulla
1504 2393 1778 2435 scientiarum
1799 2393 2050 2447 specimina,
2073 2393 2201 2435 etiam
2221 2393 2322 2435 Geo-

206 2470 365 2511 metrIae
380 2502 390 2521 ,
415 2470 615 2522 Algebrae
631 2502 641 2521 ,
665 2469 945 2523 Perspectivae
959 2501 970 2519 ,
991 2470 1095 2511 dum
1115 2470 1411 2511 similitudines
1431 2470 1560 2511 trahit
1581 2483 1635 2512 ex
1666 2472 1861 2523 trigono,
1895 2473 2120 2523 tetragono
2134 2502 2147 2522 ,
2174 2473 2324 2524 penta-

206 2559 342 2599 gono,
380 2560 433 2588 ex
464 2548 654 2588 numeris
683 2547 840 2588 cubicis
868 2550 909 2588 et
941 2548 1177 2601 quadratis,
1213 2560 1268 2589 ex
1295 2548 1423 2589 radiis
1455 2548 1635 2599 directo,
1668 2548 1854 2599 reflexo,
1889 2549 2045 2599 fracto,
2087 2559 2140 2588 ex
2165 2547 2325 2600 angulo

204 2627 339 2674 recto,
363 2624 535 2675 obtuso,
558 2626 599 2665 et
618 2626 764 2675 acuto,
786 2627 863 2666 ete.
887 2623 971 2665 Nee
1001 2625 1287 2677 praetermittit
1315 2625 1656 2676 Astronomiam,
1678 2638 1726 2666 ac
1746 2625 1973 2678 nequidem
1996 2627 2106 2666 artes
2125 2625 2324 2667 sermoci-

205 2700 344 2750 nales,
383 2700 732 2750 Grammaticam,
769 2700 1054 2750 Rhetoricam‚
1087 2701 1310 2752 Logicam,
1351 2702 1571 2755 ipsamque
1602 2702 1870 2752 Prosodiam,
1903 2704 1944 2742 et
1967 2701 2195 2743 Metricam.
2227 2702 2322 2744 Non

205 2776 298 2816 silet
316 2776 597 2818 Astronomiae
616 2776 851 2829 periculum
883 2779 1051 2829 propter
1066 2777 1228 2829 judicia
1253 2778 1282 2827 ⁶,
1315 2779 1378 2818 uti
1404 2778 1534 2819 etiam
1560 2778 1836 2831 praefatarum
1872 2778 2029 2819 artium
2049 2778 2167 2820 vitia.
2198 2779 2324 2820 Docet

206 2852 396 2893 sobrium
414 2853 687 2893 scientiarum
707 2852 996 2894 humanarum
1015 2865 1143 2895 usum
1159 2885 1169 2904 ,
1190 2853 1313 2907 quia,
1335 2854 1494 2907 inquit,
1525 2869 1544 2893 «
1563 2855 1802 2908 periculum
1822 2857 1884 2896 est
1904 2855 1950 2895 in
1970 2854 2151 2896 scientiis
2165 2885 2176 2903 ,
2211 2854 2325 2907 quod

206 2933 371 2970 tantum
391 2930 602 2972 diffundat
620 2942 664 2971 se
692 2930 821 2972 homo
841 2942 917 2983 per
946 2930 1325 2972 considerationem
1345 2932 1502 2973 harum
1523 2932 1816 2982 scientiarum,
1845 2933 1894 2972 ut
1914 2933 2059 2985 postea
2078 2931 2131 2972 ad
2149 2932 2324 2973 domum

206 3004 433 3058 Scripturae
454 3007 591 3048 redire
611 3018 696 3047 non
716 3007 849 3059 possit
867 3007 895 3047 ⁷.
913 3021 932 3045 ›>
951 3006 1090 3047 Utitur
1109 3008 1365 3060 quandoque
1385 3008 1652 3050 versionibus
1672 3008 1827 3050 divinae
1848 3008 2077 3060 Scripturae
2096 3019 2121 3048 a
2138 3007 2326 3060 Vulgata

205 3081 492 3133 variantibus;
524 3095 649 3134 nam,
681 3084 799 3124 verbi
821 3083 982 3136 gratia,
1007 3096 1084 3137 pro
1116 3084 1188 3125 illo
1221 3084 1442 3137 Vulgatae,
1476 3085 1649 3138 Habac.,
1683 3099 1753 3138 111,
1775 3089 1799 3126 Ξ
1823 3087 1907 3128 :In
1937 3086 2078 3127 medio
2110 3097 2324 3127 annorum

207 3163 355 3198 notum
378 3159 511 3210 facies
526 3191 538 3210 ,
560 3162 702 3200 noster
724 3161 869 3200 auctor
897 3161 1129 3202 secundum
1151 3161 1431 3214 Septuaginta
1460 3163 1774 3204 translationem
1792 3162 1899 3215 legit
1921 3177 1929 3203 :
1963 3163 2017 3204 In
2044 3162 2182 3204 medio
2214 3162 2325 3203 duo-

208 3245 304 3272 rum
325 3234 581 3275 animalium
604 3237 864 3289 coqnoseerz's
882 3236 914 3287 ⁸3
937 3249 1014 3290 pro
1034 3237 1105 3278 illo
1138 3237 1292 3278 Psalmi
1312 3250 1397 3289 vn,
1424 3238 1474 3278 ll»
1499 3253 1507 3280 ε
1529 3239 1722 3292 Sassz‘ttas
1745 3251 1844 3280 suas
1875 3238 2118 3280 ardenlz'bus
2151 3237 2291 3290 effecit
2307 3269 2322 3289 ,

210 3309 302 3360 Ipse
321 3309 443 3351 habet
458 3312 650 3353 ardentes
668 3317 696 3363 ⁹,
718 3325 847 3366 quam
867 3313 1038 3366 quidem
1059 3314 1282 3355 lectionem
1303 3314 1503 3368 pleraque
1532 3315 1661 3356 latina
1686 3315 1912 3365 exhibent,
1935 3316 2039 3355 teste
2059 3315 2202 3355 sancto
2232 3313 2320 3354 Au-

254 3429 259 3444 ¹
281 3427 316 3458 In
336 3427 496 3462 Bi'bliotla.
516 3441 594 3471 sac„
612 3440 688 3473 pag.
709 3433 762 3472 31,
783 3431 863 3463 edit.
884 3431 969 3465 Ven.
990 3433 1121 3463 1757.-
1142 3433 1155 3453 ²
1176 3433 1223 3463 De
1240 3442 1297 3464 sex
1315 3433 1379 3464 alis
1397 3433 1583 3474 Seraphim,
1605 3444 1634 3468 c,
1656 3442 1731 3466 vui.
1748 3451 1782 3456 —-
1804 3433 1818 3455 ³
1838 3435 1947 3466 serm.
1970 3439 2006 3464 11.
2020 3449 2061 3456 -
2079 3432 2094 3455 ⁶
2113 3432 2222 3464 Serm.
2246 3438 2321 3464 xlx.

209 3489 247 3495 -
266 3473 276 3491 ⁸
297 3473 380 3505 lbid.
400 3491 440 3498 —
458 3476 472 3498 Θ
492 3478 601 3508 serm.
625 3486 668 3510 iv.
687 3495 726 3502 —
748 3477 759 3498 ⁷
783 3480 891 3510 Serm.
914 3485 997 3510 xvii.
1022 3496 1056 3502 —-
1080 3478 1094 3501 ⁸
1114 3480 1222 3512 Serm.
1245 3488 1268 3512 1.
1290 3497 1329 3503 —
1351 3481 1364 3502 ⁹
1385 3482 1492 3514 Serm.
1514 3488 1600 3513 xv11.
