2633 3878
1104 149 1346 191 PSALMUS
1377 148 1550 190 CXVlll.

256 245 446 291 secundo,
469 243 629 281 devotio
644 254 656 288 ;
678 240 806 286 tertio,
827 237 1122 285 contemplatio.
1142 239 1193 273 De
1211 237 1288 284 pri-

256 318 323 345 mo
350 306 543 355 Propheta
565 302 698 352 psallit
716 302 728 324 ²
749 314 760 336 ε
783 315 800 333 «
823 299 983 337 Gladius
1011 309 1150 335 eorum
1174 298 1290 335 intret

255 369 297 406 in
316 368 439 406 corda
452 368 643 414 ipsorum.
659 376 678 397 n
693 365 763 400 Iste
776 361 930 407 gladius
944 362 1000 396 est
1016 360 1287 407 compunctio-

256 433 316 469 nis
333 432 506 476 affectus,
536 426 825 465 desideriorum
840 422 1083 468 mortalium,
1097 424 1288 469 tanquam

257 493 510 530 inimicorum
529 488 765 532 moralium,
784 484 1060 522 interfectivus.
1083 485 1133 520 De
1153 494 1290 520 secun-

257 554 310 591 do
330 551 661 598 psalmographus
682 548 776 585 dicit
790 546 803 567 ²
825 559 833 583 :
863 559 879 580 ι(
900 548 1015 583 Intret
1045 545 1169 581 oratio
1200 556 1290 582 mea

257 614 297 651 in
325 615 537 661 conspectu
555 615 646 648 tuo:
677 623 694 645 »
716 620 804 646 ecce
832 608 1012 644 introitus
1039 606 1260 643 devotionis
1276 635 1288 653 ‚

258 686 338 724 quo
358 675 586 718 introimus,
608 683 698 709 cum
714 681 786 718 per
805 669 975 706 invicem
994 667 1287 704 intervenimus.

257 739 308 774 De
327 736 439 774 tertio
459 733 790 780 psalmographus
817 730 951 767 scribit
970 731 984 752 ⁸
1009 742 1017 766 :
1042 742 1060 763 «
1079 731 1122 765 Ut
1142 739 1289 775 cogno-

258 808 408 834 scerem
425 798 524 842 hoc,
554 795 671 832 labor
691 795 747 830 est
767 795 855 829 ante
878 802 942 828 me
957 819 969 836 ,
999 791 1126 827 donec
1150 791 1292 827 intrem

258 860 300 896 in
318 859 585 896 sanctuarium
604 857 670 894 Dei
684 869 693 893 ε
706 869 724 891 »
743 866 831 892 ecce
851 853 1031 890 introitus
1053 853 1292 901 contempla-

258 922 396 968 tionis,
425 931 506 968 quo
535 919 770 963 introimus,
798 927 889 953 cum
914 916 1212 952 illuminationis
1233 916 1293 952 di-

257 984 358 1020 vinae
374 982 509 1020 radios
526 980 765 1017 invenimus.
781 978 840 1015 Ad
853 978 1055 1014 introitum
1072 978 1292 1014 secundum

258 1046 405 1093 spectat
422 1043 592 1081 verbum
610 1040 874 1090 propositum.

574 1146 758 1182 Articulus
784 1144 968 1180 secundus,

305 1228 570 1267 Praestolando
600 1227 755 1275 pulsat,
789 1236 880 1262 cum
910 1226 1088 1273 sequitur
1111 1238 1119 1262 :
1142 1227 1185 1262 In
1213 1236 1294 1261 con-

257 1296 379 1340 spectu
405 1295 480 1328 tuo.
507 1291 580 1327 Iste
606 1299 780 1336 namque
810 1290 1041 1335 conspectus
1068 1290 1124 1324 est
1152 1287 1295 1324 divinae

257 1353 409 1402 pietatis
428 1352 603 1390 intuitus,
634 1351 694 1388 Sic
722 1350 948 1398 pulsamus,
971 1360 1062 1386 cum
1093 1350 1135 1385 in
1160 1349 1296 1386 divina

256 1416 418 1463 pietate,
439 1423 523 1450 non
541 1413 582 1449 in
602 1415 736 1449 nostra
754 1412 896 1448 virtute
912 1439 923 1456 ,
956 1411 1118 1457 figimus
1147 1411 1295 1447 ancho—

257 1488 344 1515 ram
364 1476 447 1523 spei
465 1478 619 1512 nostrae.
641 1474 701 1511 Sic
719 1473 873 1521 pulsat,
891 1473 959 1520 qui
981 1473 1124 1509 divinae
1142 1473 1296 1520 pietatis

258 1537 570 1576 consolationem
590 1535 834 1572 confidenter
855 1536 1046 1582 expectat.
1079 1534 1155 1571 Sed
1181 1537 1294 1581 nota,

259 1599 371 1648 quod
399 1599 497 1635 sicut
519 1597 663 1644 legitur
689 1596 730 1632 in
764 1596 981 1643 Scriptura,
1018 1596 1059 1632 in
1085 1599 1298 1643 conspectu

258 1661 325 1698 Dei
348 1661 532 1697 dicuntur
551 1658 618 1696 alii
639 1658 855 1706 lacrymari
874 1685 884 1703 ,
905 1657 971 1694 alii
993 1657 1213 1705 deprecari,
1231 1657 1297 1694 alii

259 1722 423 1770 epulari.
454 1721 601 1766 Quaeris
609 1749 620 1767 ,
651 1721 816 1768 quinam
855 1722 944 1756 sunt
974 1719 1065 1755 isti?
1097 1719 1298 1767 Numquid

259 1784 380 1830 nosti,
403 1783 514 1831 quod
540 1781 815 1830 poenitentium
841 1784 896 1818 est
918 1781 1155 1829 lacrymari,
1178 1780 1297 1828 profi-

261 1845 446 1883 cientium
465 1842 691 1892 deprecari,
717 1843 980 1892 perfectorum
1002 1843 1166 1880 delicias
1186 1844 1297 1879 aeter-

260 1917 331 1944 nas
349 1906 672 1954 praegustantium
693 1905 872 1954 epulari?
887 1907 938 1942 De
957 1904 1088 1952 primo
1107 1915 1178 1952 per
1197 1904 1300 1941 psal-

260 1969 525 2016 mographum
545 1968 689 2004 dicitur
706 1967 719 1989 ὁ
741 1979 749 2003 :
777 1969 920 2011 «Deus,
940 1967 1062 2003 vitam
1080 1977 1212 2003 meam
1233 1977 1299 2003 an-

260 2030 439 2067 nuntiavi
456 2030 555 2075 tibi,
582 2029 749 2077 posuisti
778 2029 975 2076 lacrymas
1001 2039 1109 2065 meas
1137 2028 1179 2064 in
1207 2039 1299 2066 con-

262 2095 397 2140 spectu
415 2094 484 2129 tuo
503 2103 512 2128 ε
528 2105 546 2127 »
569 2091 639 2128 ubi
659 2091 836 2139 loquitur
855 2101 903 2127 ex
920 2100 1089 2137 persona
1107 2090 1299 2138 poeniten-

261 2154 309 2191 tis
339 2154 380 2190 in
408 2155 620 2201 conspectu
643 2154 710 2190 Dei
733 2152 1002 2200 lacrymantis.
1031 2154 1081 2188 De
1102 2152 1298 2198 secundo,

262 2215 312 2252 de
333 2216 507 2264 sapiente
536 2215 771 2252 scribitur⁵z
798 2215 910 2251 «Cor
943 2225 1058 2251 suum
1089 2214 1216 2251 tradet
1247 2214 1300 2251 ad

261 2277 509 2325 vigilandum
530 2277 694 2314 diliculo
720 2277 772 2313 ad
799 2276 1010 2313 Dominum
1037 2276 1105 2323 qui
1130 2276 1220 2313 fecit
1250 2276 1298 2312 il-

262 2339 364 2385 lum,
386 2342 422 2375 et
440 2338 482 2375 in
500 2341 712 2385 conspectu
732 2337 914 2374 Altissimi
936 2338 1212 2383 deprecabitur
1240 2350 1248 2374 :
1278 2352 1295 2373 »

263 2400 351 2436 talis
370 2400 526 2447 sapiens
547 2402 603 2436 est
616 2399 842 2446 proficiens,
862 2398 904 2434 in
924 2401 1135 2446 conspectu
1151 2399 1299 2435 Altissi-

264 2461 318 2498 mi
346 2472 482 2509 preces
520 2461 704 2498 fundens.
740 2463 792 2497 De
824 2460 936 2497 tertio
969 2471 1040 2508 per
1066 2454 1300 2508 prophetam

263 2522 443 2570 psallitur
457 2523 494 2559 ⁶:
513 2535 530 2557 «
542 2523 637 2560 Justi
657 2522 877 2570 epulentur,
899 2524 934 2558 et
954 2522 1129 2559 exultent
1146 2522 1187 2558 in
1205 2532 1299 2559 con-

263 2586 398 2632 spectu
417 2584 496 2621 Dei.
515 2598 534 2619 n
568 2584 640 2629 Qui
672 2588 760 2620 sunt
790 2583 831 2620 hi
857 2583 976 2630 justi,
1003 2583 1077 2620 nisi
1108 2583 1298 2631 perfecti,

264 2646 468 2693 epulantes
488 2656 622 2683 coram
641 2648 718 2683 Deo
744 2645 936 2682 felicitatis
957 2645 1150 2692 primitias
1169 2645 1297 2692 praeli-

263 2707 420 2753 bando,
441 2711 477 2745 et
496 2708 714 2744 exultantes
735 2718 870 2744 coram
904 2717 951 2744 eo
978 2706 1176 2754 pleniores
1205 2707 1298 2744 deli-

265 2770 344 2807 cias
364 2769 630 2818 praestolando
647 2771 665 2805 ἵ)

605 2873 792 2909 Articulus
818 2873 959 2909 tertius.

312 2956 529 3004 Allegando
549 2955 741 3003 pulsatur,
768 2965 858 2990 cum
887 2953 1046 2991 additur
1068 2966 1076 2990 z
1100 2955 1301 2992 Secundum

266 3021 444 3066 eloquium
465 3023 578 3054 tuum.
599 3017 705 3054 Istud
725 3016 931 3064 eloquium
948 3018 1004 3052 est
1024 3018 1184 3063 pactum
1203 3028 1300 3065 pro-

265 3081 513 3125 missorium,
535 3090 615 3128 quo
634 3078 874 3126 promittitur
893 3077 1091 3114 auxilium
1117 3078 1159 3115 in
1179 3079 1301 3117 tribu—

266 3142 507 3180 lationibus⁷
525 3153 533 3178 :
553 3142 679 3177 «Deus
692 3142 838 3184 noster,
859 3139 1058 3186 refugium
1075 3142 1112 3176 et
1129 3139 1296 3178 virtus.»

267 3206 346 3242 Hoc
365 3203 488 3241 modo
507 3202 734 3251 pulsamus,
748 3200 911 3249 quando
927 3200 1149 3248 piissimum
1169 3203 1300 3239 Domi-

312 3303 319 3320 ¹
341 3301 431 3333 Psal.
454 3308 579 3340 xxxvi,
603 3302 652 3332 15.
674 3316 714 3322 —
738 3299 752 3320 ²
770 3298 862 3330 Psal.
885 3305 1047 3339 mxxvii,
1067 3299 1097 3330 3.
1119 3315 1158 3323 —-
1177 3299 1191 3322 ⁸
1208 3301 1300 3335 Psal.

271 3355 389 3387 Lxxii,
417 3349 520 3380 17.—
545 3347 558 3370 δ
584 3346 678 3379 Ρεαί.
708 3353 764 3387 Lv,
792 3347 821 3378 9.
844 3363 884 3369 —
904 3346 914 3364 ⁵
935 3345 1050 3384 Eccli„
1075 3354 1180 3386 xxxv,
1206 3348 1238 3380 8.
1262 3366 1302 3372 —

271 3395 284 3416 ⁸
301 3394 392 3427 Psal.
412 3402 520 3433 vau,
540 3397 571 3427 4.
592 3412 632 3418 -
653 3395 662 3413 ⁷
681 3393 770 3426 psal.
793 3400 871 3432 XLV,
894 3394 925 3424 2.
949 3410 983 3416 —-
1008 3394 1019 3411 ⁸
1037 3392 1128 3426 Psal.
1150 3393 1228 3435 hoc,
1249 3397 1299 3428 58.

2317 152 2392 190 537

1364 247 1462 273 num
1490 246 1652 274 suarum
1684 237 1845 274 funibus
1875 237 2183 285 promissionum
2215 237 2394 284 astringi-

1363 309 1452 335 mus
1466 311 1477 345 ;
1500 308 1591 334 cum
1610 298 1742 346 ipsum
1758 298 1910 346 laqueis
1930 297 2007 335 oris
2038 298 2099 334 sui
2117 298 2289 345 ligamus
2304 326 2316 344 ,
2341 301 2396 335 at-

1365 370 1442 407 que
1462 359 1514 396 ad
1533 359 1804 396 miserandum
1823 359 1974 395 miseris
2006 359 2201 396 charitatis
2228 360 2396 396 vinculis

1363 421 1611 458 inclinamus.
1644 421 1716 458 Sed
1747 419 1968 456 notandum
2001 420 2104 456 circa
2136 419 2283 458 dictum
2315 421 2396 458 elo-

1365 483 1523 529 quium,
1541 481 1653 529 quod
1669 483 1725 518 est
1739 480 2041 529 promissorium
2054 481 2281 527 miserandi,
2303 481 2396 518 diri-

1364 543 1504 589 gendi,
1526 553 1570 579 ac
1590 542 1853 590 suscipiendi,
1875 542 1969 589 quia
1987 542 2209 579 misericors
2229 546 2265 579 et
2280 543 2396 580 mise-

1364 606 1471 640 rator
1501 604 1688 640 Dominus
1730 604 1922 651 promittit
1952 603 2247 640 miserationem
2271 614 2398 650 regre-

1366 664 1594 710 utentibus,
1621 665 1879 701 directionem
1913 665 2281 712 progredientibus,
2313 676 2397 701 sus-

1367 726 1588 774 ceptionem
1608 726 1913 772 egredientibus.
1933 726 1997 762 Vis
2017 726 2150 762 videre
2169 726 2397 772 regredien-

1366 792 1445 826 tem
1463 789 1593 836 primo
1612 788 1736 825 modo
1770 788 2022 835 pulsantem?
2053 788 2145 824 vide
2165 788 2399 835 prophetam

1366 850 1600 899 psallentem
1629 851 1643 872 ⁸
1673 862 1682 886 ε
1709 850 1922 887 «Miserere
1956 849 2034 885 mei
2068 849 2286 885 secundum
2318 849 2399 886 elo-

1368 912 1508 960 quium
1525 915 1659 959 tuum3
1680 926 1698 947 »
1721 912 1815 960 quia
1835 912 1948 958 juxta
1977 910 2281 959 promissionem
2306 910 2401 958 petit

1370 974 1678 1011 miserationem.
1718 974 1780 1010 Vis
1811 973 1948 1010 audire
1981 972 2302 1020 progredientem
2339 982 2398 1008 se-

1313 1047 1322 1056 ·
1371 1035 1503 1073 cundo
1524 1036 1647 1072 modo
1675 1035 1926 1083 pulsantem?
1947 1034 2041 1071 audi
2060 1033 2308 1070 psalmistam
2341 1033 2399 1069 di-

1370 1099 1548 1134 centem⁹
1570 1110 1579 1134 ε
1606 1099 1792 1135 «Gressus
1811 1107 1922 1134 meos
1943 1096 2067 1142 dirige
2086 1095 2306 1132 secundum
2322 1094 2402 1131 elo-

1369 1160 1508 1207 quium
1532 1162 1662 1205 tuum3
1683 1172 1701 1193 »
1726 1159 1821 1206 quia
1840 1159 1952 1205 juxta
1975 1157 2280 1205 promissionem
2306 1156 2403 1204 petit

1369 1221 1634 1258 directionem.
1657 1221 1720 1257 Vis
1738 1220 1869 1267 legere
1894 1219 2162 1266 egredientem
2179 1219 2292 1256 tertio
2314 1230 2401 1256 mo-

1370 1284 1423 1320 do
1451 1283 1703 1331 pulsantem?
1728 1282 1814 1328 lege
1850 1281 2204 1328 Psalmographum
2235 1281 2290 1317 sic
2308 1281 2402 1317 scri-

1369 1345 1531 1382 bentem
1562 1344 1615 1381 ¹⁰:
1643 1356 1660 1378 c«
1678 1344 1838 1391 Suscipe
1857 1353 1921 1379 me
1952 1342 2172 1378 secundum
2197 1341 2402 1390 eloquium

1371 1410 1482 1444 tuum
1496 1420 1507 1452 3
1526 1420 1543 1441 n
1567 1406 1662 1454 quia
1678 1406 1792 1452 Juxta
1804 1404 2109 1452 promissionem
2127 1403 2223 1451 petit
2241 1414 2401 1451 suscep-

1371 1469 1531 1506 tionem.

1698 1515 1888 1551 Articulus
1912 1516 2074 1559 quartus.

1419 1591 1612 1639 Rogando
1631 1591 1824 1639 pulsatur,
1847 1601 1938 1627 cum
1964 1589 2243 1638 superadditur
2265 1602 2273 1626 :
2295 1592 2406 1636 Eripe

1372 1665 1438 1690 me.
1461 1654 1541 1691 Tali
1561 1654 1684 1690 modo
1714 1653 1944 1701 pulsamus,
1974 1663 2065 1689 cum
2085 1652 2228 1689 divinae
2252 1652 2406 1699 pietatis

1372 1716 1523 1753 viscera
1550 1715 1604 1752 sic
1629 1726 1818 1762 rogamus
1835 1743 1846 1761 ,
1880 1715 1991 1762 quod
2020 1713 2216 1751 charitatis
2240 1714 2407 1751 vulnera

1372 1775 1594 1822 irrogamus
1602 1786 1614 1820 ;
1641 1784 1732 1811 cum
1750 1773 1938 1810 Dominus
1957 1774 2012 1810 sic
2036 1776 2212 1820 rogatur,
2237 1772 2406 1820 promis·

1374 1849 1462 1874 sum
1489 1836 1680 1874 auxilium
1719 1846 1802 1873 non
1838 1838 2088 1884 prorogatur,
2129 1834 2200 1871 sed
2226 1834 2406 1882 protinus

1375 1902 1568 1946 erogatur.
1599 1899 1665 1936 Hic
1686 1898 1936 1942 notandum,
1981 1897 2091 1945 quod
2110 1896 2164 1932 sic
2191 1896 2304 1944 eripit
2336 1897 2406 1932 Do-

1374 1960 1505 1997 minus
1548 1960 1746 1997 interdum
1777 1960 1827 1996 de
1859 1969 1981 1996 manu
2018 1958 2243 2006 prIncipum
2276 1957 2406 1994 inimi-

1375 2032 1532 2067 corum3
1553 2022 1752 2059 interdum
1781 2022 1830 2058 de
1862 2021 1995 2059 medio
2015 2020 2236 2057 catulorum
2251 2032 2262 2066 3
2290 2019 2406 2056 inter-

1376 2085 1473 2122 dum
1493 2085 1543 2122 ab
1568 2084 1714 2131 inJ'uria
1734 2084 1987 2128 daemonum,
2014 2082 2078 2119 vel
2105 2083 2314 2119 hominum
2340 2092 2408 2118 ne-

1373 2147 1600 2184 fandorum.
1621 2146 1790 2194 Tyranni
1803 2145 2000 2193 principes
2015 2144 2140 2181 solent
2153 2145 2194 2181 in
2210 2146 2409 2192 tempora-

1374 2210 1479 2246 libus
1511 2209 1737 2255 molestare3
1758 2208 1928 2246 haeretici
1956 2207 2074 2244 catuli
2092 2206 2157 2243 vel
2180 2206 2340 2252 leones,
2369 2206 2410 2242 in

1375 2271 1644 2319 spiritualibus
1674 2270 1856 2308 infestare
1872 2283 1883 2317 ;
1913 2269 2075 2307 nefandi
2114 2268 2315 2305 daemones
2346 2267 2411 2304 vel

1373 2334 1574 2380 homines3
1596 2334 1636 2370 in
1650 2333 1923 2381 corporalibus
1942 2332 2146 2368 incestare.
2162 2330 2290 2367 prima
2302 2340 2410 2378 erep-

1374 2398 1428 2434 tio
1447 2396 1589 2443 legitur
1606 2399 1628 2417 ¹¹
1652 2408 1660 2432 :
1687 2407 1704 2429 «
1724 2395 1909 2432 Animum
1935 2393 2078 2431 fortem
2103 2393 2266 2435 habete,
2299 2391 2371 2428 filii
2399 2406 2406 2427 :

1376 2458 1616 2507 proclamate
1632 2457 1684 2494 ad
1698 2456 1923 2502 Dominum,
1936 2457 1973 2492 et
1987 2455 2125 2503 eripiet
2143 2465 2214 2492 vos
2226 2454 2275 2491 de
2289 2464 2410 2490 manu

1374 2519 1600 2567 principum
1621 2519 1892 2555 inimicorum:
1908 2531 1926 2553 »
1945 2527 2033 2554 ecce
2049 2516 2198 2564 ereptio
2219 2515 2269 2552 de
2288 2525 2411 2552 manu

1375 2582 1601 2631 principum
1619 2581 1888 2629 temporaliter
1906 2579 2213 2617 molestantium.
2230 2578 2410 2616 Secunda

1376 2644 1524 2691 ereptio
1544 2642 1725 2680 scribitur
1748 2641 1772 2663 ¹²
1790 2654 1797 2679 ;
1814 2654 1832 2676 ι(
1849 2642 2031 2680 Animam
2046 2651 2178 2678 meam
2197 2640 2340 2688 eripuit
2359 2640 2409 2677 de

1377 2705 1510 2743 medio
1548 2705 1772 2743 catulorum
1803 2705 1968 2741 leonum
1991 2717 2000 2740 :
2021 2717 2039 2739 »
2062 2713 2151 2740 ecce
2183 2702 2331 2750 ereptio
2360 2702 2408 2739 de

1378 2767 1510 2804 medio
1534 2767 1754 2804 catulorum
1778 2766 2053 2804 haereticorum
2080 2764 2331 2813 spiritualiter
2348 2764 2410 2800 in-

1375 2828 1614 2866 festantium.
1635 2828 1759 2866 Tertia
1778 2827 1926 2876 ereptio
1945 2827 2137 2875 reperitur
2153 2825 2180 2849 ¹³
2200 2838 2241 2863 z«
2260 2828 2410 2863 iustum

1376 2890 1473 2927 Loth
1493 2900 1725 2938 oppressum
1738 2889 2036 2927 anefandorum
2055 2889 2214 2935 injuria,
2228 2898 2274 2924 ac
2293 2887 2409 2924 luxu·

1376 2953 1482 2990 riosa
1502 2953 1799 2990 conversatione
1828 2952 1996 3000 eripuit:
2017 2964 2037 2987 »
2061 2961 2149 2988 ecce
2179 2950 2324 2998 ereptio
2358 2949 2409 2986 ab

1376 3014 1521 3062 injuria
1545 3014 1811 3052 nefandorum
1837 3012 2096 3061 corporaliter
2122 3011 2406 3049 incestantium.

1809 3120 1982 3162 Epilogus

1424 3202 1655 3239 ostensurus
1689 3210 1784 3247 ergo
1824 3198 2154 3246 psalmographus
2194 3206 2264 3244 per
2296 3206 2409 3234 suam

1383 3263 1602 3301 orationem
1621 3262 1703 3309 spei
1723 3260 2009 3309 pulsationem,
2039 3260 2092 3297 ait
2112 3271 2121 3296 ε
2143 3261 2257 3296 Intret
2286 3262 2409 3305 postu-

1377 3364 1417 3370 -
1444 3348 1455 3365 ³
1482 3345 1582 3385 thid„
1603 3346 1673 3377 133.
1695 3361 1734 3369 -
1762 3345 1784 3363 ¹·
1810 3343 1910 3382 ibid„
1939 3344 2010 3375 116.
2032 3359 2067 3365 —
2095 3343 2115 3361 ¹¹
2135 3341 2269 3383 Barac„
2291 3349 2336 3382 iv,
2358 3343 2406 3375 18.

1379 3416 1417 3422 —
1437 3394 1565 3428 ¹²Psal.
1588 3400 1658 3432 LVi,
1679 3395 1707 3426 5.
1726 3409 1765 3416 -—
1788 3391 1812 3414 '³
1833 3393 1859 3424 ll
1882 3392 1986 3431 petr„
2005 3397 2045 3430 11,
2067 3390 2098 3421 ¹1.
