2633 3878
900 185 951 226 ΙΝ
981 184 1360 227 HEXAEMEHON.
1394 186 1567 228 SERMO
1597 187 1700 230 XIX.

231 275 308 317 alis
325 289 336 326 ;
357 277 406 317 ut
424 287 501 317 nec
522 276 639 317 sistat
656 276 787 317 homo
814 275 923 315 infra
945 287 1075 329 quam
1098 277 1259 327 potest,

231 362 310 391 nec
328 351 525 393 ascendat
544 364 671 405 supra
691 350 818 400 illud,
842 349 957 403 quod
976 351 1124 402 potest.
1149 348 1266 390 Sicut

232 423 315 475 illi,
346 423 419 476 qui
445 425 616 464 cantant
636 422 751 464 ultra
770 421 904 472 vires,
935 432 1159 474 nunquam
1187 421 1262 461 ho-

232 507 333 536 nam
353 494 511 535 faciunt
524 493 816 544 harmoniam3
838 494 894 542 et,
916 495 964 532 ut
978 492 1076 533 dicit
1097 493 1266 544 Augus-

233 566 370 617 tinus,
391 565 475 616 illi,
503 565 577 618 qui
599 577 686 606 non
709 564 906 606 ordinant
925 563 1136 614 studium,
1167 565 1266 603 sunt

233 638 340 678 sicut
359 636 464 690 pulli
481 649 704 690 equorum,
726 637 796 689 qui
819 635 944 677 modo
963 637 1144 676 currunt
1162 634 1262 685 huc,

234 708 358 750 modo
378 707 476 748 illuc
496 722 505 748 :
532 708 603 749 sed
620 710 869 761 jumentum
893 707 1017 761 plano
1040 718 1168 760 passu
1187 718 1263 747 va-

233 779 304 820 dit.
327 778 513 820 Tantum
534 780 699 832 proficit
719 791 830 820 unus
850 779 1004 829 duruS,
1033 778 1265 820 dummodo

232 850 396 892 ordinet
415 850 605 892 studium
623 863 751 892 suum
764 883 774 902 ‚
798 851 906 891 sicut
926 850 1180 903 ingeniosus
1194 881 1204 901 ,
1226 851 1267 890 et

231 921 468 963 inordinate
487 922 674 964 studens.
698 922 779 972 Qui
807 925 952 963 autem
984 921 1077 963 vult
1110 921 1156 961 in
1186 921 1267 961 hoc

234 992 372 1034 studio
394 993 618 1046 proficere,
641 996 805 1047 oportet
832 994 945 1047 quod
965 993 1121 1033 habeat
1141 1004 1266 1033 sanc-

230 1064 388 1104 titatem
402 1096 412 1116 ,
434 1067 482 1105 ut
501 1065 632 1118 possit
651 1065 820 1106 studere
850 1065 903 1105 ad
937 1064 1178 1105 habendam
1197 1063 1262 1105 vi-

230 1136 317 1176 tam
346 1135 590 1177 timoratam
611 1169 621 1187 ‚
657 1136 927 1190 impollutam
946 1169 955 1187 ,
987 1135 1262 1188 religiosam,

230 1206 561 1248 aedificatoriam.
590 1207 734 1249 Primo
755 1208 847 1249 haec
876 1211 939 1248 est
967 1207 1054 1248 vita
1088 1206 1262 1248 Sancto-

230 1290 327 1319 rum
347 1279 545 1320 timorata
559 1311 572 1330 ,
594 1282 642 1319 ut
661 1279 706 1319 in
725 1279 817 1330 his,
840 1290 938 1332 quae
960 1279 1074 1331 agit,
1099 1289 1268 1331 semper

229 1349 389 1401 timeat,
411 1350 500 1391 sive
518 1350 679 1391 vadens
699 1350 750 1391 ad
772 1350 937 1402 missas,
960 1350 1050 1391 sive
1071 1349 1123 1390 ad
1144 1361 1264 1390 men-

230 1433 342 1472 sam,
365 1422 454 1463 sive
475 1424 609 1473 stam,
634 1422 724 1462 sive
744 1421 893 1462 sedens
912 1436 920 1462 :
943 1422 1046 1475 quia
1067 1421 1110 1461 in
1131 1421 1269 1462 omni-

230 1494 310 1534 bus
329 1496 464 1547 potest
482 1506 572 1534 esse
593 1496 828 1547 peccatum.
847 1495 858 1514 ¹
885 1492 1103 1534 «Verebar
1124 1492 1270 1533 onmia

229 1577 358 1618 opera
385 1577 502 1616 mea,
545 1564 681 1605 sciens
713 1563 830 1617 quod
857 1576 944 1604 non
976 1575 1168 1617 parceres
1194 1564 1269 1604 de-

228 1636 452 1689 linquenti.
473 1651 492 1674 »
519 1635 737 1690 Optimum
758 1635 936 1688 signum
967 1637 1030 1676 est
1048 1635 1203 1685 timor3
1228 1637 1269 1676 et

229 1708 462 1761 pessimum
490 1711 552 1750 est
577 1709 771 1760 audacia,
797 1708 897 1761 quia
917 1708 1012 1748 talis
1040 1720 1268 1761 nunquam

229 1780 473 1834 corrigitur.
513 1779 708 1822 Secundo
741 1780 830 1821 vita
862 1780 1112 1833 impolluta,
1154 1780 1268 1833 quod

230 1853 367 1892 totum
383 1852 506 1893 faciat
523 1856 693 1906 propter
712 1864 903 1894 amorem
920 1851 1008 1903 Dei,
1032 1864 1120 1893 non
1137 1864 1267 1905 prop-

230 1925 293 1964 ter
311 1936 504 1965 amorem
533 1923 715 1977 alicujus
736 1924 796 1965 rei
806 1939 816 1974 3
846 1924 946 1977 quia
979 1924 1119 1964 omnis
1147 1936 1268 1965 amor

229 1998 448 2048 suspectus
467 1998 529 2036 est
543 2028 553 2047 ‚
578 1995 660 2035 nisi
681 1996 801 2037 verbi
821 1995 907 2036 Dei.
932 1994 1050 2037 Unde
1066 1995 1165 2036 dicit
1186 1996 1270 2037 Au-

229 2066 446 2118 gustinus,
471 2069 512 2108 et
537 2066 781 2107 Bernardus
802 2067 849 2107 in
875 2067 1060 2120 quadam
1092 2067 1268 2120 epistola

229 2137 282 2177 ad
298 2137 528 2190 quemdam
547 2137 808 2178 monachum
821 2170 832 2188 ,
850 2137 963 2191 quod
986 2137 1153 2178 dilectio
1171 2150 1269 2192 apo-

229 2211 436 2252 stolorum
460 2211 505 2251 in
537 2223 713 2264 corpore
733 2210 886 2251 Christi
910 2211 1168 2264 impediebat
1193 2212 1266 2253 ad-

230 2285 407 2325 ventum
429 2281 611 2336 Spiritus
629 2282 776 2323 sancti.
800 2282 909 2332 Quid
928 2294 1031 2323 vero
1051 2283 1102 2323 de
1122 2295 1269 2324 amore

230 2357 522 2395 creaturarum
535 2355 555 2394 ⁶?
582 2353 680 2395 Ideo
699 2353 800 2394 dicit
821 2353 1016 2396 Psalmus
1029 2355 1066 2395 ²:
1088 2354 1270 2395 «Renuit

172 2434 179 2461 ἱ
231 2426 438 2466 consolari
459 2426 602 2466 anima
620 2437 716 2465 mea
735 2456 746 2475 ‚
761 2439 780 2462 »
805 2427 885 2466 etc.
909 2425 923 2446 ³
944 2440 962 2462 (ι
983 2424 1152 2466 Custodi
1170 2438 1239 2466 me
1255 2457 1266 2476 ‚

233 2495 430 2549 Domine,
474 2499 523 2536 ut
548 2495 758 2548 pupillam
790 2496 916 2536 oculi.
940 2510 959 2534 >³
986 2495 1152 2549 Pupilla
1180 2509 1269 2537 non

232 2567 338 2608 bene
359 2566 595 2608 custoditur
614 2566 798 2616 munda,
831 2566 1003 2620 quando
1030 2569 1091 2608 est
1115 2579 1266 2620 vapor,

232 2638 300 2680 vel
320 2639 490 2692 pulvis,
512 2637 580 2679 vel
600 2638 759 2678 humor
786 2637 831 2678 in
861 2650 924 2678 ea.
957 2636 1122 2688 Tertio,
1154 2639 1269 2692 quod

231 2711 284 2752 sit
310 2711 397 2752 vita.
426 2710 628 2762 religiosa
653 2709 822 2760 clausa,
856 2710 964 2750 sicut
996 2709 1181 2750 maceria
1203 2710 1268 2752 vi-

232 2794 323 2824 neae
346 2793 356 2821 :
377 2782 436 2823 sic
454 2784 646 2835 oportet,
669 2781 781 2834 quod
799 2781 929 2822 homo
947 2782 1073 2822 faciat
1099 2767 1179 2823 sibi
1199 2794 1265 2824 re-

232 2854 470 2896 strictivum
500 2853 662 2906 linguae
693 2856 734 2893 et
759 2865 964 2894 sensuum
995 2856 1264 2895 caeterorum.

233 2925 340 2966 Sane
357 2929 370 2951 ⁵
394 2925 461 2966 «si
478 2925 574 2979 quis
591 2927 710 2979 putat
725 2937 769 2966 se
785 2925 1040 2977 religiosum
1059 2938 1163 2977 esse,
1182 2938 1270 2967 non

232 2998 464 3038 refraenans
494 2997 694 3049 linguam
723 3009 872 3048 suam,
904 3012 923 3035 ›)
960 3001 1038 3038 etc.
1076 3001 1089 3022 ὅ
1123 3013 1142 3036 «
1170 2998 1269 3052 Sepi

232 3081 357 3110 aures
373 3072 465 3110 tuas
479 3069 655 3121 spinis.»
673 3067 769 3110 Vita
778 3072 924 3109 nostra
940 3081 1027 3110 non
1043 3069 1165 3110 debet
1178 3082 1269 3110 esse

231 3141 328 3182 data
356 3139 535 3193 loquelis
553 3172 564 3191 ‚
586 3140 659 3182 sed
688 3141 903 3194 lacrymis.
933 3140 1120 3192 Quarto,
1155 3141 1268 3194 quod

231 3213 286 3253 sit
304 3212 391 3254 vita
413 3211 684 3253 aedificatoria
703 3212 887 3266 proximi
906 3244 919 3263 ,
942 3216 990 3253 ut
1013 3213 1066 3253 sit
1095 3215 1268 3267 paratus

229 3297 378 3326 omnes
399 3283 610 3325 aedificare
626 3315 637 3335 ,
659 3287 700 3324 et
719 3283 878 3335 doleat,
905 3284 940 3323 si
966 3285 1061 3337 quis
1093 3297 1147 3326 ex
1177 3285 1267 3339 ipso

231 3355 540 3398 scandalizatur
561 3370 570 3395 z
594 3357 636 3396 et
665 3355 788 3396 debet
807 3366 958 3397 cavere
984 3355 1143 3398 damna
1168 3356 1268 3398 alte-

276 3463 450 3505 ¹J0b,1x,
472 3465 523 3495 28.
543 3480 577 3486 -
598 3462 609 3481 ²
628 3462 719 3495 Psal.
746 3470 866 3503 Lxxw,
886 3464 917 3495 6.
939 3481 979 3486 -
998 3463 1009 3480 ³
1030 3463 1119 3496 Psal.
1141 3471 1212 3503 xv1,
1234 3466 1267 3497 8.

231 3529 272 3536 —
292 3511 306 3534 ὃ
324 3513 407 3551 dac„
433 3520 461 3553 1,
482 3513 533 3544 20.
556 3528 595 3535 —
614 3510 628 3533 ὅ
647 3510 769 3553 Ecca„
790 3519 925 3552 xxviii,
951 3512 1002 3545 28.
1023 3529 1065 3535 —-
1091 3512 1103 3531 ⁶
1122 3512 1208 3553 Cic.,
1227 3512 1266 3544 de

2297 201 2373 239 125

1337 275 1448 326 rius,
1471 277 1572 330 quia
1591 277 1625 317 si
1646 289 1727 330 ego
1749 278 1862 320 solus
1881 281 1988 322 bene
2015 284 2279 326 comederem
2293 318 2304 337 ,
2332 291 2374 329 et

1339 346 1407 386 alii
1423 348 1689 400 jejunarent,
1709 349 1983 392 malefactum
2001 357 2124 396 esset.
2145 355 2198 397 Et
2216 356 2295 398 iste
2310 361 2374 399 est
2416 367 2534 401 Sapien-

1339 417 1503 458 fructus
1521 418 1718 460 aliorum.
1744 420 1848 461 Item
1867 423 2059 475 sequitur
2079 438 2133 466 ex
2152 427 2240 478 his,
2266 429 2372 469 scili·
2392 407 2533 477 ϋῖεηῗζω

1338 492 1402 529 cet
1421 502 1474 529 cx
1494 489 1667 531 scientia
1680 494 1721 532 et
1741 493 1978 545 sanctitate,
2003 497 2193 538 studium
2213 500 2375 552 sapien-
2401 497 2525 542 (ΜΨ

1339 559 1424 610 tiae,
1448 561 1559 612 quod
1583 563 1773 603 consistit
1788 563 1832 604 in
1852 567 2055 617 quatuor,
2074 580 2171 620 quae
2185 573 2283 610 sunt
2305 584 2375 612 ne·
2394 538 2526 572 ηψπ.

1339 631 1534 682 cessaria,
1560 632 1713 673 scilicet
1733 637 1771 674 1.
1794 636 2030 688 recognitio
2049 637 2314 682 internorum
2335 646 2377 683 et

1339 705 1614 743 externorum
1630 704 1884 746 defectuum.
1901 705 2020 748 Unde
2038 707 2084 747 in
2099 708 2235 750 fronte
2252 712 2375 764 Apol-

1339 773 1437 813 linis
1465 774 1669 827 scriptum
1703 780 1793 817 erat
1819 782 1832 802 ὅ
1870 792 1878 818 :
1909 793 1928 816 «
1959 778 2232 832 Recognosce
2267 783 2372 836 tcip-
2421 791 2535 837 Cogno-

1340 857 1460 896 sum,
1484 860 1503 883 ›)
1533 846 1633 899 quia
1653 847 1742 888 sine
1767 848 1848 890 hoc
1868 849 2132 902 impossibile
2152 854 2216 892 est
2244 853 2376 895 deve-
2395 834 2471 901 2211?
2489 840 2534 867 Ψ·

1339 917 1430 958 nire
1469 917 1520 958 ad
1560 918 1824 972 sapientiam.
1866 919 1983 962 Unde
2015 926 2175 975 quanto
2211 925 2377 977 sapiens

1340 988 1436 1041 plus
1463 990 1656 1043 proficit,
1692 994 1809 1033 tanto
1839 992 1936 1046 plus
1961 1005 2005 1035 se
2040 994 2228 1048 despicit.
2259 995 2377 1038 Unde

1341 1061 1477 1101 malus
1496 1064 1705 1103 mercator
1720 1066 1798 1114 est,
1821 1065 1893 1117 qui
1917 1077 1961 1106 se
1978 1065 2157 1119 decipit:
2181 1069 2295 1121 quod
2315 1070 2377 1109 sa-

1340 1132 1414 1183 cit,
1439 1133 1513 1186 qui
1534 1146 1578 1174 se
1598 1135 1859 1187 appretiatur
1889 1136 2118 1191 plusquam
2139 1139 2251 1180 valet
2273 1152 2282 1180 ε
2305 1141 2377 1181 sed

1340 1203 1445 1244 alios
1463 1205 1705 1258 appretiari,
1724 1209 1765 1247 et
1778 1219 1821 1247 se
1836 1207 2065 1261 despicere,
2087 1209 2168 1250 hoc
2187 1213 2250 1251 est
2265 1212 2379 1264 prin-

1341 1275 1645 1328 cipalissimum
1668 1278 1856 1319 studium
1875 1280 2107 1333 sapientiae,
2127 1284 2173 1322 ut
2186 1282 2267 1322 sibi
2289 1296 2379 1336 per·
2397 1275 2456 1335 {¹2ss
2475 1275 2539 1335 ζζῗ

1341 1347 1514 1388 suadeat
1534 1348 1664 1389 homo
1685 1361 1784 1390 suos
1804 1350 2014 1403 defectus,
2035 1354 2076 1393 et
2102 1353 2176 1393 fiat
2204 1353 2379 1394 humilis
2398 1358 2536 1418 {1¹³3ssss

1342 1415 1384 1455 in
1407 1416 1538 1456 oculis
1559 1417 1661 1458 suis.
1695 1418 1939 1460 Secundum
1969 1421 2155 1462 studium
2178 1426 2240 1463 est
2260 1424 2380 1464 casti-

1344 1488 1462 1539 gatio
1483 1489 1749 1541 passionum,
1776 1503 1875 1544 quae
1897 1494 1997 1532 sunt
2018 1495 2178 1545 septem
2200 1495 2380 1536 affectio-

1343 1571 1419 1599 nes
1436 1559 1592 1601 animae
1609 1592 1618 1610 ‚
1639 1563 1823 1614 quatuor
1844 1562 2098 1616 principales
2115 1597 2125 1615 ,
2147 1567 2188 1605 et
2202 1567 2287 1607 tres
2307 1579 2380 1608 an-

1342 1642 1487 1682 nexae,
1512 1631 1668 1673 scilicet
1687 1633 1830 1685 timor,
1853 1634 1988 1686 dolor,
2011 1648 2121 1688 speS,
2147 1638 2376 1690 gaudium,

1343 1702 1614 1754 desiderium,
1638 1707 1911 1758 verecundia,
1934 1707 2096 1749 odium.
2122 1708 2166 1749 ln
2183 1711 2380 1752 omnibus

1343 1773 1409 1815 his
1430 1776 1643 1829 contingit
1671 1778 1889 1820 excedere.
1913 1777 2024 1820 Puer
2049 1780 2186 1832 enim,
2208 1783 2379 1835 quando

1342 1848 1471 1890 nimis
1490 1849 1667 1902 clamat,
1697 1852 2003 1905 compescitur3
2032 1853 2091 1894 sic
2115 1854 2245 1896 homo
2276 1868 2374 1898 cen-

1344 1932 1446 1961 sura
1467 1923 1652 1975 quadam
1679 1924 1870 1977 Judiciali
1893 1924 2016 1966 debet
2051 1926 2224 1968 domare
2244 1931 2284 1969 et
2309 1941 2379 1970 re-

1343 1993 1556 2046 stringere
1585 1995 1835 2048 hujusmodi
1863 1997 2103 2049 passiones,
2138 2001 2188 2039 ut
2207 2001 2379 2053 quando

1343 2065 1461 2106 venit
1480 2066 1613 2118 dolor,
1638 2066 1802 2108 dicatur
1821 2067 1901 2108 sibi
1924 2080 1934 2109 ε
1958 2084 1977 2107 c<
1994 2069 2068 2110 Sta
2087 2069 2131 2110 in
2152 2083 2275 2123 pace3
2292 2086 2311 2109 n
2338 2076 2380 2113 et

1344 2135 1403 2176 sic
1421 2137 1471 2178 de
1492 2137 1607 2188 aliis;
1629 2140 1671 2179 et
1694 2139 1932 2192 praesertim
1953 2140 2078 2182 debet
2096 2141 2288 2184 deserere
2321 2145 2377 2184 is-

1344 2210 1406 2248 tas
1427 2209 1681 2262 principales
1705 2212 1745 2250 et
1763 2211 1947 2263 pueriles
1968 2212 2224 2255 affectiones.
2252 2214 2379 2257 Pueri

1344 2279 1459 2320 enim
1472 2280 1732 2322 insecutores
1750 2284 1851 2322 sunt
1869 2283 2131 2335 passionum.
2154 2301 2173 2325 «
2190 2286 2379 2329 Maledic-

1344 2353 1412 2392 tus
1431 2352 1547 2393 enim
1560 2352 1573 2373 ⁷
1594 2364 1700 2405 puer
1717 2355 1889 2394 centum
1909 2366 2168 2397 annorum.»
2189 2356 2379 2400 Tertium

1344 2423 1533 2463 studium
1567 2427 1630 2464 est
1660 2423 1870 2465 ordinatio
1907 2426 2230 2478 cogitationum.
2262 2428 2380 2472 Unde

1344 2494 1549 2547 scriptum
1569 2498 1654 2546 est,
1675 2496 1790 2549 quod
1809 2499 1822 2521 ⁸
1851 2512 1870 2536 α
1884 2496 2038 2538 stultus
2058 2510 2134 2551 per
2154 2499 2380 2542 fenestram

1345 2566 1545 2619 prospicit
1576 2566 1624 2606 in
1655 2566 1832 2607 domum
1862 2567 2100 2620 proximi.»
2126 2569 2176 2610 Et
2195 2570 2287 2612 haec
2317 2575 2380 2613 est

1345 2637 1483 2689 major
1515 2636 1741 2678 difficultas
1762 2638 1958 2680 ordinare
1977 2639 2276 2692 phantasmata
2300 2656 2378 2686 no-

1345 2712 1445 2761 stra,
1468 2712 1531 2760 ut,
1554 2709 1726 2762 quando
1748 2722 1899 2751 sumus
1917 2710 1962 2750 in
1978 2712 2167 2765 ecclesia,
2189 2715 2248 2755 nil
2269 2718 2380 2769 cogi-

1344 2783 1484 2822 temus
1515 2780 1595 2820 nisi
1621 2781 1673 2821 de
1691 2781 1829 2822 officio
1850 2784 2013 2834 nostro;
2037 2787 2078 2825 et
2096 2785 2156 2826 sic
2175 2786 2226 2827 de
2246 2787 2341 2828 aliis
2365 2803 2375 2829 :

1345 2855 1386 2893 et
1405 2851 1640 2894 necessario
1661 2855 1825 2905 oportet
1843 2853 2043 2896 ordinare
2062 2855 2139 2896 has
2158 2859 2379 2910 cogitatio-

1344 2936 1420 2965 nes
1440 2924 1491 2965 ad
1510 2924 1614 2975 hoc,
1635 2924 1748 2978 quod
1766 2923 1952 2978 Spiritus
1971 2930 2138 2968 sanctus
2156 2929 2286 2971 intret
2306 2943 2379 2984 per

1345 2995 1619 3050 sapientiam;
1652 2996 1754 3049 quia
1769 2997 1783 3018 ⁹
1809 3011 1828 3035 (ι
1849 2996 2032 3050 Spiritus
2058 3003 2229 3041 sanctus
2253 3003 2376 3044 disci-

1344 3068 1470 3121 plinae
1486 3067 1666 3119 effugiet
1679 3068 1841 3120 fictum,
1860 3072 1900 3109 et
1911 3069 2072 3110 auferet
2090 3070 2141 3124 (a)
2159 3084 2202 3113 se
2220 3085 2244 3114 a
2257 3075 2376 3127 cogi-

1343 3139 1574 3180 tationibus
1602 3151 1699 3192 quaa
1729 3142 1830 3180 sunt
1861 3140 1952 3181 sine
1983 3141 2214 3185 intellectu.
2238 3160 2255 3182 »
2280 3145 2376 3188 Ideo

1344 3213 1508 3265 oportet
1536 3211 1695 3252 habere
1722 3215 1856 3252 certas
1885 3213 2106 3264 materias,
2138 3214 2244 3256 circa
2272 3229 2379 3269 quas

1343 3294 1423 3324 nos
1440 3294 1730 3323 exerceamus.
1754 3282 1962 3332 Quartum
1979 3284 2167 3325 studium
2187 3289 2249 3326 est
2265 3287 2376 3329 desi-

1343 3355 1448 3396 derii
1474 3354 1760 3396 sursumactio
1782 3369 1790 3395 ε
1814 3355 1895 3396 hoc
1918 3355 2016 3396 facit
2042 3356 2125 3398 alia
2142 3359 2284 3401 studia
2302 3373 2378 3403 va-

2429 1225 2539 1253 Passio-

1344 3462 1471 3505 Leqz'b.,
1499 3462 1558 3495 lib.
1589 3463 1618 3502 Ι,
1645 3462 1679 3494 in
1703 3462 1760 3495 fin.
1777 3480 1819 3486 —
1839 3464 1849 3482 ⁷
1869 3463 1949 3504 lm..
1975 3472 2054 3507 va,
2080 3468 2133 3499 20.
2156 3485 2197 3493 —
2226 3472 2238 3488 ¹⁵
2257 3470 2376 3512 Ecclz'.‚

1345 3519 1418 3551 xxi,
1438 3513 1490 3542 215.
1512 3527 1552 3534 —
1567 3510 1581 3533 ⁹
1598 3511 1695 3552 Sap„
1720 3518 1744 3552 1,
1761 3512 1792 3543 5.
1817 3528 1858 3534 —
1882 3511 1927 3553 (α)
1948 3512 2003 3545 Al.
2025 3513 2146 3549 aufert.
