2633 3878
54 603 176 630 Manda-

1043 189 1285 233 PSALMUS
1315 192 1488 236 CXVlll.

200 281 289 327 Dei,
309 283 353 318 ut
370 281 559 318 mandata
577 282 662 328 ejus
681 281 971 326 custodiamus,
993 293 1011 314 ι)
1035 282 1231 326 quantum

200 343 251 380 ad
267 343 418 390 judicia
437 343 644 381 charitatis.

528 449 716 484 Artz'culus
740 450 904 493 quartus.

250 530 449 566 Sensibilis
483 530 682 567 exterioris
716 532 847 566 actum
884 528 1110 574 subintulit,
1144 538 1235 563 cum

203 591 467 639 subscripsit:
507 592 688 628 Mandata
727 595 802 627 tua.
839 592 1024 628 Dicuntur
1061 600 1235 636 namque

204 653 398 698 matulam,
439 653 552 701 quasi
598 653 734 690 manui
772 653 883 699 data,
917 664 964 690 eo
1000 652 1110 700 quod
1147 653 1237 688 sunt

205 715 454 752 sensualibus
472 715 630 761 organis
660 715 904 763 mancipata,
926 716 1026 752 inter
1045 725 1132 763 quae
1151 725 1236 750 ma-

205 788 278 814 nus
298 777 475 825 quodam
494 777 617 815 modo
638 777 878 824 dignoscitur
895 777 1072 814 obtinere
1092 777 1238 824 prima-

206 844 321 886 tum,
362 851 449 888 quas
487 841 706 878 secundum
743 840 1062 888 Philosophum¹
1098 840 1239 876 dicitur

207 913 402 948 organum
420 914 676 950 organorum.
708 903 774 939 Hic
802 905 930 951 potest
959 903 1108 949 notari,
1128 902 1239 950 quod

205 964 394 1001 mandata
418 976 540 1002 manu
573 966 741 1012 dantur,
769 965 833 1002 vel
864 966 1141 1013 mancipantur
1173 964 1240 1001 tri-

206 1026 377 1073 pliciter,
399 1028 492 1074 quia
520 1027 818 1074 ministrantur,
849 1028 1172 1072 manifestantur,
1205 1029 1241 1064 et

208 1091 391 1126 notantur
439 1090 687 1127 manualiter.
735 1092 870 1127 Manus
912 1091 1017 1128 enim
1050 1089 1242 1127 ministrat

209 1154 318 1188 actus
347 1153 589 1199 exteriorc53
622 1152 842 1190 manifestat
872 1153 1074 1190 interiores
1090 1166 1101 1200 3
1134 1154 1243 1188 notat

209 1216 341 1251 autem
361 1217 442 1251 tam
468 1214 674 1252 interiores
703 1226 823 1263 quam
844 1215 1069 1252 exteriores.
1093 1217 1145 1251 De
1164 1213 1244 1261 pri-

209 1287 276 1313 mo
304 1275 318 1296 ²
355 1289 364 1313 z
403 1290 420 1311 «
452 1278 612 1325 Propter
644 1278 877 1314 mandatum
909 1288 1064 1314 assume
1095 1286 1245 1324 paupe-

211 1350 295 1376 rem
313 1351 322 1376 :
345 1353 362 1375 ι)
376 1350 465 1376 ecce
486 1340 719 1377 mandatum
733 1341 930 1388 pertinens
941 1340 993 1376 ad
1011 1339 1245 1376 exteriorem

212 1404 342 1438 actum
373 1402 608 1439 manualiter
626 1402 902 1439 ministratum.
926 1404 977 1439 De
1006 1401 1180 1439 secundo
1202 1401 1214 1423 ³
1234 1412 1243 1437 :

217 1477 234 1497 «
256 1467 296 1501 ln
314 1465 390 1500 hoc
410 1465 554 1501 scimus
568 1493 580 1511 ,
603 1466 793 1513 quoniam
814 1465 1075 1512 cognovimus
1095 1475 1208 1509 eum,
1225 1476 1243 1497 »

213 1526 435 1574 scilicetper
445 1527 580 1573 fidem,
594 1527 651 1563 «si
663 1527 848 1564 mandata
857 1528 939 1573 ejus
949 1527 1242 1572 observemus,»

212 1588 255 1625 id
274 1593 354 1633 est,
383 1588 505 1625 iidem
538 1591 713 1626 nostram
743 1601 813 1637 per
846 1600 967 1637 opera
1000 1589 1247 1625 demonstre-

212 1661 323 1697 mus,
341 1652 453 1698 Juxta
472 1651 573 1688 illud
600 1652 862 1698 apostolicum
883 1653 896 1674 '⁶
918 1665 926 1688 :
952 1664 971 1685 α
991 1654 1071 1698 Ego
1091 1651 1160 1688 tibi
1182 1661 1247 1687 os-

214 1712 373 1749 tendam
410 1724 457 1750 ex
502 1713 690 1761 operibus
726 1713 849 1750 fidem
891 1725 1023 1751 meam
1059 1726 1068 1751 ε
1101 1727 1118 1748 ι)
1159 1723 1248 1750 ecce

213 1776 447 1813 mandatum
465 1777 664 1824 pertinens
685 1778 737 1815 ad
757 1777 984 1815 interiorem
1005 1779 1138 1814 actum
1163 1787 1249 1813 ma-

214 1839 382 1876 nualiter
401 1838 704 1876 manifestatum.
728 1841 778 1876 De
796 1840 908 1876 tertio
931 1839 1029 1876 dixit
1061 1839 1250 1875 Dominus

215 1901 337 1948 Moysi
355 1902 397 1937 ⁵:
425 1915 441 1935 «
475 1902 582 1938 Dabo
614 1902 685 1938 tibi
716 1902 870 1939 tabulas
902 1902 1105 1949 lapideas,
1129 1903 1166 1938 et
1194 1901 1250 1938 le-

216 1974 306 2010 gem
319 1991 332 2009 ,
353 1966 390 2000 et
408 1964 595 2001 mandata
615 1975 705 2012 quae
725 1964 862 2012 scripsi
883 1977 890 2001 ι
915 1978 933 1999 »
958 1975 1046 2001 ecce
1063 1963 1252 2000 mandata

217 2029 298 2063 tam
317 2026 367 2062 ad
386 2026 634 2072 interiorem,
653 2038 776 2075 quam
790 2027 842 2064 ad
863 2027 1098 2064 exteriorem
1120 2027 1251 2063 actum

216 2088 450 2136 pertinentia
469 2089 704 2126 manualiter
723 2091 921 2127 annotata.

648 2198 821 2239 Epilogus.

267 2277 363 2314 Dicit
391 2288 486 2325 ergo
516 2279 849 2327 psalmographus
878 2278 1007 2315 vicem
1038 2288 1178 2326 gerens
1207 2277 1255 2314 il-

220 2339 316 2386 lius,
339 2340 407 2388 qui
438 2341 521 2389 spei
552 2341 678 2388 gratia
708 2341 950 2379 confortatus
982 2341 1158 2389 plurium
1190 2351 1256 2377 ex-

221 2402 354 2449 primit
389 2402 533 2439 virium
571 2406 709 2440 actus:
739 2405 895 2440 Paratus
932 2413 1034 2448 sum,
1064 2406 1256 2450 quantum

223 2464 276 2500 ad
308 2465 656 2512 concupiscibilem
696 2467 945 2513 appetentem
956 2478 967 2511 3
1000 2467 1047 2501 Ec
1079 2476 1149 2501 non
1180 2476 1257 2501 sum

225 2527 410 2572 turbatus,
432 2530 627 2574 quantum
657 2527 710 2564 ad
738 2527 976 2564 irascibilem
1011 2526 1259 2574 applauden-

224 2592 327 2634 tem3
354 2591 396 2625 Ut
417 2590 641 2636 custodiam,
670 2593 864 2637 quantum
895 2590 947 2627 ad
980 2589 1258 2627 rationabilem

224 2651 493 2690 consulentem
507 2665 518 2700 3
541 2653 721 2689 Mandata
748 2657 834 2699 tua,
857 2655 1050 2700 quantum
1083 2652 1135 2689 ad
1167 2662 1257 2689 sen-

225 2713 380 2751 sibilem
403 2715 701 2763 obsequentem.

578 2865 800 2893 VERSICULUS
828 2866 908 2893 xm.

276 2972 313 3005 6¹
324 2995 334 3005 .
349 2970 462 3005 Funes
475 2973 697 3015 peccatorum
706 2998 718 3017 ,
740 2974 812 3007 etc.
828 2972 1010 3015 Quonam
1031 2970 1156 3008 modo
1171 2980 1261 3018 spes

228 3031 391 3068 roboret
409 3031 462 3068 ad
482 3032 753 3079 operationem
777 3033 896 3078 boni,
917 3034 1025 3080 patet
1045 3032 1086 3068 in
1105 3036 1264 3080 quater-

229 3093 341 3130 nario
361 3093 598 3140 praecedenti
613 3107 624 3140 ;
651 3095 819 3142 qualiter
850 3097 982 3131 autem
1008 3105 1076 3131 cor
1102 3095 1265 3133 roboret

231 3157 281 3193 ad
302 3156 594 3203 superationem
614 3157 729 3203 mali,
749 3159 886 3204 patens
917 3159 973 3193 est
1003 3157 1043 3193 in
1069 3158 1261 3204 praesenti.

231 3220 310 3255 Hoc
330 3218 573 3262 autem-solet
591 3218 694 3255 effici
714 3219 973 3256 instrumento
995 3219 1264 3267 quadruplici,

232 3280 378 3317 scilicet
393 3281 556 3318 rationis
574 3280 823 3327 discretione,
839 3280 1057 3318 affectionis
1086 3281 1264 3319 devotio-

233 3355 282 3380 ne
294 3372 306 3391 ,
325 3345 631 3393 supplicantium
647 3345 1007 3383 communicatione
1022 3373 1033 3391 ‚
1048 3348 1085 3383 et
1102 3346 1265 3394 propria

277 3427 287 3447 ¹
304 3427 418 3466 Arist„
437 3427 476 3459 de
493 3430 581 3469 part.
602 3427 765 3467 Animal„
785 3427 843 3460 lib.
867 3429 924 3468 lV,
944 3438 974 3460 c.
998 3435 1030 3460 Χ.
1053 3443 1093 3450 -
1112 3428 1126 3449 ²
1143 3427 1268 3467 Eccli.‚

236 3481 343 3515 xxix,
371 3476 422 3508 12.
444 3492 485 3500 -
511 3476 524 3498 ³
556 3477 567 3510 1
592 3476 700 3517 Joan„
731 3484 776 3517 11,
807 3480 836 3508 3Δ
860 3492 902 3499 -
929 3476 943 3497 ⁶
963 3475 1049 3517 lac„
1078 3483 1122 3516 ιι,
1152 3477 1202 3511 18.
1224 3493 1265 3501 —

2258 203 2332 241 397

1308 283 1621 329 supplicatione;
1642 284 1753 331 quod
1784 285 1931 330 patebit
1960 287 2123 324 totidem
2149 298 2336 325 versuum

1309 343 1583 381 insinuatione.
1619 348 1875 384 Instrumento
1906 348 2152 386 discretionis
2190 350 2338 387 utimur

1311 416 1399 442 cum
1418 417 1631 454 pensamus
1644 436 1653 452 ,
1672 418 1742 455 per
1764 409 1873 455 quod
1894 411 2137 456 attrahimur,
2155 412 2207 449 ad
2229 412 2339 460 quod

1311 468 1555 514 attrahimur,
1577 480 1600 505 a
1620 480 1701 518 quo
1721 470 1956 508 retrahimur
1970 501 1980 517 ,
2001 483 2071 519 per
2093 474 2202 521 quod
2222 478 2341 512 retra-

1310 527 1471 566 himur:
1500 542 1671 578 quorum
1700 531 1874 578 primum
1908 535 1964 569 est
1994 535 2172 582 occasio;
2203 547 2340 573 secuu-

1313 591 1409 628 dum
1428 621 1437 637 ,
1470 593 1661 640 oisensi03
1684 594 1840 630 tertium
1859 622 1870 640 ,
1905 595 2107 642 obediti03
2131 601 2313 644 quartum
2329 627 2341 644 ,

1313 653 1463 691 oblivio
1486 667 1493 691 :
1523 666 1610 703 quae
1639 659 1823 693 notantur
1850 668 1922 705 per
1951 657 2131 695 ordinem
2159 659 2199 695 in
2228 671 2343 697 versu

1312 717 1529 764 proposito.

1639 783 1827 820 Articulus
1860 786 2015 830 primus.

1362 859 1557 902 Quantum
1577 858 1629 895 ad
1648 859 1842 907 primum,
1873 861 2014 898 dicitur
2036 874 2044 898 :
2066 863 2180 899 Funes
2199 866 2346 901 circum—

1312 922 1418 967 pleoet'
1449 925 1532 957 sunt
1563 933 1638 964 me‚·
1670 921 1765 970 quia
1795 933 1933 960 revera
1965 924 2076 961 funes
2101 953 2112 971 ,
2147 936 2216 973 per
2247 938 2348 974 quos

1317 983 1464 1020 attracti
1497 986 1533 1020 et
1563 984 1821 1032 circumplexi
1849 987 1939 1022 sunt
1977 989 2204 1034 peccatores
2222 1017 2233 1034 ,
2266 988 2349 1036 ple-

1316 1056 1485 1094 rumque
1523 1049 1612 1083 sunt
1650 1047 1877 1084 occasiones
1909 1049 2128 1096 peccandi,
2166 1061 2253 1098 quae
2290 1052 2348 1088 di-

1318 1112 1458 1146 cuntur
1487 1110 1637 1157 peccati
1672 1110 1962 1158 dispositiones.
2001 1115 2043 1148 Et
2076 1115 2170 1150 nota
2193 1142 2205 1160 ,
2239 1115 2350 1162 quod

1318 1171 1487 1218 legimus
1521 1171 1691 1219 triplices
1728 1173 1841 1210 funes
1868 1203 1879 1219 ,
1924 1175 2144 1212 secundum
2183 1176 2352 1224 triplices

1316 1233 1466 1281 peccati
1498 1234 1788 1282 dispositiones.
1820 1238 1881 1272 Est
1913 1237 2019 1273 enim
2050 1237 2255 1286 dispositio
2292 1250 2352 1276 re-

1318 1299 1445 1341 mota,
1464 1297 1692 1345 propinqua
1710 1326 1721 1345 ,
1742 1298 1926 1345 proxima
1947 1327 1958 1345 ,
1981 1302 2016 1336 et
2035 1300 2207 1347 perfecta
2225 1314 2233 1337 ;
2257 1312 2353 1349 qua·

1320 1369 1409 1395 rum
1445 1359 1574 1407 prima
1608 1360 1775 1408 pertinet
1812 1361 1864 1398 ad
1893 1364 2046 1409 partem
2079 1363 2219 1400 animae
2253 1364 2352 1401 irra-

1321 1421 1510 1458 tionalem
1529 1450 1541 1468 ,
1574 1423 1849 1461 irrationaliter
1880 1428 2135 1472 operantem3
2158 1427 2351 1474 secunda,

1322 1483 1374 1520 ad
1402 1487 1555 1531 partem
1589 1486 1731 1523 anima}
1763 1486 2018 1532 rationalem,
2045 1498 2126 1524 non
2156 1488 2354 1525 rationali—

1322 1548 1379 1583 ter
1398 1546 1446 1594 (a)
1467 1551 1698 1595 operantem
1710 1562 1721 1595 3
1743 1549 1867 1594 tertia,
1890 1549 1941 1585 ad
1967 1552 2119 1597 partem
2139 1551 2280 1587 animae
2296 1562 2356 1587 ra-

1323 1609 1525 1656 tionalem,
1540 1611 1781 1648 rationaliter
1800 1614 2030 1659 operantem
2047 1624 2055 1648 ε
2073 1612 2275 1649 rationalis
2289 1624 2355 1650 au-

1323 1674 1402 1708 tem
1423 1673 1599 1720 operatio
1627 1676 1684 1709 est
1707 1674 1952 1711 ratiocinatio
1968 1703 1979 1720 ,
2001 1674 2082 1711 sive
2104 1674 2353 1712 deliberatio.

1325 1734 1375 1771 De
1395 1734 1533 1782 primis
1550 1735 1712 1773 funibus
1731 1736 1901 1783 legimus
1920 1738 1933 1758 ὓ
1955 1749 1963 1773 :
1989 1750 2007 1770 ι(
2026 1738 2153 1773 Funes
2173 1737 2357 1774 extende-

1323 1800 1414 1834 runt
1432 1797 1473 1834 in
1485 1797 1675 1846 laqueum
1697 1811 1706 1835 ε
1728 1813 1745 1832 »
1765 1799 1950 1836 diabolus
1970 1799 2117 1847 quippe
2137 1799 2292 1836 nobiles
2310 1800 2356 1847 (b)

1324 1858 1436 1897 funes
1463 1860 1505 1896 in
1533 1859 1723 1908 laqueum
1749 1861 1946 1908 extendit,
1968 1872 2059 1898 cum
2077 1861 2118 1897 in
2137 1864 2247 1909 parte
2266 1861 2359 1898 irra-

1324 1922 1464 1959 tionali
1481 1922 1750 1960 irrationalem
1770 1925 1922 1961 motum
1944 1923 2132 1967 intendit,
2151 1934 2222 1971 per
2238 1934 2359 1972 quem

1324 1987 1476 2032 partem
1507 1985 1742 2023 rationalem
1769 1986 1986 2033 illaqueare
2015 1985 2193 2022 intendit.
2225 1988 2275 2022 De
2304 1997 2360 2022 se-

1327 2047 1466 2084 cundis
1485 2047 1655 2094 ,funibus
1685 2048 1902 2095 reperimus
1922 2076 1934 2094 ,
1965 2048 2076 2096 quod
2102 2048 2224 2085 Judaei
2256 2048 2360 2085 dixe-

1327 2112 1419 2159 runt
1447 2111 1626 2148 Samsoni
1646 2111 1824 2159 ipsorum
1849 2111 1974 2158 Judici
1993 2112 2006 2133 ⁷
2029 2124 2037 2148 ι
2064 2125 2083 2146 ι(
2102 2113 2186 2148 Non
2204 2114 2238 2147 te
2260 2111 2361 2148 occi-

1329 2172 1491 2219 demus,
1512 2173 1583 2209 sed
1608 2172 1784 2210 vinctum
1803 2173 2004 2210 trademus
2017 2186 2028 2220 3
2059 2173 2359 2221 ligaveruntque

1329 2245 1421 2272 eum
1451 2235 1610 2273 duobus
1635 2235 1749 2272 novis
1780 2235 1954 2272 funibus.
1974 2249 1991 2271 »
2016 2238 2086 2272 Per
2106 2236 2270 2282 Jadoeos,
2293 2236 2361 2283 qui

1330 2297 1558 2334 confitentes
1585 2297 1911 2346 interpretantur,
1932 2298 2099 2346 quilibet
2125 2298 2264 2335 fideles
2290 2309 2363 2335 no-

1329 2362 1485 2407 tantur3
1505 2371 1576 2408 per
1594 2361 1798 2397 Samsonem
1825 2372 1964 2398 eorum
1979 2361 2157 2408 judicem
2177 2360 2361 2408 intelllgi-

1330 2432 1419 2458 mus
1438 2423 1653 2469 rationem,
1674 2434 1745 2471 per
1772 2434 1892 2471 quam
1923 2426 2112 2471 tanquam
2140 2435 2210 2471 per
2238 2423 2363 2460 solem

1331 2484 1559 2521 interiorem
1590 2485 1861 2522 illuminantur
1886 2485 2019 2522 :unde
2049 2487 2214 2523 Samson
2238 2488 2290 2522 sol
2313 2497 2365 2522 eo-

1331 2558 1410 2583 rum
1437 2546 1725 2594 interpretatur.
1748 2548 1913 2584 Samson
1929 2558 2023 2594 ergo
2044 2547 2203 2585 duobus
2221 2548 2365 2594 ligatur

1331 2608 1519 2655 funibus,
1551 2620 1641 2646 cum
1671 2609 1771 2646 ratio
1801 2609 1960 2646 duobus
1993 2609 2136 2656 ligatur
2161 2610 2335 2647 motibus
2354 2639 2364 2656 ‚

1333 2671 1480 2708 scilicet
1517 2673 1628 2708 motu
1664 2671 1970 2709 irrationalitatis
2007 2672 2259 2718 irrationali,
2298 2673 2366 2720 qui

1334 2733 1476 2770 dicitur
1507 2733 1659 2781 primus
1687 2737 1842 2781 motus3
1875 2737 1911 2771 ct
1945 2736 2058 2771 motu
2095 2734 2367 2773 rationalitatis

1334 2807 1415 2834 non
1434 2796 1617 2834 rationali
1630 2824 1642 2843 ,
1668 2796 1737 2844 qui
1762 2799 1925 2834 vocatur
1951 2807 2163 2834 consensus
2184 2796 2336 2834 subitus
2358 2810 2365 2833 :

1334 2861 1372 2895 et
1404 2858 1597 2907 quoniam
1626 2862 1789 2907 uterque
1824 2862 1956 2896 motus
1987 2858 2153 2896 venialis
2183 2861 2264 2905 est,
2286 2869 2368 2896 non

1334 2921 1512 2958 mortalis
1531 2949 1544 2968 ,
1577 2920 1725 2958 idcirco
1755 2921 1921 2959 Samson
1951 2921 2065 2968 ligari
2095 2921 2258 2964 dicitur,
2287 2932 2369 2958 non

1336 2983 1475 3020 occidi.
1499 2985 1549 3020 De
1575 2983 1695 3020 tertiis
1721 2983 1882 3021 funibus
1902 2983 2027 3020 David
2045 2983 2241 3021 dicentem
2261 2983 2370 3021 novi-

1336 3056 1424 3083 mus
1443 3046 1456 3068 ⁸
1485 3058 1493 3082 ε
1523 3058 1542 3080 «
1570 3047 1696 3083 Funes
1727 3045 1870 3082 inferni
1901 3045 2249 3082 circumdederunt
2278 3056 2366 3092 me,-

1336 3111 1714 3157 praeoccupaverunt
1729 3120 1792 3146 me
1808 3109 1940 3157 laquei
1954 3109 2133 3147 mortis.»
2151 3112 2219 3146 Per
2235 3109 2367 3155 David,

1337 3172 1407 3220 qui
1436 3182 1558 3210 manu
1584 3172 1694 3209 fortis
1726 3171 2029 3220 interpretatur,
2057 3171 2220 3219 quilibet
2243 3172 2369 3217 ,iustus

1337 3235 1513 3282 signatur
1534 3247 1543 3272 ε
1564 3234 1634 3284 qui
1650 3236 1802 3281 funibus
1820 3237 1955 3280 inferni
1973 3235 2116 3272 dicitur
2135 3235 2368 3281 circumdari,

1339 3297 1502 3345 quando
1529 3297 1581 3334 ad
1607 3300 1739 3335 actum
1764 3297 2008 3345 prohibitum
2035 3307 2106 3345 per
2134 3307 2370 3334 consensum

1339 3382 1352 3404 ὓ
1371 3381 1493 3420 Εποιί.,
1513 3389 1610 3421 xxiv,
1633 3384 1682 3412 12.
1703 3398 1743 3404 —
1770 3382 1782 3399 ⁰
1802 3380 1892 3413 Psal.
1914 3387 2041 3412 cxxxix
2058 3404 2068 3420 ,
2088 3382 2120 3413 6.
2146 3397 2187 3403 —-
2216 3381 2225 3398 ⁷
2249 3380 2368 3420 Judic„

1340 3436 1396 3469 xv,
1418 3431 1467 3461 13.
1486 3445 1525 3451 -
1541 3429 1555 3450 ⁸
1573 3429 1597 3460 11
1622 3429 1711 3470 καφ,
1726 3435 1812 3467 xxii,
1833 3430 1865 3460 6.
1881 3445 1920 3451 —
1937 3428 1985 3469 (α)
2007 3427 2370 3460 Ed1·t.Ven.irrationa-

1337 3476 1425 3510 liter.
1445 3493 1486 3501 -
1509 3475 1554 3517 (b)
1575 3476 1652 3517 Leq.
1673 3475 1829 3509 mobiles.

2396 2246 2501 2275 Judaei.

2404 2994 2506 3021 David.
