2633 3878
285 298 360 336 500

282 381 515 420 hereditatis.
536 381 586 417 De
603 378 731 428 primo
750 388 821 426 per
845 377 1086 414 Psalmistam
1107 376 1248 413 dicitur
1265 378 1274 398 ¹
1293 387 1303 411 ε

285 459 301 479 α
321 442 529 481 Laborabit
559 443 598 478 in
628 444 840 486 aeternum,
867 443 903 476 et
927 440 1031 476 vivet
1055 438 1182 476 adhuc
1204 438 1244 473 in
1262 437 1304 473 fi-

279 517 394 550 nem,
414 520 431 539 »
456 504 600 541 seilicet
626 503 746 540 finem
765 505 902 550 praeter
922 502 1040 537 tinem
1060 513 1067 536 :
1088 511 1176 537 ecce
1197 501 1305 536 teter-

278 568 378 604 nitas
397 566 556 603 laboris.
587 568 636 602 De
663 565 836 602 secundo
857 575 926 611 per
947 563 1179 609 Prophetam
1201 561 1303 609 psal-

277 629 394 666 litur²
426 641 434 664 :
467 642 484 662 α
504 630 631 675 [sque
664 628 703 663 in
735 630 921 663 arternum
952 635 1033 661 non
1064 623 1214 660 videbit
1240 623 1302 660 lu—

277 702 393 728 men:
418 704 435 724 »
456 701 544 727 ecce
571 689 762 726 mternitas
793 688 979 724 horroris.
1015 689 1064 723 De
1092 686 1203 723 tertio
1233 697 1303 734 per

276 752 459 789 eumdem
479 751 734 788 conscribitur
752 751 764 772 ⁸
787 761 795 785 :
818 763 836 783 (ι
857 749 1042 786 Dominus
1061 748 1242 795 regnabit
1262 748 1301 784 iu

274 817 483 858 aeternum,
498 816 533 850 et
550 813 590 849 in
605 811 792 848 saeculum
810 810 939 847 saeeuli
961 822 1002 846 :u
1018 809 1194 858 peribitis
1212 820 1302 856 gen-

274 879 329 913 tes
349 876 398 912 de
417 879 518 912 terra
538 874 642 911 illius
658 886 667 919 ;
691 873 802 921 quasi
818 872 921 910 dicat
936 884 944 908 ε
961 872 1142 916 Quandiu
1163 881 1301 918 regna-

272 937 331 974 bit
348 937 534 975 Dominus
551 935 863 981 dominantium,
883 934 1022 971 tandiu
1048 933 1222 981 peribitis
1252 932 1300 969 de

273 1002 374 1037 terra
404 999 616 1036 viventium
644 1011 651 1035 :
683 1009 770 1035 eece
801 996 991 1044 regnandi
1024 995 1241 1041 aeternitas,
1265 998 1300 1031 et

271 1063 463 1111 pereundi
483 1063 736 1101 coaeternitas.

602 1169 790 1203 Articulus
820 1169 959 1204 tertius.

317 1255 363 1289 Et
390 1254 447 1289 lea:
482 1256 554 1288 tuci.
582 1253 723 1297 Legem
754 1250 847 1286 dicit
878 1249 1045 1296 legalem
1077 1248 1297 1285 commina-

269 1315 414 1352 tionem
451 1317 587 1351 contra
618 1312 716 1359 legis
756 1312 1163 1357 contaminat10n0m3
1204 1310 1298 1357 quia

266 1377 381 1424 pauci
400 1375 774 1413 contaminationem
803 1376 1006 1420 caverent,
1034 1373 1107 1409 nisi
1129 1371 1296 1409 commi·-

267 1439 467 1475 nationem
485 1440 685 1485 paverent.
715 1438 757 1473 Et
776 1440 869 1472 nota
898 1436 971 1472 tria
991 1433 1297 1479 comminantia,

268 1504 403 1538 contra
429 1501 502 1537 tria
527 1499 861 1545 contaminantia3
884 1497 1026 1534 scilicet
1056 1495 1296 1544 desperatio-

268 1574 378 1607 nem,
399 1562 682 1599 desolationem
695 1589 706 1607 ,
727 1563 763 1598 et
784 1559 1145 1607 consumptionem,
1162 1560 1298 1595 eontra

267 1625 414 1673 peccati
458 1623 823 1671 perpetrationem,
861 1621 1190 1658 deformationem
1214 1648 1226 1666 ,
1263 1622 1299 1656 et

268 1686 564 1733 obligationem.
581 1688 678 1722 Cum
692 1685 796 1721 enim
809 1686 1015 1730 peceatum
1035 1685 1296 1730 perpetratur,

268 1749 401 1786 anima
435 1748 697 1792 deformatur,
727 1749 764 1783 et
796 1745 847 1782 ad
875 1755 1034 1792 poenam
1065 1747 1297 1791 perpetuam

268 1811 477 1857 obligatur.
507 1812 555 1846 De
575 1809 703 1857 primo
725 1810 737 1831 ⁸
761 1821 769 1844 ε
797 1821 815 1841 «
839 1809 1026 1844 Tenentes
1053 1806 1183 1852 legem
1214 1817 1298 1842 nes-

267 1873 416 1910 cierunt
435 1883 523 1918 me3
544 1885 561 1904 ι)
587 1875 623 1908 et
642 1870 742 1907 infra
760 1881 768 1905 t
796 1883 811 1903 «
832 1871 1041 1916 Propterea
1059 1868 1187 1905 adhue
1209 1879 1298 1904 con-

267 1935 427 1972 tendam
442 1933 592 1980 judicio
614 1933 842 1976 vobiscum,
863 1931 915 1968 ait
935 1930 1136 1976 Dominus,
1155 1932 1191 1966 et
1207 1940 1297 1965 cum

266 1996 357 2032 filiis
375 1995 510 2032 vestris
540 1994 791 2041 disceptabo;
813 2007 830 2026 »
855 2003 942 2029 ecce
973 1992 1103 2039 prima
1134 1992 1297 2028 commi-

268 2058 375 2095 natio
403 2057 522 2105 legis,
544 2057 689 2093 scilicet
714 2054 968 2092 comminatio
990 2053 1293 2101 disceptationis.

269 2122 318 2157 De
339 2119 513 2157 secundo
533 2119 546 2140 ⁵
571 2131 579 2155 z
605 2134 620 2149 «
644 2121 685 2155 ln
707 2118 769 2154 die
793 2117 860 2153 illa
879 2117 996 2163 longe
1016 2116 1081 2152 fiet
1100 2116 1165 2152 lex
1187 2129 1197 2162 ;
1220 2129 1237 2150 »
1262 2118 1298 2151 et

267 2181 393 2218 inira:
418 2184 496 2217 «Et
526 2184 628 2218 terra
657 2180 728 2216 erit
758 2180 799 2215 in
830 2178 1114 2216 desolationem
1138 2180 1298 2224 propter

267 2243 508 2280 habitatores
538 2253 630 2279 suos
652 2254 660 2277 ε
682 2254 700 2275 n
724 2251 811 2278 ecce
844 2240 1016 2276 secunda
1043 2238 1296 2275 comminatio

267 2305 367 2352 legis
390 2332 402 2349 ,
440 2304 584 2341 scilicet
631 2302 886 2339 comminatio
935 2300 1201 2337 desolationis.
1247 2302 1297 2336 De

269 2368 379 2404 tertio
409 2367 422 2388 ⁶
452 2378 459 2402 :
496 2380 513 2399 «
547 2364 773 2402 Sacerdotes
818 2365 1136 2410 contempserunt
1168 2362 1298 2409 legem

267 2439 422 2473 meam,
445 2441 462 2462 n
482 2430 519 2464 et
548 2425 649 2463 infra
671 2438 679 2462 :
706 2441 721 2457 «
743 2427 784 2461 Et
798 2425 919 2461 effudi
950 2435 1067 2472 super
1093 2435 1161 2461 eos
1194 2424 1297 2460 indi-

268 2491 492 2537 gnationem
527 2499 656 2525 meam
678 2516 689 2533 ,
722 2491 759 2524 et
788 2487 829 2523 in
856 2487 945 2533 igne
978 2487 1044 2523 irre
1077 2497 1174 2523 meae
1206 2497 1298 2523 con-

268 2551 416 2599 sumpsi
446 2562 513 2588 eos
540 2562 549 2587 :
573 2564 590 2585 »
622 2560 709 2586 ecce
740 2549 852 2586 tertia
890 2549 1144 2586 comminatio
1179 2548 1296 2594 legis,

267 2614 412 2650 scilicet
442 2611 694 2650 comminatio
726 2611 1060 2658 consumptionis,
1092 2621 1161 2647 seu
1190 2620 1299 2647 com-

268 2675 472 2713 bustionis.

595 2767 782 2803 Articulus
807 2768 971 2812 quartus.

322 2863 477 2898 Veritas.
516 2863 598 2898 Haec
636 2863 692 2897 est
724 2859 867 2896 veritas
905 2859 1214 2896 confirmationis
1232 2870 1240 2895 :
1263 2861 1300 2895 et

271 2928 373 2963 reete
395 2925 487 2961 dicit
507 2923 732 2968 auctoritas,
749 2922 858 2970 quod
879 2924 935 2958 lea:
955 2926 1018 2958 tua
1036 2925 1190 2967 veritas,
1205 2922 1299 2969 quia

272 2988 334 3025 lex
355 2986 497 3023 divinae
516 2984 830 3022 comminationis
849 3012 862 3029 ,
883 2987 939 3020 est
958 2983 1204 3020 confirmatio
1224 2983 1298 3019 hu-

272 3059 399 3085 manae
418 3045 756 3084 condemnationis
771 3057 781 3090 3
812 3046 1003 3091 quoniam
1032 3056 1113 3082 non
1136 3045 1297 3091 indigne

272 3109 642 3147 condemnationem
661 3109 852 3152 meretur,
874 3107 1112 3154 quicumque
1133 3106 1297 3143 commi-

271 3173 471 3210 nationem
491 3169 685 3218 ejusmodi
705 3180 787 3206 non
806 3171 973 3205 veretur.
997 3170 1039 3204 Et
1058 3171 1166 3214 nota,
1187 3168 1298 3216 quod

270 3235 412 3271 veritas
428 3233 520 3279 ista,
542 3232 641 3268 sicut
658 3231 801 3278 legitur
821 3230 860 3266 in
879 3229 1075 3276 Scriptura
1088 3257 1099 3275 ‚
1123 3233 1178 3266 est
1194 3230 1299 3266 veri-

270 3298 329 3332 tas
348 3295 573 3340 diffinitiva,
595 3297 651 3330 est
679 3293 821 3330 veritas
853 3291 1101 3332 retributiva,
1126 3293 1181 3327 est
1201 3291 1299 3327 veri-

271 3361 328 3394 tas
347 3355 618 3393 confirmativa
639 3367 648 3391 z
670 3355 788 3402 plane
815 3353 1023 3390 diffinitiva
1051 3352 1133 3388 sine
1161 3352 1298 3399 appel-

269 3419 429 3462 latione,
448 3417 675 3454 retributiva
693 3416 775 3452 sine
794 3414 1065 3460 rebellatione,
1090 3413 1299 3450 confirma-

312 3502 323 3523 ¹
340 3500 434 3532 Psal.
459 3508 589 3540 xnvm,
613 3502 644 3531 9.
663 3516 705 3522 -—
728 3499 742 3520 ²
765 3498 863 3536 thid„
887 3499 939 3530 20.
955 3515 996 3521 —
1022 3497 1036 3518 ³
1053 3496 1149 3528 Psal.
1171 3505 1219 3538 ix,
1243 3498 1295 3529 37.

270 3549 280 3564 ⁴
299 3549 430 3585 Ιοιιψννιζ
454 3555 494 3579 ῐῐ.
514 3549 544 3578 8.
564 3549 594 3578 9.
615 3563 655 3569 -
674 3548 684 3564 ⁵
703 3545 898 3582 Mich.‚v1r,
927 3547 975 3584 tt,
998 3545 1047 3575 13.
1072 3561 1109 3567 -
1129 3544 1141 3562 ‘¹
1166 3544 1295 3580 Ezeclt„

979 287 1253 330 EXl‘OSlTIO
1286 286 1336 328 ΙΝ
1365 285 1713 329 PSALTERIUM.

1380 375 1458 412 tiva
1495 376 1576 412 sine
1606 374 1876 412 retractatione
1909 374 1970 422 (a).
2004 376 2056 411 De
2083 375 2243 423 primo⁷
2276 389 2284 414 ε
2316 393 2334 412 «
2358 379 2401 416 ln

1379 438 1537 474 veritate
1555 437 1693 475 educet
1708 436 1900 483 judicium
1921 449 1929 473 :
1951 450 1969 471 »
1993 447 2081 473 ecce
2100 437 2241 475 veritas
2261 438 2403 476 diffini-

1379 498 1485 535 tiva:
1519 499 1617 547 quid
1650 498 1755 535 enim
1791 500 1847 535 est
1879 498 2072 545 Judicium
2109 499 2300 546 educere,
2329 501 2404 538 nisi

1379 560 1547 597 diffinire
1564 563 1582 596 ⁸?
1609 563 1659 597 De
1690 561 1864 597 secundo
1898 561 2079 597 scribitur
2105 571 2128 597 a
2160 561 2404 609 Psalmogra-

1378 622 1458 668 pho
1475 623 1488 643 ⁸
1513 634 1520 657 :
1547 635 1562 655 «
1579 622 1784 659 veritatem
1801 622 1971 668 requiret
1987 623 2029 669 (b)
2053 622 2262 669 Dominus,
2285 627 2322 661 et
2340 633 2403 660 re-

1377 683 1519 720 tribuet
1554 683 1802 720 abundanter
1838 682 2071 720 facientibus
2103 684 2330 731 superbiam
2352 697 2360 721 :
2382 699 2401 721 »

1378 755 1465 781 ecce
1494 744 1634 781 veritas
1659 744 1902 781 retributiva.
1935 746 1985 781 De
2005 745 2116 782 tertio
2135 746 2149 768 ⁹
2170 759 2180 782 ε
2204 759 2223 782 (ι
2241 747 2406 784 Labium

1376 806 1548 843 veritatis
1567 806 1726 843 firmum
1747 807 1819 844 erit
1838 806 1879 843 in
1908 810 2141 857 perpetuum
2163 819 2171 844 ε
2192 820 2210 843 ))
2233 818 2320 846 eece
2340 818 2404 846 ve-

1375 868 1467 905 ritas
1487 869 1769 907 confirmativa.

1804 976 1974 1019 Epilogus.

1422 1058 1526 1093 Patet
1565 1056 1696 1104 itaque
1742 1056 2019 1104 propheticum
2061 1056 2265 1105 eloquium
2302 1057 2404 1095 eirea

1375 1117 1606 1155 sententiam
1625 1118 1914 1155 humiliativam
1933 1118 2177 1156 sublimium.
2193 1119 2252 1156 Ait
2270 1118 2400 1156 enirn:

1373 1182 1526 1217 Justz‘tz'a
1547 1183 1627 1227 tua,
1649 1184 1842 1228 quantum
1870 1181 1921 1218 ad
1945 1181 2135 1228 justitiam
2161 1181 2403 1219 condemna-

1373 1242 1508 1289 tionis3
1533 1244 1686 1279 Juseitia
1706 1245 1745 1279 in
1774 1247 1967 1289 aecernum,
1989 1245 2182 1291 quantum
2210 1243 2262 1281 ad
2287 1244 2401 1291 justi-

1373 1304 1467 1342 tiam
1499 1305 1824 1352 continuationis3
1853 1307 1903 1342 Et
1934 1307 1992 1342 lem
2025 1309 2108 1352 tua,
2139 1308 2331 1354 quantum
2350 1305 2402 1343 ad

1374 1366 1504 1414 legem
1543 1366 1891 1414 comminationis3
1927 1368 2093 1414 Veritas,
2127 1370 2319 1415 quantum
2351 1367 2403 1404 ad

1374 1429 1576 1467 veritatem
1598 1428 1920 1466 confirmationis.

1740 1578 1958 1606 VERSICULUS
1983 1579 2046 1606 XV.

1424 1683 1503 1717 143.
1530 1682 1730 1716 Tribulatio
1751 1685 1785 1717 et
1814 1683 2001 1727 angustia,
2023 1683 2094 1717 ete.
2122 1682 2211 1717 Duae
2232 1679 2402 1717 diffiniti-

1372 1754 1428 1780 vae
1448 1743 1645 1779 sententiae
1664 1742 1705 1778 in
1725 1742 1881 1779 duobus
1895 1742 2104 1790 praemissis
2117 1741 2295 1779 versibus
2313 1744 2403 1779 sunt

1373 1815 1585 1852 expressae,
1614 1804 1796 1840 videlicet
1822 1804 2033 1840 humilium
2064 1803 2344 1850 sublimativa,
2367 1806 2404 1840 et

1372 1866 1602 1903 sublimium
1621 1865 1892 1912 humiliativa3
1915 1865 2090 1913 sequitur
2116 1865 2229 1902 tertia
2257 1864 2403 1902 diffini-

1372 1928 1451 1964 tiva
1470 1927 1659 1964 sententia
1677 1927 1718 1963 in
1737 1927 1845 1963 istius
1867 1937 1999 1964 versus
2018 1926 2257 1964 continentia
2273 1926 2404 1964 brevi-

1373 1992 1429 2026 ter
1449 1989 1727 2037 exprimenda,
1747 1989 1890 2025 scilicet
1908 1988 2140 2036 patientium
2157 1989 2398 2026 coronativa.

1372 2054 1469 2089 Nam
1494 2051 1687 2099 Propheta
1713 2051 1896 2099 praeclare
1920 2051 2152 2098 patientium
2170 2050 2318 2088 militiae
2337 2061 2404 2088 co-

1373 2113 1622 2150 ronationem
1666 2113 1935 2160 contemplans
1961 2141 1973 2159 ,
2022 2115 2058 2149 et
2095 2112 2402 2161 contemplando

1374 2175 1642 2221 conJ'ubilanS,
1670 2186 1717 2211 ex
1747 2185 1885 2212 eorum
1917 2185 2088 2222 persona
2119 2173 2320 2222 loquitur,
2349 2174 2404 2212 ita

1374 2239 1534 2272 cantans
1557 2249 1564 2272 ε
1589 2237 1787 2272 Τνίῑηιῖαείο
1825 2239 1859 2272 et
1889 2239 2060 2282 anqustca
2081 2263 2093 2282 ,
2127 2236 2240 2283 quasi
2269 2235 2399 2273 dicat:

1374 2297 1583 2343 Attendite,
1612 2297 1710 2345 quid
1740 2297 1937 2342 toleravi,
1956 2307 2027 2344 per
2060 2297 2158 2344 quid
2189 2296 2401 2344 superavi,

1375 2359 1472 2407 quid
1492 2359 1764 2404 consideravi,
1786 2359 1883 2406 quid
1912 2358 2079 2406 speravi.
2100 2357 2208 2395 Unde
2227 2369 2299 2407 per
2317 2369 2403 2396 ver-

1373 2431 1438 2457 sus
1478 2421 1595 2467 hujus
1629 2420 1908 2457 continentiam
1945 2430 2155 2467 possumus
2190 2422 2402 2458 connotare

1373 2482 1553 2519 militiam
1574 2481 1808 2519 tolerantem
1821 2510 1834 2527 ,
1848 2481 2029 2518 militiam
2048 2483 2314 2530 superantem,
2331 2481 2402 2519 mi-

1373 2544 1497 2581 litiam
1541 2544 1856 2582 considerantem
1875 2572 1886 2590 ,
1926 2543 2107 2581 militiam
2146 2545 2369 2592 sperantem
2388 2573 2400 2588 ,

1373 2605 1565 2643 Toleravit
1583 2606 1688 2643 enim
1707 2606 1911 2651 malitiam,
1933 2605 2133 2653 superavit
2151 2616 2223 2654 per
2253 2605 2404 2654 sapien·

1372 2667 1486 2714 tiam,
1510 2668 1772 2706 consideravit
1800 2667 1987 2715 gratiam,
2017 2667 2190 2715 speravit
2218 2667 2401 2716 gloriam.

1713 2773 1896 2808 Articulus
1912 2773 2064 2819 primus.

1421 2855 1591 2893 Primum
1622 2856 1804 2900 notatur,
1837 2865 1927 2891 cum
1955 2853 2136 2891 scribitur
2170 2865 2179 2890 :
2205 2853 2402 2890 Tribulatio

1374 2920 1407 2954 et
1427 2920 1617 2963 anqustia,
1633 2917 1675 2953 id
1689 2919 1758 2962 est,
1774 2916 1991 2963 corporalis
2010 2920 2047 2953 et
2063 2915 2274 2964 spiritualis
2292 2913 2403 2952 mali-

1374 2979 1439 3025 tia,
1473 2979 1638 3016 exterior
1670 2981 1707 3015 et
1741 2978 1902 3015 interior
1939 2977 2131 3024 amaritia,
2169 2987 2291 3025 quam
2327 2987 2402 3026 pro

1374 3041 1522 3077 Christo
1549 3040 1820 3088 aequanimiter
1848 3038 1987 3076 tolerat
2008 3038 2219 3076 christiana
2249 3038 2401 3077 militia.

1374 3104 1417 3138 Et
1436 3105 1530 3139 nota
1558 3102 1661 3139 circa
1686 3101 1979 3139 tribulationem
2009 3103 2046 3138 et
2071 3100 2318 3148 angustiam,
2339 3099 2404 3137 tri·

1373 3165 1556 3211 partitam
1591 3164 1844 3201 tolerantium
1883 3162 2142 3200 differentiam
2181 3174 2191 3200 ε
2231 3172 2403 3210 quorum

1375 3225 1440 3262 alii
1460 3228 1706 3274 superantur,
1741 3225 1808 3262 alii
1835 3235 1916 3262 non
1943 3226 2199 3272 superantur,
2225 3223 2292 3260 alii
2316 3233 2400 3259 sus-

1372 3289 1583 3325 tentantur.
1628 3288 1756 3324 Prima
1789 3286 1998 3324 tolerantia
2027 3286 2192 3332 vitiosa,
2228 3283 2403 3321 secunda

1373 3352 1562 3397 virtuosa,
1584 3351 1654 3388 sed
1674 3350 1784 3388 tertia
1802 3351 1996 3398 gratiosa3
2013 3349 2120 3397 quia,
2141 3348 2239 3384 sieut
2257 3347 2402 3384 Seneca

1373 3447 1469 3479 xxti,
1489 3441 1548 3480 26,
1569 3441 1621 3472 31.
1637 3457 1676 3464 —-
1697 3440 1706 3458 Ἰ
1726 3440 1920 3480 Jsa.‚x1.11,
1937 3440 1968 3470 3.
1988 3454 2029 3461 —
2052 3438 2064 3457 ¹⁵
2082 3436 2172 3469 Psal.
2196 3444 2286 3477 xxx,
2308 3437 2347 3468 24
2362 3453 2403 3460 —-

1373 3486 1386 3507 ⁹
1402 3487 1516 3525 Prov„
1537 3495 1600 3528 xil,
1623 3488 1673 3519 19.

1416 3543 1461 3583 (a)
1487 3543 1569 3575 Coet.
1590 3542 1671 3574 edit.
1691 3542 1907 3574 retractione.
1923 3558 1964 3565 —
1983 3539 2027 3579 (b)
2046 3541 2125 3571 uem
2147 3540 2297 3582 requirit.
