2633 3878
271 273 322 312 18
966 262 1411 307 ILLUMINATIONES
1440 261 1703 306 ECCLESIAE

269 359 392 400 oculo
421 357 589 398 infirmo
608 359 846 408 exponatur
871 355 1030 405 radius,
1051 355 1194 407 potius
1220 366 1293 395 ex-

269 433 460 478 caecatur,
485 439 613 481 quam
633 427 910 469 illuminatur.
933 426 1208 479 Loquendum
1230 427 1291 465 est

267 514 373 554 ergo
393 500 609 550 Ecclesiae,
632 511 728 552 quae
757 499 927 552 quidem
959 501 1020 539 cst
1048 496 1292 538 convocatio

266 572 551 613 rationalium.
567 570 797 625 Synagoga
817 573 956 610 autem
977 572 1039 609 est
1059 579 1292 620 congrega-

264 644 323 684 tio
355 656 560 696 gregum,
583 646 621 683 et
646 642 867 682 hominum
897 640 1118 681 brutaliter
1139 639 1288 679 viven—

262 715 386 757 tium.
411 715 604 756 Ecclesiae.
623 713 882 766 loquendum
906 714 981 762 est,
1003 723 1100 764 quse
1120 710 1287 763 quidem

262 790 322 827 est
353 787 454 827 unio
475 786 743 827 rationalium
765 783 1032 825 uniformiter
1053 784 1093 822 et
1114 793 1287 822 concor-

262 859 368 898 diter
383 859 598 899 unitorum
612 869 687 910 per
707 856 956 896 concordem
977 858 1017 895 et
1036 853 1289 895 uniformem

262 930 494 970 custodiam
515 929 673 969 divinae
688 928 818 979 legis3
839 939 913 980 per
926 926 1126 967 unionem
1141 927 1181 965 et
1197 935 1290 964 con-

261 1001 427 1041 cordem
447 999 748 1041 cohaerentiam
768 999 924 1039 divinae
943 997 1078 1050 pacis3
1102 1007 1177 1049 per
1196 995 1291 1035 uni-

259 1073 435 1113 formem
462 1074 503 1112 et
527 1071 776 1111 concordem
799 1069 1110 1111 consonantiam
1132 1066 1289 1107 divinae

258 1144 409 1185 laudis.
433 1143 532 1184 Haec
552 1146 693 1184 autem
719 1143 910 1183 ordinata
930 1143 1049 1191 sunt,
1070 1139 1172 1193 quia
1195 1138 1289 1179 laus

258 1229 349 1259 esse
378 1229 465 1258 non
497 1218 649 1269 potest,
674 1215 748 1256 ubi
783 1226 870 1255 non
893 1217 956 1254 est
985 1224 1091 1265 pax;
1116 1222 1193 1251 nec
1223 1210 1286 1251 di-

257 1289 482 1341 vinapax,
504 1288 579 1328 ubi
598 1299 686 1328 non
705 1289 767 1327 est
795 1284 1034 1327 observatio
1053 1282 1211 1323 divinae
1236 1281 1290 1321 le-

259 1361 343 1412 gis.
373 1359 431 1400 De
452 1359 649 1400 concordi
668 1361 708 1399 et
735 1356 941 1398 uniformi
964 1354 1152 1395 custodia
1181 1352 1288 1393 divi-

255 1444 322 1472 nae
345 1431 465 1490 *legis
485 1462 498 1481 ,
531 1430 731 1470 scribitur
773 1428 831 1468 sic
865 1427 918 1467 ad
960 1425 1221 1468 Timotheum
1240 1425 1252 1446 ¹
1275 1437 1284 1465 :

261 1519 281 1542 α
307 1502 408 1543 Haec
438 1502 515 1543 tibi
541 1501 699 1552 scribo,
728 1500 790 1540 fili
815 1498 1034 1540 Timothee
1054 1528 1065 1548 ,
1101 1498 1149 1536 ut
1180 1494 1288 1535 scias

255 1574 465 1628 quomodo
493 1575 681 1626 oporteat
718 1574 758 1611 te
794 1568 1035 1611 conversari
1069 1567 1116 1607 in
1161 1566 1287 1607 domo

255 1645 353 1697 Dei,
376 1657 474 1699 quse
494 1647 557 1686 est
582 1643 766 1686 Ecclesia
785 1642 858 1683 Dei
878 1641 990 1690 vivi,
1013 1639 1224 1688 columna,
1247 1640 1287 1679 et

253 1719 568 1759 firmamentum
602 1714 810 1757 veritatis.
847 1727 866 1751 n
912 1711 1094 1753 Ecclesia
1132 1710 1287 1751 dicitur

254 1790 451 1830 columna
479 1790 520 1829 et
550 1788 868 1828 firmamentum
887 1816 897 1833 ,
929 1788 970 1823 et
998 1782 1098 1835 quia
1128 1782 1285 1822 mentis

252 1861 627 1910 illustramentum,
650 1861 691 1899 et
711 1857 812 1910 quia
828 1855 1000 1897 virtutis
1020 1853 1286 1894 stabilimen-

253 1936 345 1974 tum
379 1947 387 1973 :
417 1932 518 1985 quia
550 1930 767 1973 venientes
804 1928 854 1968 ad
884 1939 977 1968 eam
1015 1926 1286 1966 illustrantur

254 2017 329 2058 per
346 2004 475 2044 fidem
488 2035 500 2054 ,
520 2005 560 2044 et
580 2002 853 2042 stabiliuntur
876 2011 951 2052 per
970 1997 1141 2039 virtutis
1167 2009 1285 2037 cons-

253 2077 444 2117 tantiam.
466 2075 518 2117 Et
536 2075 629 2115 haec
648 2074 733 2115 duo
759 2072 857 2113 facit
883 2071 954 2112 lex
979 2070 1122 2111 divina
1142 2082 1151 2110 :
1173 2069 1286 2110 unde

254 2152 315 2190 est
335 2149 348 2170 ²
370 2148 565 2189 columna
584 2145 771 2186 filiorum
792 2143 940 2193 lsrael,
961 2154 1036 2195 per
1056 2143 1180 2194 cujUs
1199 2153 1286 2182 mo·

253 2222 346 2261 tum
374 2220 578 2273 apparent
606 2216 772 2265 omnia,
804 2214 1017 2268 quomodo
1046 2211 1282 2265 agendum,

255 2295 296 2333 et
314 2291 528 2345 quomodo
547 2288 865 2343 quiescendum.
890 2286 938 2327 In
964 2286 1044 2326 hoc
1063 2284 1177 2325 enim
1199 2296 1288 2324 om-

253 2376 329 2405 nes
357 2362 552 2404 Ecclesiae
581 2360 852 2410 concordant,
884 2360 932 2399 ut
959 2356 1196 2398 custodiant
1224 2355 1286 2396 le-

255 2447 356 2488 gem
391 2433 497 2484 Dei,
527 2435 575 2474 ut
602 2432 703 2473 olim
743 2432 858 2472 totus
896 2428 1080 2482 populus
1122 2429 1286 2467 motum

254 2505 382 2547 nubis
415 2505 658 2558 aspiciebat.
691 2503 771 2552 Qui
801 2502 852 2542 ad
888 2501 998 2542 hanc
1026 2512 1111 2541 non
1140 2499 1289 2553 aspicit

255 2590 445 2631 semper,
467 2589 553 2618 non
581 2577 643 2616 θεῖ
671 2574 721 2616 de
750 2573 913 2614 unitate
943 2571 1162 2612 Ecclesiae:
1184 2573 1231 2611 ut
1252 2569 1287 2610 si

255 2663 342 2691 non
380 2662 474 2690 eam
503 2648 740 2699 intelligas;
764 2649 804 2686 et
835 2645 871 2685 si
890 2643 1120 2696 intelligas,
1142 2645 1183 2683 et
1200 2655 1288 2684 non

258 2720 463 2773 sequaris.
503 2718 660 2759 lterum
701 2716 962 2769 loquendum
993 2718 1056 2755 est
1093 2714 1288 2755 Ecclesiae

256 2790 527 2831 rationalium
564 2789 784 2830 unitorum
827 2797 902 2839 per
949 2785 1209 2826 conformem
1248 2787 1290 2825 et

258 2862 508 2903 concordem
526 2858 827 2901 cohaerentiam
851 2856 1009 2898 divinae
1027 2855 1153 2908 pacis.
1172 2854 1288 2896 Unde

257 2933 410 2974 dicitur
439 2933 484 2973 in
512 2930 806 2973 Ecclesiastico
826 2932 839 2952 ³
863 2942 872 2968 z
901 2926 1032 2968 «Filii
1054 2925 1285 2979 sapientiae,

259 3004 443 3047 Ecclesia
454 3006 687 3056 pistorum,
708 3003 748 3041 et
767 2999 881 3040 natio
902 2999 1073 3039 illorum
1093 2996 1289 3038 obedien-

258 3077 316 3117 tia
335 3080 374 3117 et
395 3075 574 3117 dilectio.
593 3088 612 3111 n
638 3071 821 3113 Ecclesia
841 3071 956 3111 enim
975 3069 1089 3110 natio
1108 3068 1289 3120 diligens

259 3160 302 3188 se
330 3149 408 3188 est.
436 3146 607 3186 Dilectio
637 3145 751 3184 enim
779 3143 968 3183 nascitur
996 3153 1050 3181 ex
1077 3139 1185 3191 legis
1214 3139 1289 3179 im-

258 3219 441 3271 pletione
472 3231 480 3258 :
513 3217 583 3257 lex
618 3216 730 3256 enim
770 3213 957 3267 praecipit
994 3211 1285 3260 dilectionem,

260 3291 420 3330 dicente
436 3288 636 3342 Apostolo
650 3291 663 3311 Ι*
684 3301 692 3327 :
719 3286 869 3328 «Finis
886 3283 1086 3338 praecepti
1106 3285 1168 3322 est
1187 3282 1285 3322 clia-

258 3362 387 3410 ritas,
411 3361 462 3401 de
492 3360 615 3401 corde
641 3370 750 3412 puro
766 3390 776 3407 ‚
807 3359 849 3397 et
877 3354 1132 3397 conscientia
1151 3354 1285 3404 bona,

260 3435 301 3473 et
324 3431 408 3472 fide
434 3443 521 3472 non
540 3431 650 3471 ficta.
672 3445 693 3469 »
718 3429 769 3470 Et
797 3427 896 3468 alibi
914 3428 927 3449 ⁵
949 3440 959 3466 ε
991 3441 1010 3464 ε(
1039 3425 1118 3474 Qui
1145 3424 1286 3477 diligit

305 3542 338 3572 ¹1
361 3539 457 3577 Tim„
473 3545 528 3575 111,
548 3539 649 3569 15.—
669 3538 680 3556 ²
694 3535 816 3577 Ezocl„
835 3542 912 3575 xm,
928 3535 982 3573 21,
1001 3534 1065 3564 etc.
1081 3549 1120 3555 —
1138 3532 1150 3550 ³
1166 3531 1286 3572 Ecca„

260 3595 312 3627 ni,
334 3591 363 3620 t.
386 3604 422 3612 --
442 3586 454 3605 ⁴
474 3586 485 3617 1
506 3584 603 3625 Tem„
623 3592 648 3625 1,
668 3585 698 3616 5.
716 3602 749 3609 -
768 3584 896 3621 ⁵Rom.‚
913 3588 994 3621 xiii,
1010 3581 1041 3613 8.
1058 3596 1099 3604 -
1115 3579 1128 3601 θ
1143 3579 1285 3620 Manli„

1368 352 1610 405 proximum
1627 384 1638 404 ,
1665 352 1807 404 legem
1831 350 2038 405 implevit.
2063 365 2082 390 n
2113 352 2164 394 Et
2190 353 2394 406 probatur

1366 435 1442 476 per
1470 424 1649 465 verbum
1675 423 1926 474 Salvatoris,
1949 422 2124 464 dicentis
2144 423 2158 446 ⁶
2180 435 2190 464 ε
2218 439 2237 463 c<
2256 425 2303 467 In
2322 425 2391 467 his

1365 496 1565 538 universa
1590 495 1658 536 lex
1687 494 1866 548 pendet,
1897 497 1938 535 et
1963 493 2195 547 prophetae.
2225 508 2245 532 ›)

1419 568 1589 621 Oportet
1623 580 1726 620 ergo
1760 571 1808 608 ut
1846 567 1954 620 legis
1989 567 2280 608 observatores
2308 567 2392 610 sint

1365 643 1596 692 amatores,
1641 640 1802 681 dicente
1845 639 2021 680 Domino
2060 639 2073 660 ⁷
2111 640 2224 692 apud
2261 639 2392 682 ‚Ioan-

1365 724 1461 754 nem
1484 713 1535 765 (a)
1559 725 1569 753 ε
1598 727 1617 750 α
1638 711 1685 752 In
1705 712 1784 752 hoc
1813 714 2068 764 cognoscent
2086 723 2253 761 omnes,
2277 712 2391 764 quod

1365 783 1558 836 discipuli
1585 783 1668 823 mei
1707 782 1823 823 eritis
1842 814 1852 833 ,
1886 782 1919 821 si
1939 782 2203 823 dilectionem
2233 782 2392 824 habue-

1364 855 1456 896 ritis
1488 855 1541 895 ad
1571 854 1772 895 invicem.
1803 869 1822 892 »
1846 853 1898 895 Et
1922 853 2147 906 Apostolus
2169 853 2182 875 ⁸
2207 868 2217 895 ι
2249 868 2269 891 «
2298 853 2392 896 Non

1364 929 1427 968 est
1463 926 1572 967 Deus
1612 925 1883 967 dissensionis
1905 957 1917 976 ,
1966 925 2038 966 sed
2062 925 2189 977 pacis.
2221 939 2239 963 ι)
2265 924 2389 976 Item,

1363 997 1626 1051 loquendum
1655 999 1718 1038 θεῖ
1736 996 1931 1038 Ecclesiae
1959 996 2230 1037 rationalium
2249 996 2393 1038 unito-

1363 1082 1461 1110 rum
1492 1081 1568 1122 per
1601 1068 1860 1109 uniformem
1897 1071 1938 1108 et
1965 1067 2213 1108 concordem
2243 1079 2391 1110 conso-

1363 1141 1554 1181 nantiam
1601 1140 1757 1181 divinae
1791 1139 1953 1190 laudis,
1983 1141 2031 1179 ut
2071 1138 2116 1179 in
2162 1138 2388 1182 Psalmo⁹t

1369 1227 1389 1251 «
1409 1212 1533 1265 Apud
1554 1214 1595 1252 te
1612 1211 1706 1252 laus
1722 1223 1817 1251 mea
1835 1210 1879 1251 in
1899 1209 2072 1251 ecclesia
2095 1221 2271 1261 magna.
2288 1222 2308 1248 ›>
2331 1209 2392 1251 Si-

1363 1286 1434 1325 cut
1454 1296 1507 1324 ex
1535 1282 1806 1324 multitudine
1823 1294 1979 1325 vocum
2000 1281 2218 1322 unitarum
2246 1293 2392 1323 secun-

1362 1355 1466 1396 dum
1486 1354 1716 1407 quamdam
1735 1353 2050 1406 proportionem
2064 1355 2106 1394 et
2121 1352 2390 1394 harmoniam

1361 1425 1536 1466 dulcedo
1565 1426 1612 1465 fit
1641 1427 1812 1474 cantus3
1844 1424 1902 1465 sic
1930 1436 1985 1465 ex
2012 1423 2249 1464 multorum
2269 1424 2392 1465 affec-

1360 1497 1494 1548 tione,
1518 1496 1741 1537 harmonia
1764 1496 1990 1549 spiritualis
2021 1495 2190 1548 placens
2221 1495 2306 1536 Dsso
2336 1495 2392 1536 al-

1360 1568 1543 1619 tissimo,
1572 1570 1743 1608 auctore
1774 1566 2109 1619 Psalmograplio
2128 1566 2188 1608 ¹⁰:
2222 1581 2241 1605 (ι
2261 1566 2309 1608 In
2328 1579 2393 1608 ec-

1361 1639 1496 1680 clesiis
1524 1639 1756 1680 benedicite
1796 1638 1880 1679 Deo
1909 1638 2083 1678 Domino
2118 1639 2169 1679 de
2202 1638 2392 1679 fontibus

1360 1710 1503 1752 Israel.
1526 1724 1545 1748 ›>
1571 1710 1650 1759 Qui
1667 1712 1809 1750 autem
1840 1712 1939 1749 sunt
1966 1709 2258 1751 observatores
2289 1709 2393 1751 divi-

1358 1794 1428 1822 nae
1456 1782 1590 1834 legis,
1622 1784 1721 1822 sunt
1755 1782 1963 1821 amatores
1995 1780 2152 1821 divinae
2181 1781 2316 1833 pacis,
2349 1783 2390 1822 et

1359 1853 1643 1906 persolutores
1671 1853 1826 1894 divinae
1854 1852 2005 1893 laudis.
2036 1852 2111 1893 His
2139 1851 2262 1893 debet
2297 1852 2389 1893 fieri

1359 1937 1513 1965 sermo.
1537 1924 1618 1974 Qui
1637 1927 1780 1965 autem
1801 1924 1966 1976 rapitur
1985 1937 2010 1964 a
2031 1923 2170 1976 gratia
2186 1925 2249 1964 est
2267 1925 2388 1964 extra

1359 1995 1610 2047 Ecclesiam,
1632 1998 1672 2036 et
1691 1996 1752 2035 illi
1771 1995 1863 2035 fieri
1884 2007 2022 2036 sermo
2042 2006 2128 2035 non
2147 1994 2282 2035 debet.
2304 1992 2385 2035 Ra-

1359 2068 1474 2121 pitur
1493 2071 1636 2109 autem
1656 2067 1829 2120 spiritus
1857 2066 2136 2117 carnalitatis,
2159 2068 2200 2107 et
2222 2066 2384 2119 cupidi-

1359 2139 1477 2190 tatis,
1496 2141 1641 2179 contra
1668 2139 1871 2191 primum.
1894 2137 1946 2178 Hi
1966 2138 2050 2179 duo
2071 2138 2243 2191 spiritus
2262 2151 2384 2181 aver-

1358 2213 1458 2252 tunt
1476 2211 1696 2252 hominem
1716 2223 1739 2251 a
1757 2210 1855 2262 lege
1874 2210 1948 2250 Dm
1961 2241 1972 2260 ,
1997 2213 2035 2250 et
2055 2213 2268 2251 excaecant
2282 2211 2387 2252 duos

1359 2281 1504 2323 oculos
1529 2282 1698 2323 mentis.
1728 2282 1815 2323 Lex
1841 2283 1956 2322 enim
1992 2281 2066 2322 Dei
2093 2282 2284 2335 praecipit
2311 2282 2388 2323 ho-

1359 2365 1466 2394 num
1495 2366 1723 2395 commune
1744 2387 1756 2406 ,
1788 2357 1829 2395 et
1862 2355 2023 2394 bonum
2058 2354 2308 2407 spirituale,
2346 2356 2389 2396 et

1359 2425 1533 2466 retrahit
1551 2426 1604 2466 ab
1618 2438 1762 2466 amore
1781 2426 1904 2477 foedo,
1925 2426 1999 2478 qui
2019 2427 2082 2466 est
2109 2425 2387 2477 carnalitatis;

1360 2501 1402 2538 et
1416 2497 1468 2537 ab
1486 2509 1631 2538 amore
1650 2497 1816 2551 privato
1828 2529 1841 2548 ,
1860 2497 1936 2550 qui
1956 2499 2017 2538 est
2034 2496 2287 2549 cupiditatis.
2304 2496 2392 2538 Lex

1361 2567 1516 2621 quippe
1545 2568 1688 2610 odiosa
1717 2572 1779 2609 est
1797 2600 1810 2620 ,
1844 2571 1885 2610 et
1915 2567 2104 2619 carnali,
2137 2569 2178 2609 et
2210 2568 2388 2621 cupid03

1360 2650 1439 2680 nec
1457 2641 1638 2692 uterque
1655 2651 1847 2692 unquam
1865 2639 2014 2681 audire
2030 2639 2122 2681 vult
2139 2653 2147 2680 :
2164 2642 2264 2680 sunt
2276 2639 2391 2680 enim

1361 2710 1468 2751 sicut
1500 2711 1637 2761 canis,
1662 2714 1704 2750 et
1735 2722 1903 2762 porcus.
1934 2709 2055 2750 Canis
2083 2722 2248 2762 semper
2275 2711 2390 2763 cupi-

1362 2781 1441 2822 dus
1465 2813 1476 2832 ,
1510 2783 1551 2820 et
1587 2792 1808 2833 nunquam
1855 2780 2168 2822 communicare
2208 2781 2387 2832 volens;

1362 2859 1516 2904 porcus
1549 2854 1691 2892 autem
1717 2851 1763 2891 in
1788 2850 1880 2893 loco
1899 2863 2065 2904 semper
2092 2863 2182 2892 esse
2200 2851 2295 2894 vult
2313 2852 2391 2893 im-

1361 2923 1538 2964 mundO.
1571 2921 1676 2962 Item
1696 2955 1707 2973 ,
1739 2925 1884 2963 contra
1914 2922 2216 2963 cohaerentiam
2246 2923 2358 2976 pacis
2378 2955 2388 2974 ‚

1361 2993 1536 3047 spiritus
1559 2993 1839 3045 malignitatis
1859 2997 1901 3034 et
1918 2993 2198 3044 crudelitatis,
2220 2993 2391 3036 invidus

1363 3069 1403 3106 et
1423 3065 1665 3107 iracundus.
1690 3065 1741 3105 Et
1768 3065 1814 3105 hi
1845 3064 1928 3105 duo
1959 3067 2095 3105 totum
2127 3068 2388 3118 pervertunt.

1337 3168 1341 3169 ν
1363 3137 1539 3179 Invidus
1554 3149 1679 3178 omne
1702 3137 1865 3177 bonum
1892 3136 2100 3178 convertit
2127 3137 2172 3176 in
2203 3137 2387 3187 malum3

1363 3210 1593 3251 iracundus
1623 3220 1750 3250 omne
1778 3206 1941 3248 malum
1972 3208 2017 3248 in
2047 3208 2233 3259 honum,
2262 3209 2391 3249 etiam

1361 3283 1498 3336 ipsam
1528 3281 1806 3323 redditionem
1834 3278 1935 3319 mali
1953 3282 2122 3332 reputat
2142 3280 2319 3321 bonum.
2339 3279 2391 3321 Et

1363 3353 1457 3395 ideo
1469 3352 1707 3394 dicitlsaias
1726 3350 1753 3372 ¹¹
1776 3363 1786 3391 ι
1811 3364 1832 3389 «
1844 3348 2012 3391 Ponunt
2024 3350 2220 3392 tenebras
2232 3349 2387 3400 lucem,

1362 3474 1448 3507 xxii,
1469 3467 1520 3498 40.
1542 3483 1582 3489 -
1600 3465 1614 3487 Τ
1635 3465 1742 3504 Joan.,
1764 3469 1842 3502 xm,
1868 3463 1920 3495 35.
1939 3479 1981 3486 —
2006 3463 2017 3483 ⁸
2037 3464 2046 3494 1
2069 3464 2158 3504 Cor„
2183 3471 2256 3504 xiv,
2279 3464 2330 3495 33.
2350 3480 2390 3487 —-

1361 3515 1373 3533 ‘³
1393 3513 1484 3547 Psal.
1503 3521 1576 3553 xxi,
1596 3514 1649 3545 26.
1668 3529 1709 3536 —
1731 3511 1753 3530 ¹⁰
1771 3510 1863 3542 Psal.
1884 3517 1991 3552 van,
2012 3512 2064 3544 27.
2083 3528 2119 3534 —
2140 3512 2162 3531 ¹¹
2177 3511 2257 3552 lsa„
2281 3517 2316 3551 v,
2337 3512 2387 3542 10.

1403 3580 1447 3620 (α)
1469 3579 1551 3612 Coet.
1566 3577 1647 3610 edit.
1667 3576 1799 3610 dicente
1820 3576 1962 3610 Joanne.
