2633 3878
282 266 358 305 656

281 355 459 394 motum.
482 360 557 390 nec
579 359 766 390 sensum.
788 347 932 397 Quoad
952 349 1092 387 actum
1115 346 1306 386 recorda-

282 422 428 472 tionis,
460 421 585 461 dicitr
624 420 707 461 Nec
738 418 889 460 habent
918 418 1031 459 ultra
1063 415 1303 460 mercedem,

281 492 433 531 scilicet
469 491 591 530 samae
633 490 675 529 in
716 488 919 529 memoria
957 487 1136 527 aliorum
1155 501 1163 535 ;
1205 486 1308 537 quia

282 561 486 603 oblivioni
505 560 669 602 tradita
685 565 743 601 est
758 560 959 601 memoria
974 568 1115 599 eorum
1131 562 1137 581 ¹
1154 569 1167 596 .·
1185 573 1202 594 «
1218 556 1307 596 Nou

282 632 358 671 erit
394 632 598 671 memoria
631 630 848 683 sapientis,
878 630 985 669 sicut
1014 640 1090 667 nec
1119 626 1234 666 stulti
1264 626 1308 665 in

282 705 554 754 perpetuum,
570 704 609 741 et
627 702 643 740 s
644 704 769 741 utura
785 703 974 751 tempora
989 713 997 747 ;
1012 712 1030 734 »
1048 697 1114 737 vel
1133 697 1232 750 quia
1245 708 1309 736 eo-

281 785 378 812 rum
406 773 611 812 memoria
636 783 720 811 non
748 771 874 811 habet
898 774 1039 809 actum
1060 767 1310 809 recordatio-

281 843 348 882 nis
366 845 405 883 ²:
435 859 453 881 α
473 843 552 892 Qui
583 842 842 883 descenderit
873 842 925 894 ta)
949 840 999 881 ad
1028 840 1201 888 inferos,
1225 850 1310 877 non

281 914 495 964 ascendet,
529 926 604 954 nec
638 916 874 954 revertetur
907 911 1017 951 ultra
1045 910 1097 950 ad
1134 909 1309 948 domum

281 996 424 1031 suam,
462 996 537 1024 nec
580 986 805 1035 cognoscet
841 994 938 1022 eum
977 979 1158 1030 amplius
1191 977 1309 1016 locus

281 1052 388 1102 ejuS.
411 1066 429 1087 »
450 1050 593 1099 Quoad
610 1054 751 1091 actum
772 1049 1017 1097 affectionis,
1040 1046 1139 1087 divit
1162 1046 1223 1097 (v.
1240 1043 1306 1095 G):

282 1125 408 1163 Amor
436 1132 597 1174 quoque
625 1125 662 1162 et
698 1120 866 1169 odium,
902 1122 940 1160 et
973 1117 1156 1160 invidia»
1182 1114 1311 1157 simul

280 1193 516 1243 perierunt,
543 1192 642 1243 quia
673 1203 757 1231 nou
779 1190 1034 1239 afficiuntur,
1058 1191 1105 1229 ut
1127 1186 1246 1240 prius
1267 1186 1311 1225 in

281 1263 382 1302 vita.
417 1263 560 1311 Quoad
594 1266 736 1302 actum
770 1261 989 1302 exterioris
1027 1257 1307 1310 operationis,

281 1333 410 1373 dicit:
440 1333 522 1374 Nec
551 1333 702 1375 habent
731 1332 959 1385 partemin
986 1329 1134 1372 soecalo
1154 1329 1252 1370 hoc:
1271 1331 1312 1367 et

282 1404 453 1456 exponit
470 1407 680 1456 quantum
700 1403 752 1443 ad
774 1403 896 1455 quid:
920 1403 960 1442 E
964 1405 979 1443 t
999 1402 1047 1442 in
1067 1410 1185 1452 opere
1199 1398 1312 1451 quod

281 1474 356 1515 sub
384 1474 465 1516 sole
496 1474 679 1526 aeritur,
712 1473 813 1525 quia
843 1484 928 1512 non
961 1473 1156 1524 possunt⁷
1184 1471 1312 1522 Juxta

282 1545 384 1586 illud
400 1546 583 1587 Joanm‘s
600 1546 613 1566 ²³
631 1557 640 1584 :
669 1560 687 1582 «
708 1543 830 1585 Venit
861 1554 946 1584 nox
961 1574 970 1592 ‚
991 1540 1159 1594 quando
1185 1552 1312 1581 nemo

282 1619 416 1668 potest
439 1616 618 1668 operari.
644 1629 662 1652 »

337 1691 375 1727 7.
403 1686 518 1728 Vade
538 1697 655 1739 erqo,
678 1690 718 1728 ec
737 1684 901 1727 comede
923 1685 973 1725 in
992 1683 1144 1725 loetttz'a
1158 1693 1313 1734 panem

285 1762 430 1798 tuum:
459 1768 532 1809 per
552 1768 733 1809 panem,
764 1767 889 1795 omne
921 1753 1033 1806 quod
1060 1752 1241 1805 pertinet
1262 1752 1313 1792 ad

284 1827 426 1867 cibum
450 1841 459 1867 ε
493 1828 550 1869 Et
577 1827 664 1868 bibe
694 1837 788 1868 cam
817 1824 975 1878 Gaudio
995 1824 1145 1865 virttem
1166 1827 1312 1865 tuum:

285 1909 359 1950 per
385 1898 559 1947 vinum,
591 1909 715 1937 omne
735 1896 847 1948 quod
881 1897 1039 1948 spectat
1068 1894 1121 1934 ad
1150 1896 1312 1946 potum.

243 1968 247 1971 '
288 1967 396 2014 Quia
429 1968 510 2009 Deo
541 1967 708 2020 placent
740 1977 867 2019 opera
899 1970 995 2012 tua,
1028 1964 1148 2017 quasi
1174 1964 1311 2004 dicat:

286 2037 378 2078 Non
398 2050 442 2078 es
463 2041 617 2088 certus,
633 2041 781 2078 utrum
801 2036 1047 2088 displiceant
1067 2049 1075 2076 :
1096 2035 1188 2075 ideo
1208 2046 1314 2087 pree-

286 2106 560 2154 sumendum,
589 2105 701 2158 quod
734 2104 943 2157 placeant3
979 2107 1020 2143 et
1052 2102 1144 2143 ideo
1169 2113 1315 2143 secure

285 2174 455 2215 comede
484 2178 524 2215 et
559 2175 674 2225 bibe,
718 2173 952 2215 secundum
989 2172 1092 2213 illud
1125 2172 1243 2212 Isaiae
1271 2171 1310 2212 4:

292 2262 310 2284 α
328 2246 430 2287 Ecce
445 2247 667 2298 gaudium,
684 2249 724 2287 et
741 2245 901 2295 laetitia,
920 2244 1138 2285 comedere
1151 2255 1312 2293 carnes,

286 2323 326 2357 et
359 2318 502 2358 bibere
532 2317 711 2357 vinum:
745 2315 1015 2356 comedamus
1039 2317 1079 2354 et
1102 2314 1310 2364 bibamus,

287 2400 377 2429 cras
398 2389 514 2428 enim
538 2388 820 2428 moriemur.»
846 2385 978 2436 Unde,
1002 2385 1234 2426 secundum
1253 2385 1315 2426 vi-

287 2471 382 2499 sum
402 2458 501 2499 dicit
523 2459 585 2510 (v.
609 2460 658 2511 8)
682 2471 691 2499 :
717 2459 841 2500 Omni
871 2461 1049 2510 tempore
1068 2457 1157 2498 sint
1184 2457 1315 2498 vesti-

290 2533 428 2571 menta
448 2533 523 2570 tua
541 2529 745 2579 candida,
767 2532 815 2569 ut
835 2529 963 2569 homo
985 2528 1162 2569 decorus
1183 2539 1313 2579 appa-

288 2603 377 2640 reat
405 2600 451 2639 in
471 2599 652 2649 vestitu3
680 2600 734 2642 Ec
753 2600 887 2641 oleum
906 2598 957 2641 de
983 2599 1120 2650 capite
1140 2601 1209 2640 tuo
1229 2608 1316 2639 mm

289 2671 482 2722 deficiat,
499 2673 548 2710 ut
567 2670 741 2711 decorus
755 2672 955 2723 appareat
970 2670 1014 2709 in
1031 2672 1218 2722 aspectu.
1229 2669 1315 2709 Hoc

289 2741 416 2781 modo
436 2743 588 2781 ornant
606 2752 663 2792 se,
687 2740 761 2793 qui
782 2740 946 2793 placere
967 2740 1115 2780 volunt
1135 2739 1179 2779 in
1199 2751 1317 2780 cons-

290 2815 414 2864 pectu
432 2811 678 2852 hominum:
699 2809 945 2861 exemplum
968 2809 1018 2850 de
1037 2809 1057 2850 J
1064 2809 1197 2860 udith,
1220 2820 1317 2861 quae

292 2893 389 2922 cum
399 2881 524 2921 vellet
535 2880 697 2932 placere
705 2879 836 2920 oculis
847 2878 1141 2931 HolopherniS,
1152 2880 1319 2921 ornavit

291 2965 358 2994 se:
382 2953 453 2994 sed
474 2952 562 3004 ipsa
583 2951 757 2991 faciebat
777 2962 853 3003 pro
871 2951 996 3002 bono,
1016 2951 1118 3003 quia
1136 2951 1238 2991 alias
1258 2955 1318 2992 est

292 3020 636 3076 reprehensibile.
666 3018 773 3060 Nam
793 3023 806 3044 ⁵
826 3031 835 3059 :
859 3035 878 3057 <‹
898 3019 946 3059 ln
964 3021 1119 3061 vestitu
1147 3033 1200 3061 ne
1229 3021 1319 3073 glo-

292 3094 409 3135 rietis
429 3103 634 3145 unquam.
659 3106 678 3128 »
695 3089 850 3130 Deinde
876 3090 1110 3130 secundum
1137 3093 1315 3140 tactum,

294 3165 392 3205 dicit
414 3166 468 3215 (v.
485 3166 548 3208 9):
573 3162 791 3212 Perfruere
811 3160 905 3203 vita
924 3171 1018 3201 cum
1038 3170 1170 3202 uoeore
1192 3171 1319 3212 quam

294 3235 461 3288 diliqis.
484 3232 584 3274 Haec
616 3231 835 3285 perfruitio
868 3230 1117 3272 describitur
1143 3231 1188 3270 in
1216 3230 1317 3272 Pro·

295 3305 448 3348 verbiis
467 3304 509 3344 ⁶:
535 3318 555 3342 <x
577 3301 704 3353 Veni,
730 3301 992 3342 inebriemur
1022 3300 1247 3351 uberibuS,
1279 3304 1320 3342 et

338 3437 348 3458 ¹
371 3437 490 3475 supra,
512 3440 551 3471 11,
572 3433 621 3464 16.
635 3447 676 3454 —-
694 3430 708 3451 Ξ
726 3429 799 3470 Job,
818 3437 878 3468 vn,
901 3432 931 3462 9.
949 3447 991 3453 —
1010 3430 1021 3449 ³
1039 3430 1146 3471 Joan„
1165 3438 1212 3472 lx,
1233 3433 1263 3463 4.
1281 3448 1320 3454 —

296 3484 306 3501 ⁴
327 3483 402 3521 isa„
423 3488 509 3520 xxu,
532 3480 582 3511 13.
598 3495 639 3502 -
658 3479 672 3500 ⁶
688 3476 806 3517 Eceli„
826 3484 883 3516 ΣΙ,
908 3478 938 3509 4.
959 3494 1000 3501 -
1026 3478 1039 3499 ⁶
1059 3478 1170 3519 Prov.‚
1189 3486 1249 3519 vn,
1270 3481 1318 3511 18.

297 3547 335 3553 —
355 3531 363 3548 ⁷
384 3527 457 3569 Job,
475 3534 547 3567 xiv,
567 3528 596 3558 2.
617 3541 657 3551 —
677 3524 690 3546 Β
709 3523 800 3555 Psal.
820 3532 946 3564 enni,
969 3527 1001 3557 4.
1022 3541 1061 3548 -
1079 3526 1091 3543 ἲ·
1110 3526 1202 3566 Sap„
1225 3534 1265 3566 ιι,
1288 3529 1319 3558 9.

946 256 1218 299 EXPOSITIO
1250 257 1301 298 lN
1333 255 1729 297 ECCLESlASTEN.

1382 346 1651 396 perfruamur
1677 344 1827 397 cupitis
1852 342 2136 395 amplexibus,
2158 341 2290 383 donec
2314 342 2405 384 illu-

1383 419 1517 455 cescat
1536 415 1636 455 dies.
1657 415 1734 456 »Et
1750 416 1831 454 hoc
1851 426 1934 454 non
1949 415 2118 454 tantum
2138 413 2287 464 semel,
2310 414 2405 454 sed:

1386 484 1557 527 Cunctis
1585 485 1729 527 diebus
1758 486 1860 527 vitae
1887 484 2186 526 instabilitatis
2207 487 2310 533 tuce,
2332 485 2408 536 qui

1383 556 1480 599 date·
1505 562 1604 599 sunt
1631 558 1712 600 tibi
1740 556 1815 598 sub
1835 557 1928 598 sole.
1949 555 2054 596 Vere
2079 555 2167 596 vita
2184 557 2328 595 nostra
2347 558 2409 595 est

1384 626 1604 675 instabilis,
1621 626 1855 666 secundum
1876 625 1980 665 illud
2001 625 2014 646 '⁴
2042 639 2050 664 ε
2078 639 2096 662 «
2120 623 2345 676 Nunquam
2362 624 2409 664 in

1385 697 1530 737 eodem
1553 699 1663 737 statu
1685 698 1926 749 permanet3
1952 709 1971 733 1>
1989 694 2097 735 etad
2117 696 2319 746 majorem
2340 706 2410 734 ex-

1384 767 1642 819 pressionem
1676 766 1800 807 dicit:
1836 766 1961 807 Omni
1992 769 2173 817 tempore
2201 765 2410 807 vanitatis

1387 837 1584 878 tztoeNita
1596 841 1740 877 nostra
1753 840 1921 889 tempus
1938 838 1999 876 est
2012 835 2230 885 vanitatis3
2251 834 2407 876 unde⁸z

1387 921 1406 944 (ι
1430 906 1565 947 Homo
1586 907 1760 948 vanitati
1781 906 1928 947 similis
1946 906 2078 946 factus
2098 907 2181 954 est3
2206 905 2293 946 dies
2318 905 2411 957 ejus

1384 975 1492 1016 sicut
1526 978 1679 1017 umbra
1710 979 1979 1029 praetereunt.
2013 990 2032 1014 >³
2070 975 2169 1016 Hoec
2207 977 2268 1016 est
2298 975 2411 1016 enim

1382 1057 1500 1098 pars,
1513 1049 1590 1088 etc.
1608 1047 1818 1099 Tangitur
1828 1047 1896 1087 hic
1906 1048 2120 1099 quartum,
2135 1045 2289 1085 scilicet
2301 1057 2412 1086 com-

1385 1117 1665 1157 mendationis
1690 1117 1953 1158 confirmatio
1979 1131 1988 1158 :
2011 1119 2052 1157 et
2070 1118 2132 1157 est
2150 1116 2411 1156 confirmatio

1386 1187 1430 1227 in
1451 1188 1552 1236 hoc,
1581 1188 1693 1240 quod
1717 1188 1846 1228 homo
1874 1187 2038 1228 nullam
2066 1186 2191 1226 aliam
2223 1188 2412 1239 expectat

1386 1258 1623 1298 mercedem
1637 1289 1647 1306 ,
1678 1270 1756 1298 nec
1779 1258 1911 1298 alium
1938 1256 2065 1297 babet
2088 1257 2295 1297 fructum:
2318 1255 2411 1296 ideo

1385 1328 1505 1368 debet
1525 1328 1712 1380 accipere
1731 1327 1844 1380 quod
1864 1329 2012 1379 potest,
2034 1326 2127 1367 ideo
2153 1327 2251 1367 dicit
2281 1337 2291 1364 :
2313 1326 2411 1367 Hoec

1385 1403 1445 1440 est
1465 1399 1579 1440 enim
1601 1409 1704 1451 pars
1723 1400 1771 1440 z‘n
1791 1399 1884 1440 vita
1912 1400 2006 1449 tua,
2037 1400 2073 1440 et
2096 1398 2145 1439 in
2172 1397 2306 1439 labore
2332 1406 2413 1450 qao

1386 1470 1549 1512 laboras
1581 1469 1657 1511 sab
1687 1470 1789 1520 sole,
1816 1469 1970 1509 scilicet
1997 1467 2318 1520 praesentialiter
2340 1468 2411 1508 de-

1384 1540 1530 1581 lectari
1557 1544 1570 1565 ⁹
1594 1555 1602 1580 :
1633 1555 1652 1579 α
1674 1540 1837 1593 Ubique
1866 1539 2159 1592 relinquamus
2185 1539 2310 1591 signa
2338 1538 2411 1580 lae-

1385 1611 1503 1662 iitiae,
1526 1611 1727 1664 quoniam
1747 1611 1838 1651 haec
1857 1613 1919 1650 est
1938 1621 2035 1662 pars
2057 1612 2218 1660 nostra,
2252 1611 2293 1649 et
2321 1608 2414 1650 haec

1386 1686 1446 1721 est
1477 1693 1580 1721 sors.
1605 1696 1624 1718 »
1657 1680 1762 1730 Quia
1787 1679 1905 1720 nulla
1933 1679 2014 1720 alia
2040 1681 2102 1719 est
2134 1678 2409 1731 expectanda,

1386 1755 1508 1796 debet
1531 1756 1659 1796 homo
1685 1755 1735 1795 de
1763 1755 1843 1795 hac
1871 1754 2078 1806 accipere,
2101 1756 2310 1806 quantum
2339 1764 2413 1804 po-

1386 1829 1478 1866 test.
1502 1826 1598 1866 Ideo
1625 1826 1722 1866 dicit
1756 1825 1764 1869 (
1778 1837 1819 1865 v.
1840 1825 1914 1877 10)
1946 1839 1954 1864 :
1981 1824 2261 1876 Quaecumque
2281 1827 2416 1876 potest

1386 1908 1539 1939 memus
1566 1901 1660 1947 tua,
1691 1898 1902 1939 instanter
1922 1905 2112 1947 operare,
2139 1894 2181 1934 id
2201 1895 2284 1944 est,
2313 1893 2414 1934 dum

1389 1971 1558 2021 tempus
1576 1968 1798 2018 habemus⁷
1811 1979 1896 2007 non
1910 1968 2179 2019 expectemus
2198 1964 2412 2013 futurum3

1387 2042 1429 2079 et
1447 2039 1540 2080 ideo
1561 2039 1780 2080 subditur:
1807 2038 1917 2085 Quia
1940 2047 2013 2078 nec
2033 2046 2136 2088 opus
2153 2035 2197 2075 in
2215 2033 2392 2086 agendis
2400 2048 2411 2084 ;

1387 2120 1459 2151 nec
1490 2111 1624 2159 ratio,
1651 2109 1696 2149 in
1725 2107 2022 2157 deliberandis3
2053 2116 2126 2148 nec
2146 2106 2349 2155 scientia,
2370 2104 2415 2144 in·

1387 2179 1664 2231 agnoscendis
1677 2193 1686 2229 ;
1703 2188 1778 2220 nec
1787 2178 2017 2229 sapientia,
2029 2176 2071 2216 in
2080 2175 2318 2228 diligendiS,
2333 2173 2417 2216 erit

1388 2249 1506 2301 apud
1524 2250 1697 2300 inferos,
1719 2258 1799 2301 qao
1819 2252 1864 2290 ta
1880 2257 2100 2300 properas.
2118 2245 2212 2286 Non
2233 2244 2280 2297 (b)
2305 2243 2415 2284 ratio

1387 2321 1467 2361 fuit
1486 2321 1592 2370 haec,
1616 2320 1717 2372 quia
1736 2319 1765 2343 ¹0
1782 2330 1821 2358 z«
1832 2318 1959 2359 Terra
1977 2317 2050 2358 illa
2068 2315 2354 2365 tenebrarum,
2375 2315 2417 2354 et

1388 2394 1532 2444 operta
1550 2390 1697 2431 mortis
1716 2389 1920 2441 caligine,
1942 2388 2015 2428 ubi
2034 2387 2178 2428 nullus
2197 2385 2323 2436 ordo,
2344 2384 2417 2425 sed

1388 2461 1668 2514 sempiternus
1689 2459 1840 2501 horror
1858 2458 2080 2499 inhabitat.
2103 2471 2122 2496 ›>
2145 2456 2247 2498 Illuc
2271 2466 2417 2509 prope-

1388 2536 1484 2573 rant
1519 2533 1779 2585 peccatoreS,
1810 2532 1851 2570 et
1886 2540 2034 2570 omnes
2061 2529 2157 2569 ante
2185 2527 2417 2570 adventum

1389 2603 1563 2653 Christi,
1594 2604 1802 2655 quantum
1824 2600 1876 2640 ad
1898 2600 2098 2640 limbum.
2131 2613 2151 2637 «
2170 2598 2218 2639 In
2243 2597 2416 2651 profun-

1389 2673 1612 2714 dissimum
1642 2672 1876 2720 infernum,
1898 2670 1955 2710 ait
1983 2669 2060 2711 Job
2090 2669 2135 2720 ¹²,
2169 2668 2418 2710 descendent

1390 2744 1532 2785 omnia
1554 2755 1674 2784 mea:
1696 2756 1715 2781 ›>
1740 2741 1840 2782 illuc
1861 2742 2088 2794 properant
2106 2741 2356 2792 peccatoreS,
2377 2739 2418 2778 et

1390 2815 1478 2855 dies
1509 2812 1870 2866 appropinquant,
1891 2813 1932 2851 et
1960 2810 2016 2850 ¹²:
2045 2809 2208 2852 «Juxta
2239 2810 2302 2849 est
2331 2807 2418 2849 dies

1390 2883 1647 2937 perditionis.
1672 2897 1691 2920 »

1445 2954 1587 2995 Potest
1617 2957 1758 2994 autem
1792 2951 1905 2993 istud
1938 2953 2095 3003 exponi
2123 2947 2416 3002 spiritualiter,

1392 3027 1439 3065 ut
1458 3025 1595 3077 primo
1618 3024 1810 3065 hortetur
1829 3022 1882 3063 ad
1898 3020 2209 3074 Jucunditatem
2228 3019 2418 3060 contem-

1392 3095 1608 3148 plationi53
1630 3095 1812 3136 secundo
1834 3105 1936 3136 vero
1954 3092 2005 3133 ad
2023 3091 2268 3132 instantiam
2296 3089 2420 3130 actio-

1393 3166 1475 3206 nis.
1490 3164 1602 3207 Viris
1621 3168 1763 3206 autem
1787 3162 2171 3216 contemplantibus
2185 3159 2420 3202 necessaria

1397 3238 1459 3276 est
1479 3236 1694 3277 meditatio
1714 3247 1844 3276 sacrae
1868 3234 2097 3287 Scripturae
2112 3264 2125 3283 ,
2146 3231 2310 3285 puritas
2327 3241 2420 3271 con-

1394 3307 1580 3348 scientiae
1611 3338 1624 3357 ,
1668 3305 1890 3359 amplexus
1946 3303 2181 3346 devotionis
2225 3302 2417 3343 internae.

1393 3435 1434 3441 —
1467 3418 1495 3440 ¹⁰
1521 3418 1592 3459 Job,
1620 3427 1662 3459 x,
1686 3419 1735 3451 22.
1753 3433 1793 3441 —
1824 3417 1849 3439 ¹¹
1879 3415 1962 3456 Job„
1992 3422 2085 3456 xvn,
2115 3416 2163 3447 16.
2188 3429 2226 3437 -
2255 3411 2280 3434 ¹²
2311 3411 2420 3452 Deut.²

1395 3471 1506 3506 xxxn,
1528 3466 1579 3497 35.

1439 3529 1482 3569 (a)
1509 3530 1590 3562 Coet.
1612 3529 1692 3561 edit.
1715 3528 1911 3561 descendet.
1929 3544 1966 3551 —
1983 3526 2029 3568 (b)
2045 3525 2099 3558 Αἰ.
2119 3526 2181 3557 An.
