2633 3878
810 252 878 296 DE
908 249 1094 294 SAGRAE
1122 246 1430 292 SCRIPTURAE
1456 245 1822 291 PRAESTANTIA.
2354 249 2381 288 9

253 358 338 401 que
363 345 619 400 cupientem.
645 358 667 384 ι
684 342 897 394 Transite,
921 341 1058 396 inquit
1077 342 1111 392 ¹,
1139 339 1192 382 ad
1210 351 1280 382 me

254 430 417 470 omnes,
439 418 514 472 qui
532 415 823 470 concupiscitis
841 426 926 466 me,
942 417 984 456 et
1003 425 1028 455 a
1046 413 1282 466 generatio-

254 489 381 532 nibus
400 489 506 530 meis
524 487 775 541 implemini.
791 501 811 525 n
826 486 950 529 Nulla
968 485 1085 527 enim
1107 484 1281 526 sciantia

256 560 476 603 mundana
492 558 722 613 adimplere
739 560 874 612 potest
890 558 1092 607 animam,
1116 556 1217 610 quia
1236 555 1282 596 in

258 634 318 676 eis
340 633 512 674 docetur
530 634 696 673 tantum
713 631 870 673 veritas
889 632 1043 671 creata.
1061 628 1075 650 ²
1099 643 1118 667 a
1137 627 1283 670 Omnis

256 708 404 748 autem
425 707 618 746 creatura
636 704 813 745 vanitati
833 703 1021 757 subjecta
1047 704 1122 742 est.
1144 715 1164 739 ι)
1200 699 1283 742 Va-

255 789 363 820 num
384 780 529 819 autem
548 780 628 828 est,
651 776 764 831 quod
784 787 870 817 non
899 775 1058 817 confert
1077 773 1130 815 ad
1149 773 1284 827 pleni-

255 849 450 892 tudinem
467 849 711 890 continenti.
729 848 777 889 Et
791 847 884 890 haec
895 847 947 889 de
959 846 1137 888 materia
1151 844 1286 899 Scrip-

256 924 365 964 turae
384 932 514 962 sacrae
534 920 644 962 dicta
662 920 887 961 sufficiant.

310 992 586 1047 Comparatur
603 992 727 1034 tertio
743 992 879 1032 forma
892 993 1138 1032 sanctarum
1151 988 1287 1043 Scrip-

257 1068 452 1107 turarum
471 1064 599 1106 rebus
617 1063 980 1118 perspicuissimis,
1004 1065 1176 1116 propter
1195 1073 1285 1103 cer-

257 1136 484 1179 titudinem
502 1136 712 1186 veritatis;
735 1138 776 1177 et
792 1136 921 1176 rebus
941 1134 1260 1189 speciosissimis
1273 1166 1285 1185 ,

257 1213 429 1264 propter
446 1207 806 1262 pulchritudinem
825 1207 1040 1248 claritatis,
1074 1205 1147 1247 Est
1170 1206 1287 1247 enim

259 1293 391 1324 sacrae
403 1280 630 1334 Scripturae
640 1279 867 1321 infallibilis
879 1278 1102 1330 certitudO,
1117 1280 1290 1332 propter

260 1365 506 1408 processum
526 1351 892 1401 inconsutabilem3
914 1354 954 1392 et
977 1350 1287 1391 incontamina-

261 1425 360 1466 bilis
378 1422 670 1478 pulchritudo,
694 1425 865 1476 propter
883 1422 1022 1463 lucem
1049 1422 1292 1463 inobfusca-

262 1496 406 1539 bilem.
428 1496 479 1538 Et
505 1496 585 1537 hoc
612 1499 799 1546 notatur,
827 1507 926 1536 eum
944 1495 1098 1536 dicitur
1120 1507 1130 1535 ε
1151 1493 1294 1548 Splen-

266 1568 418 1612 didum
448 1572 651 1622 tanquam
677 1566 941 1620 crystallum.
964 1566 1124 1607 Dicitur
1149 1569 1292 1607 autem

263 1640 420 1692 forma,
443 1651 539 1694 quae
559 1642 622 1680 est
640 1638 793 1680 modus
818 1638 995 1691 agendi,
1017 1639 1154 1680 forma
1175 1651 1290 1692 crys-

103 1721 245 1769 caess-1·
263 1713 422 1765 tallina,
444 1713 559 1766 quia,
580 1711 816 1754 secundum
836 1711 1043 1753 isidorum
1064 1714 1094 1761 ³,
1113 1712 1292 1766 crystal-

109 1764 247 1841 1215&
263 1785 332 1829 lus
350 1786 541 1840 opposita
554 1785 654 1827 solis
673 1785 802 1826 radiis
815 1785 919 1826 adeo
931 1785 1042 1839 rapit
1054 1785 1290 1838 flammam,

263 1861 312 1901 ut
329 1858 461 1900 aridis
479 1857 628 1910 fungis
645 1856 715 1898 vel
733 1857 843 1898 soliis
865 1858 1013 1910 ignem
1029 1857 1236 1911 praebeat3
1254 1859 1296 1899 et

264 1930 399 1984 stylus
417 1929 599 1983 Spiritus
623 1929 754 1970 sancti
781 1929 827 1970 in
855 1929 1078 1970 traditione
1103 1928 1294 1982 Scriptu-

265 2014 412 2044 rarum
432 2000 646 2043 succendit
665 2001 791 2042 eorda
815 2001 1038 2054 torpentia,
1058 1999 1129 2042 vel
1154 2003 1297 2054 tepen-

265 2073 340 2115 tia.
360 2071 504 2114 Virtus
522 2073 650 2114 etiam
671 2072 856 2127 crystalli
873 2075 934 2113 est
957 2075 1104 2114 contra
1122 2072 1236 2113 sitim
1255 2075 1296 2114 et

267 2144 481 2194 ardorem3
509 2147 552 2186 et
576 2144 712 2198 stylus
744 2144 1062 2198 Scripturamm
1096 2143 1298 2186 refocillat

267 2215 393 2259 eorda
417 2215 620 2258 ardentia.
654 2215 883 2270 Crystallus
910 2217 1086 2271 insuper
1110 2216 1233 2266 trita,
1255 2219 1297 2258 et

268 2287 393 2330 melle
422 2290 565 2342 potata
579 2320 592 2339 ,
625 2287 732 2330 lacte
756 2288 890 2342 replet
913 2289 1068 2339 ubera3
1091 2290 1133 2330 et
1161 2288 1297 2342 stylus

269 2361 453 2416 Spiritus
471 2361 628 2411 sancti,
651 2361 776 2403 melle
800 2362 1035 2403 devotionis
1059 2361 1294 2414 imbibitus,

268 2433 374 2474 lacte
393 2434 544 2486 gratiae
563 2433 696 2487 replet
715 2434 869 2475 mentis
895 2434 1054 2484 ubera,
1075 2434 1116 2475 id
1145 2437 1208 2476 est
1235 2434 1299 2475 in-

270 2503 481 2546 tellectum
501 2507 543 2546 et
561 2505 774 2547 affectum.
798 2505 878 2548 Per
903 2506 1134 2560 puritatem
1154 2508 1298 2547 autem

271 2579 312 2618 et
329 2576 605 2629 pervictatem
622 2576 908 2630 crystallinam
924 2589 1117 2630 congrue
1131 2576 1299 2619 transu-

271 2647 404 2689 mitur
427 2648 563 2690 t'orma
590 2648 906 2702 Scripturarum
923 2682 934 2700 ,
956 2650 1059 2703 quia
1094 2649 1205 2691 sicut
1229 2648 1300 2690 illa

269 2731 440 2762 omnem
461 2721 749 2774 impuritatem
774 2720 976 2772 excludit,
998 2721 1055 2762 ita
1074 2721 1209 2762 forma
1228 2732 1299 2762 sa-

270 2805 352 2835 crae
372 2792 601 2847 Seripturae
620 2805 768 2834 omnes
794 2793 1144 2847 reprehensiones
1166 2793 1297 2843 elidit,

270 2868 311 2907 et
327 2865 442 2919 ipsos
462 2865 788 2919 reprehensores
807 2865 973 2907 refellit.
991 2863 1137 2907 Solent
1155 2868 1301 2907 autem

269 2937 313 2979 in
344 2936 608 2992 Scripturam
637 2950 796 2979 sacram
828 2940 1012 2992 quatuor
1039 2950 1199 2992 genera
1225 2938 1298 2980 de·

270 3009 456 3051 fectuum
474 3009 669 3052 homines
692 3009 878 3051 infelices
903 3009 1160 3064 impingere,
1183 3009 1300 3052 scili-

270 3084 335 3122 cet
359 3080 607 3134 injustitiae,
633 3081 908 3136 insipientiae,
937 3082 1237 3134 inhonestatiS,
1261 3085 1304 3124 et

270 3153 593 3207 superfluitatis.

322 3225 381 3267 De
400 3226 538 3280 primo
565 3237 709 3268 errore
730 3227 905 3269 fuerunt
932 3227 1107 3281 quidam
1136 3227 1302 3281 protes-

271 3310 387 3341 sores
405 3299 562 3341 veteris
581 3300 848 3351 testamenti,
871 3300 1106 3342 secundum
1124 3299 1238 3353 quod
1257 3299 1303 3341 in

270 3370 488 3414 Ezechiele
506 3371 712 3426 scriptum
731 3375 796 3414 est
816 3375 829 3397 ⁸
851 3387 860 3414 :
890 3389 910 3412 α
932 3372 1077 3414 Patres
1107 3371 1300 3414 comede-

314 3455 322 3473 ¹
345 3454 465 3496 Eccli„
491 3463 587 3496 xxiv,
615 3457 670 3489 26.
693 3473 735 3480 —
761 3456 772 3475 ²
796 3456 901 3498 Rom,
927 3464 1008 3498 rui,
1035 3457 1088 3488 20.
1108 3472 1149 3479 —
1176 3454 1191 3478 ⁸
1211 3455 1303 3497 lsid.‚

270 3501 432 3545 Beymol„
451 3503 510 3536 lib.
533 3504 575 3547 X,
595 3513 625 3537 c.
645 3511 727 3537 1111.
747 3520 788 3528 —
812 3504 824 3523 ⁴
846 3503 980 3542 Ezech„
1008 3511 1111 3546 xviii,
1132 3505 1165 3546 2,
1189 3505 1244 3537 25.
1262 3520 1304 3527 —

271 3550 285 3570 ⁸
303 3549 426 3586 Ksed..
445 3559 510 3592 xx,
536 3554 570 3585 5.
590 3568 631 3576 —
656 3553 670 3572 ⁸
697 3553 867 3594 Damaso„
892 3551 933 3585 de
960 3552 1083 3584 Hoeres.
1104 3569 1147 3576 —
1168 3552 1183 3575 ⁷
1202 3553 1305 3593 Aug„

271 3599 355 3632 cont.
375 3597 505 3642 Fama,
532 3599 591 3636 lib.
615 3599 706 3640 XIV,
723 3609 786 3642 per
806 3602 938 3642 totum;
960 3602 1047 3634 cont.
1065 3599 1205 3634 Δάνα-ε.
1225 3598 1304 3641 Leq.

1356 340 1458 381 runt
1475 350 1607 380 uvam
1627 339 1838 391 acerbam,
1860 340 1903 381 et
1917 338 2062 381 dentes
2083 336 2271 379 filiorum
2290 335 2384 378 obs·

1354 414 1593 465 tupescunt.
1607 410 1659 452 Et
1673 411 1726 464 (a)
1738 425 1746 451 :
1759 410 1851 453 Non
1864 413 1925 452 est
1938 422 2063 464 aequa
2076 410 2148 451 via
2159 408 2343 451 Domini.
2357 423 2378 447 ι»

1357 482 1496 537 Hujus
1513 483 1669 524 erroris
1687 495 1741 524 ex
1759 482 1855 536 lege
1883 483 2027 523 divina
2045 481 2296 523 sumebatur
2313 491 2385 522 oc-

1357 555 1492 606 casio,
1514 554 1598 596 Deo
1624 554 1785 596 dicente
1815 554 1860 595 in
1880 553 2029 596 Exodo
2051 555 2064 576 ⁵
2087 568 2096 594 z
2125 569 2144 592 α
2164 553 2256 606 Ego
2288 564 2385 594 sum

1357 626 1561 669 Dominus
1581 625 1690 667 Deus
1708 630 1808 669 tuus
1825 657 1835 675 ,
1856 625 1997 676 fortis,
2019 628 2060 666 et
2080 625 2230 666 zelotes
2246 655 2259 675 ,
2279 625 2384 666 visi-

1357 702 1451 740 tans
1470 698 1735 752 iniquitatem
1762 700 1930 752 patrum
1952 698 1995 738 in
2016 697 2147 748 filios,
2175 708 2312 750 usque
2341 696 2386 738 in

1357 770 1539 822 tertiam,
1557 773 1597 812 et
1611 773 1805 824 quartam
1823 769 2191 822 generationem.»
2212 766 2387 821 Propter

1359 841 1452 884 haec
1470 844 1510 883 et
1529 841 1683 883 similia
1701 841 1875 895 quidam
1896 841 2039 894 legem
2058 839 2282 881 Mosaicam
2303 839 2389 894 opi-

1358 917 1520 956 nantur
1538 913 1753 966 injustam,
1776 915 1817 954 et
1832 925 1857 954 a
1877 912 1960 954 Deo
1978 912 2089 953 bono
2108 914 2149 953 et
2165 913 2283 965 justo
2306 910 2388 951 mi-

1358 986 1474 1027 nime
1502 985 1643 1027 datam
1676 985 1803 1026 fuisse
1840 984 2121 1034 mentiuntur,
2142 986 2190 1025 ut
2210 981 2389 1024 Marcio-

1360 1059 1483 1100 nistae
1502 1060 1543 1099 et
1562 1057 1824 1108 Cerdoniani,
1852 1055 2084 1097 secundum
2110 1054 2224 1108 quod
2243 1053 2391 1095 recitat

1362 1131 1645 1172 Damascenus
1677 1129 1707 1171 ⁶.
1740 1128 1862 1170 Hunc
1895 1139 2081 1170 errorem
2113 1126 2264 1168 diffuse
2293 1137 2391 1180 per-

1366 1206 1516 1245 tractat
1552 1201 1821 1255 Augustinus
1855 1205 1892 1252 7,
1925 1203 2073 1243 cont-ra
2087 1200 2313 1250 Faustum,
2350 1201 2392 1240 et

1366 1280 1512 1318 contra
1529 1273 1840 1316 Adversarium
1865 1273 1986 1326 Leqis
2010 1276 2050 1316 et
2070 1271 2389 1325 Prophetarum.

1365 1347 1491 1400 Legis
1509 1349 1652 1388 autem
1672 1345 1848 1399 justitia,
1868 1347 1958 1386 tam
1978 1344 2021 1385 in
2042 1342 2176 1393 Novo,
2198 1354 2329 1397 quam
2347 1343 2394 1383 in

1365 1419 1506 1461 Veteri
1525 1417 1792 1460 Testamento
1817 1415 2154 1457 commendatur.
2176 1414 2225 1456 ln
2251 1415 2393 1457 Eccle-

1365 1493 1545 1535 siastico
1575 1491 1729 1544 quippe
1754 1489 1958 1542 scriptum
1989 1490 2052 1528 est
2082 1487 2097 1510 ⁸
2134 1501 2144 1526 :
2184 1502 2204 1526 c
2234 1485 2395 1540 Legem

1367 1562 1586 1605 mandavit
1598 1561 1762 1615 Moyses
1781 1561 1827 1601 in
1844 1559 2066 1614 praeceptis
2074 1558 2354 1612 Justitiarum.
2370 1572 2391 1596 n

1369 1634 1419 1677 Et
1438 1636 1485 1676 in
1503 1634 1612 1675 libro
1635 1633 1869 1686 Sapientia?
1886 1630 2133 1672 nominatur
2148 1632 2162 1655 ⁹
2183 1628 2255 1672 lex
2274 1628 2397 1682 iusti·

1367 1709 1453 1750 tioe.
1475 1707 1534 1748 De
1553 1707 1644 1760 ipsa
1663 1705 1791 1746 etiam
1810 1703 1908 1746 dicit
1928 1701 2157 1756 Apostolus
2176 1704 2207 1728 ¹⁰
2228 1713 2239 1742 z
2267 1716 2287 1740 ιι
2311 1700 2395 1742 Ita·

1367 1792 1450 1835 que
1467 1779 1539 1821 lex
1557 1777 1728 1833 quidem
1750 1778 1907 1826 sancta,
1937 1777 1979 1816 et
1997 1773 2246 1816 mandatum
2273 1785 2395 1814 sanc-

1367 1857 1484 1903 tum,
1507 1854 1548 1892 et
1575 1852 1767 1904 justum,
1789 1850 1831 1889 et
1858 1847 2037 1891 bonum.
2060 1859 2081 1885 n
2112 1845 2240 1898 Legis
2269 1844 2397 1886 etiam

1369 1925 1524 1967 divinae
1539 1922 1704 1977 J‘ustitia
1721 1921 1839 1963 velut
1866 1931 1891 1961 a
1922 1917 2069 1974 populi
2095 1929 2169 1960 ore
2192 1917 2398 1972 probatur

1368 2010 1444 2052 per
1477 1997 1768 2039 humanarum
1796 2003 1942 2034 rerum
1971 1990 2204 2045 Justitiam,
2239 2000 2336 2044 quae
2373 2001 2400 2030 a

1369 2070 1514 2112 divim
1529 2068 1624 2122 lege
1633 2066 1862 2116 derivatur,
1881 2063 2114 2106 secundum
2129 2061 2243 2116 quod
2255 2063 2399 2116 aperte

1369 2143 1489 2184 docet
1516 2140 1719 2193 Origenes
1746 2138 1790 2179 ¹¹.
1819 2135 2054 2178 Adducitur
2078 2134 2207 2176 etiam
2235 2133 2286 2175 ad
2317 2132 2400 2175 hoc

1368 2215 1482 2257 idem
1500 2224 1577 2267 pro
1591 2212 1732 2265 signo,
1749 2209 1862 2264 quod
1876 2206 2094 2250 nonnullae
2105 2206 2224 2260 leges
2234 2205 2398 2249 Veteris

1369 2285 1626 2330 Testamenti
1658 2284 1902 2335 tanguntur
1933 2280 1981 2321 in
2007 2281 2107 2333 jure
2133 2277 2271 2329 civili,
2303 2289 2401 2319 cum

1370 2363 1513 2401 tamen
1529 2356 1649 2409 leges
1676 2353 1966 2396 Romanorum
1993 2350 2198 2405 coeperint
2216 2361 2242 2391 a
2260 2349 2402 2392 Numa

1371 2428 1600 2483 Pompilio,
1630 2427 1705 2481 qui
1731 2426 1989 2467 successerat
2016 2422 2196 2464 Romulo
2212 2455 2223 2474 ,
2244 2434 2401 2463 secun-

1371 2503 1475 2544 dum
1509 2500 1718 2542 Isidorum
1747 2498 1794 2539 ¹².
1827 2496 1905 2538 Hic
1936 2494 2144 2537 Romulus
2170 2493 2286 2536 mille
2314 2495 2402 2536 fere

1370 2585 1505 2615 annos
1539 2572 1668 2614 fuisse
1695 2570 1901 2624 probatur
1924 2567 2130 2622 posterior
2157 2566 2321 2620 Moyse,
2353 2568 2403 2608 ut

1371 2645 1471 2688 dicit
1506 2644 1620 2686 idem
1659 2641 1861 2683 Isidorus·
1899 2638 2131 2681 Concordat
2162 2640 2305 2679 autem
2334 2637 2402 2678 isti

1372 2716 1608 2766 sententiae,
1630 2713 1744 2769 quod
1761 2715 1959 2754 veterum
1984 2711 2152 2764 legum,
2175 2711 2220 2751 in
2244 2709 2402 2764 quibus

1372 2787 1507 2830 multa
1529 2786 1619 2840 legi
1645 2785 1718 2827 Dei
1743 2784 1862 2826 fuere
1885 2782 2123 2834 contraria,
2141 2783 2233 2836 jam
2258 2781 2404 2823 nullus

1371 2871 1476 2903 usus
1492 2862 1555 2900 est
1584 2870 1610 2900 a
1635 2860 1820 2911 tempore
1844 2854 2107 2897 Constantini
2136 2854 2404 2908 imperatoris

1374 2929 1609 2981 christiani,
1631 2928 1754 2970 novis
1772 2925 2088 2980 incipientibus,
2114 2928 2155 2968 et
2170 2928 2314 2979 postea
2328 2936 2404 2979 per

1373 3003 1658 3048 Theodosium
1673 3034 1686 3054 ,
1717 3001 2018 3055 imperatorem
2046 2998 2175 3040 etiam
2203 2997 2403 3039 christia-

1372 3077 1614 3126 nissimum,
1633 3073 1687 3116 ad
1705 3073 1899 3116 ordinem
1917 3070 2242 3113 convenientem
2261 3069 2402 3111 redac-

1373 3151 1442 3201 tis,
1474 3147 1711 3190 secundum
1739 3143 1854 3199 quod
1881 3143 2002 3186 docet
2032 3141 2218 3183 isidorus
2239 3140 2280 3182 ¹³.
2303 3139 2404 3182 Haec

1373 3233 1479 3275 ergo
1498 3216 1743 3262 omnimoda
1761 3216 1888 3269 signa
1915 3216 2029 3266 sunt,
2052 3213 2167 3268 quod
2187 3215 2261 3266 jus
2279 3211 2404 3254 civile

1374 3292 1609 3336 secundum
1625 3290 1768 3343 legem
1787 3287 1978 3329 divinam
1995 3284 2219 3338 regulatur
2234 3286 2277 3324 et
2293 3282 2402 3325 ordi-

1376 3394 1407 3423 et
1429 3387 1566 3430 Proph„
1582 3395 1644 3428 per
1662 3387 1783 3418 totum.
1802 3399 1844 3406 —
1861 3383 1873 3402 ⁸
1890 3380 2011 3420 Eccli.‚
2031 3387 2126 3421 xxw,
2146 3380 2198 3412 33.
2217 3395 2258 3404 —
2277 3379 2290 3399 ⁹
2310 3378 2403 3421 Sap„

1375 3447 1415 3480 11,
1438 3441 1486 3471 11.
1507 3454 1550 3460 —
1570 3436 1594 3458 ¹⁸
1616 3435 1719 3469 Rom..
1740 3439 1810 3471 vn,
1836 3432 1885 3463 ¹2.
1905 3446 1946 3452 —
1974 3429 1995 3447 ¹¹
2023 3428 2133 3470 Orig.,
2152 3429 2187 3459 in
2207 3426 2267 3459 lib.
2287 3427 2404 3466 Num,

1376 3497 1408 3521 c.
1428 3493 1539 3519 xxvix.
1561 3500 1604 3509 —
1630 3482 1653 3502 ¹²
1673 3479 1765 3521 isid„
1784 3479 1843 3512 lib.
1868 3477 1911 3519 V,
1932 3485 1964 3510 c.
1992 3483 2004 3509 1
2026 3478 2061 3510 et
2080 3483 2179 3510 xxix.
2198 3492 2241 3502 -
2261 3475 2290 3499 ¹⁸
2305 3474 2405 3515 ibid..

1376 3544 1407 3568 c.
1427 3542 1453 3568 1.

1419 3593 1466 3638 (a)
1483 3590 1601 3637 Suppl.
1622 3590 1793 3629 dixerunt,
1812 3583 1863 3619 vel
1883 3584 2030 3627 dixistis,
2050 3585 2087 3617 ut
2107 3584 2140 3616 in
2165 3583 2263 3625 Vulq.
