2633 3878
113 2048 197 2076 Panis

101 2089 205 2124 triplex

81 2131 213 2157 refectio-

82 2166 128 2192 nis
169 2167 221 2194 ho-

93 2209 207 2236 minum

80 2249 110 2276 in
124 2252 222 2279 Eccle-

81 2292 136 2321 sia.

1098 162 1336 205 PSALMUS
1367 164 1533 206 CXXXI.

259 271 278 295 (ι
299 256 346 296 In
364 256 594 297 Beelzebub
620 254 807 308 principe
834 252 1145 295 daemoniorum
1168 252 1281 305 ejicit

254 327 480 368 daemonia.
515 340 534 364 n
557 326 612 366 De
641 325 824 365 secundo
846 325 854 345 ¹
875 338 883 363 :
915 339 934 361 (t
961 323 1081 372 Quod
1104 323 1280 375 signum

253 398 367 448 facis,
391 400 439 438 ut
459 397 693 445 videamus,
711 398 751 435 et
771 395 992 435 credamus
1011 393 1119 434 tibi?
1140 408 1158 430 ))
1182 405 1280 433 cum

252 471 395 509 tamen
420 467 554 508 multa
581 467 705 519 signa
731 466 896 506 faceret.
921 464 976 504 Dc
1005 463 1127 504 tertio
1152 466 1276 503 nota:

252 537 360 578 Visis
379 538 512 590 signis
539 538 583 578 in
608 540 740 587 terra,
763 536 940 588 signum
965 535 1016 576 de
1036 534 1140 575 coelo
1161 546 1280 587 quae-

250 609 412 659 rebant,
436 621 485 648 ac
504 609 537 648 si
556 620 642 649 non
665 611 772 648 esset
795 619 1028 659 magnum,
1052 606 1165 659 quod
1184 605 1281 646 fecit

251 679 292 719 in
323 681 448 720 terra.
481 679 606 722 Sicut
632 678 868 720 ablactatus
899 684 960 718 est
987 688 1114 730 super
1143 681 1281 717 matre

251 762 344 790 sua.
369 749 710 790 Homioteleuton
743 752 827 799 est,
859 747 1027 800 quando
1056 747 1188 789 verba
1222 747 1277 787 si-

251 820 406 860 militer
419 820 588 871 cadunt,
606 823 667 869 ut,
690 819 815 861 Sicut
828 818 1063 858 ablactatus
1078 824 1136 858 est
1153 830 1281 871 super

252 896 408 941 matre,
430 893 526 940 etc„
543 890 655 943 quod
668 901 778 942 saepe
792 890 838 929 fit
858 889 902 929 in
922 889 1277 929 distinctionibus

249 961 346 1002 Tria
383 973 543 1013 genera
574 960 801 1001 hominum
838 959 890 999 ad
923 971 1117 999 mensam
1150 971 1280 999 sacrae

249 1033 479 1086 Scripturae
498 1032 777 1073 residentium
791 1031 1063 1084 reperiuntur
1080 1031 1128 1083 (a)
1147 1046 1156 1071 ε
1179 1043 1280 1071 nam

247 1104 317 1144 alii
346 1104 434 1144 solo
466 1104 571 1144 lacte
593 1103 844 1144 nutriuntur
868 1102 939 1155 (h);
965 1102 1036 1142 alii
1056 1115 1179 1155 pane,
1208 1102 1280 1142 sed

246 1177 305 1216 eis
326 1175 555 1227 frangitur,
583 1177 624 1214 et
644 1174 911 1223 masticatur,
935 1173 1003 1213 alii
1024 1173 1157 1226 parati
1182 1176 1280 1213 sunt

245 1245 431 1286 facinora
444 1247 489 1298 (c)
507 1257 651 1297 agere,
669 1247 709 1285 et
728 1245 964 1296 intelligere
982 1244 1173 1284 obscura.
1199 1243 1280 1284 Sed

248 1320 390 1357 tamen
420 1317 602 1358 obscura
628 1329 702 1370 per
731 1316 1038 1368 expositionem
1066 1317 1282 1368 ponantur

245 1392 410 1442 aperta,
439 1393 480 1430 et
505 1389 629 1430 fortia
655 1401 730 1442 per
755 1388 1095 1429 exhortationem
1118 1389 1158 1427 et
1178 1399 1279 1428 cou-

245 1460 528 1500 versationem
548 1460 765 1500 masticata
785 1458 1081 1499 emolliantur:
1112 1458 1157 1498 hi
1180 1460 1280 1498 sunt

244 1531 433 1571 secundi.
455 1530 585 1571 Tertii
604 1532 719 1580 sunt,
739 1530 896 1581 quibus
913 1541 1000 1570 non
1019 1531 1184 1581 oportet
1204 1541 1280 1581 per

243 1601 580 1642 exhortationem
595 1604 635 1641 et
650 1600 981 1641 consolationem
999 1611 1129 1640 sacrae
1145 1598 1280 1651 Scrip-

242 1676 352 1714 turae
381 1672 584 1720 emolliri,
615 1672 687 1713 sed
721 1671 955 1721 masticari;
995 1671 1067 1711 sed
1093 1670 1279 1711 difficilia

244 1746 442 1797 quaerunt
472 1755 548 1796 per
580 1743 888 1796 expositionem
921 1741 1101 1794 aperiri,
1130 1741 1173 1781 id
1192 1743 1276 1791 est,

244 1815 400 1866 frangi.
418 1813 626 1863 Quoniam
649 1815 761 1863 sunt,
784 1813 939 1866 quibus
959 1812 1080 1865 panis
1104 1812 1183 1852 iste
1202 1824 1279 1852 nec

244 1885 472 1937 frangitur,
495 1897 572 1924 nec
586 1884 848 1935 masticatur,
867 1883 941 1936 qui
960 1883 1088 1924 fortes
1107 1885 1207 1923 sunt
1226 1882 1279 1923 ad

245 1956 522 2008 intelligenda
541 1955 742 2005 difficilia,
761 1957 801 1995 et
821 1954 872 1995 ad
892 1954 1131 1995 faciendum
1154 1953 1274 1994 dura.

244 2026 416 2080 Triplici
441 2039 550 2079 pane
577 2027 772 2067 homines
797 2026 1049 2067 reficiuntur
1069 2025 1114 2065 in
1134 2024 1274 2065 Eccle-

243 2097 325 2138 sia:
348 2097 513 2151 primus
533 2097 897 2147 comminatorius,
921 2096 994 2149 qui
1011 2099 1191 2148 purgat3
1216 2108 1276 2136 se-

243 2169 405 2209 cundus
435 2168 759 2218 consolatorius,
800 2167 873 2219 qui
910 2169 1093 2217 recreat:
1128 2168 1278 2208 tertius

241 2240 303 2279 est
322 2238 502 2289 solidus,
525 2238 601 2291 qui
622 2238 858 2278 confirmat.
881 2236 980 2277 Tria
1010 2236 1166 2277 faciunt
1186 2236 1274 2289 pri-

242 2321 378 2358 mum,
394 2308 547 2348 scilicet
560 2308 694 2356 dolor,
708 2308 842 2357 labor,
858 2303 1001 2347 timor.
1019 2306 1075 2347 De
1088 2307 1225 2359 primo
1238 2311 1271 2347 ²:

247 2395 266 2418 «
291 2379 327 2419 A
352 2379 503 2419 timore
529 2381 602 2418 tuo
633 2377 905 2430 concepimus
921 2410 930 2428 ,
963 2380 1005 2417 et
1030 2378 1275 2430 peperimus

241 2449 440 2502 spiritum
464 2448 626 2489 salutis,
652 2462 671 2485 »
698 2447 754 2488 De
784 2448 968 2488 secundo
984 2480 993 2498 ,
1024 2451 1064 2489 et
1085 2448 1208 2489 tertio
1228 2452 1242 2473 ³
1263 2463 1272 2489 :

245 2535 264 2558 a
284 2519 493 2560 Laborem
514 2521 554 2559 et
571 2518 760 2559 dolorem
774 2519 942 2568 inveni;
965 2522 1006 2559 et
1025 2530 1184 2560 nomen
1200 2519 1276 2561 Do-

240 2590 346 2630 mini
362 2590 571 2630 invocavi.
591 2604 609 2627 »
634 2589 854 2630 Secundus
873 2590 921 2630 fit
940 2602 994 2630 ex
1011 2590 1171 2641 tribus,
1195 2591 1272 2631 sci-

239 2661 336 2702 licet
362 2660 465 2711 fide,
492 2672 579 2713 spe,
609 2662 650 2700 et
676 2660 904 2701 charitate:
938 2660 1029 2701 haec
1057 2662 1171 2701 enim
1195 2662 1275 2703 tria

239 2734 333 2784 post
363 2731 435 2771 illa
464 2731 546 2771 tria
573 2731 785 2771 naturalia
818 2734 1069 2784 sequuntur.
1106 2731 1274 2774 Tertius

239 2813 293 2842 ex
328 2801 488 2850 tribus,
527 2801 685 2842 scilicet
716 2813 770 2842 ex
802 2802 984 2853 visione,
1025 2815 1194 2852 amore,
1232 2807 1273 2845 et

239 2872 396 2913 laude:
426 2872 538 2924 quod
566 2872 752 2913 maxime
783 2873 862 2913 erit
894 2872 938 2912 in
970 2872 1127 2913 futuro:
1161 2872 1273 2915 Talis

241 2942 362 2995 panis
378 2942 486 2983 bene
505 2943 696 2996 sequitur
713 2946 808 2996 post
827 2943 944 2992 alios,
967 2943 1068 2996 quia
1087 2944 1269 2985 retribu-

239 3013 296 3054 tio
331 3016 426 3066 post
457 3013 670 3054 meritum.
703 3013 760 3054 De
789 3014 927 3067 primo
952 3017 992 3053 ⁴:
1027 3029 1046 3052 «
1081 3013 1273 3055 Fuerunt

239 3084 344 3124 mihi
363 3083 564 3136 lacrymae
585 3095 692 3124 meae
717 3096 847 3137 panes
866 3085 932 3125 die
949 3097 997 3125 ac
1015 3088 1149 3126 nocte.
1172 3099 1191 3123 »
1214 3085 1271 3127 De

238 3154 422 3195 secundo
439 3158 452 3179 ⁵
470 3168 478 3194 :
507 3169 526 3192 ε(
546 3153 705 3195 Panem
725 3155 977 3206 angelorum
998 3155 1271 3198 manducavit

237 3225 391 3267 homo:
421 3240 441 3262 »
467 3224 519 3265 Hi
548 3225 633 3265 duo
664 3227 708 3265 in
739 3226 951 3278 praesenti.
987 3225 1044 3266 De
1074 3227 1197 3269 tertio
1218 3233 1262 3269 ⁸:

284 3356 414 3396 ¹Joan.,
434 3363 481 3396 vi,
505 3358 556 3388 30.
580 3374 615 3378 —
637 3355 648 3374 ²
672 3357 751 3395 lsa„
781 3364 874 3395 xxvu,
898 3358 948 3388 18.
971 3373 1010 3380 -
1032 3357 1046 3379 ³
1064 3357 1156 3390 Psal.
1177 3366 1270 3401 cmv,

240 3404 271 3432 3.
294 3419 328 3424 -
352 3401 366 3423 ⁴
382 3402 471 3435 Psal.
491 3410 568 3443 xm,
592 3406 619 3435 4.
642 3421 681 3426 —
707 3403 721 3424 ⁶
742 3403 830 3435 Psal.
857 3411 994 3444 Lxxvn,
1015 3407 1065 3436 29.
1090 3421 1129 3427 -
1149 3406 1160 3424 ⁶
1180 3406 1267 3440 Psal.

240 3455 310 3486 xv1,
334 3450 383 3480 15.
401 3465 442 3473 —
465 3450 475 3468 ⁷
499 3451 577 3489 lsa„
600 3458 652 3491 xl,
673 3452 702 3482 2.

2308 169 2384 209 555

1360 269 1379 291 «
1397 253 1604 304 Satiabor,
1623 266 1721 294 cum
1742 256 1984 307 apparuerit
2003 256 2140 308 gloria
2162 259 2250 308 tua,
2267 271 2286 295 ))
2308 257 2385 298 sci-

1352 323 1448 364 licet
1469 324 1569 365 vivo
1589 337 1718 378 pane,
1742 326 1816 377 qui
1836 325 1886 366 de
1903 327 2007 367 coelo
2027 327 2262 379 descendit,
2286 340 2384 369 cum

1353 394 1591 436 sedebimus
1612 395 1664 436 ad
1686 407 1876 436 mensam
1898 396 2051 438 Patris.

1406 467 1443 504 3.
1479 465 1552 506 Ex
1577 465 1653 507 hoc
1683 479 1820 516 nanc,
1853 472 1893 507 et
1923 480 2054 520 usqae
2086 469 2130 508 in
2158 469 2381 510 saeculum.

1353 535 1480 579 Nunc
1514 536 1686 588 ponitur
1716 537 1759 576 in
1789 537 1832 578 vi
1858 538 2064 588 nominis,
2096 542 2136 578 et
2174 539 2387 591 significat

1352 605 1432 646 hoc
1453 601 1639 658 praesens
1658 610 1849 660 tempus:
1871 611 1913 648 et
1926 608 2006 649 hoc
2025 620 2274 662 pronomen,
2291 610 2383 661 hoc,

1353 675 1613 716 demonstrat
1632 677 1710 717 hoc
1730 678 1980 719 adverbium
2003 691 2131 720 ηειηε.

1514 782 1782 827 PSALMUS
1816 783 1994 829 DAVID
2028 786 2224 830 CXXXI.

1408 894 1445 929 11.
1470 890 1696 941 Memento,
1721 891 1917 942 Domine,
1942 892 2096 933 David.
2118 893 2165 932 In
2184 893 2264 934 hoc
2283 895 2389 947 psal-

1354 972 1424 1000 mo
1445 960 1564 1001 docet
1585 960 1759 1002 domum
1781 962 2004 1002 aedificare.
2029 962 2144 1014 Ergo
2163 963 2301 1016 primo
2322 965 2389 1005 de-

1353 1030 1421 1071 bet
1440 1031 1569 1072 homo
1591 1044 1635 1072 se
1655 1044 1851 1072 accusare
1864 1047 1874 1082 ;
1896 1035 2004 1085 post,
2029 1032 2165 1073 Deum
2183 1033 2356 1076 laudare
2375 1049 2385 1075 t

1352 1101 1499 1152 tertio,
1540 1102 1786 1154 proximum
1831 1102 2056 1144 aedificare.
2097 1103 2290 1146 Primum
2327 1107 2387 1147 fa-

1353 1172 1499 1213 ciendo
1528 1173 1647 1226 ponit
1680 1174 2022 1225 fundamentum3
2055 1176 2234 1228 parietes
2262 1178 2390 1231 erigit

1352 1256 1428 1297 per
1456 1245 1716 1295 secundum3
1752 1247 1911 1286 tectum
1943 1246 1987 1285 in
2020 1246 2226 1299 spirituali
2260 1248 2385 1290 domo

1353 1315 1481 1367 erigit
1500 1328 1574 1368 per
1600 1316 1791 1356 tertium.
1818 1315 1895 1356 Hic
1924 1317 2091 1366 dicitur,
2122 1319 2236 1371 quod
2261 1332 2388 1373 super

1354 1385 1568 1427 Christum
1589 1388 1602 1409 ⁷
1633 1402 1651 1424 α
1674 1387 1883 1439 requievit
1907 1388 2080 1440 spiritus
2105 1390 2342 1442 sapientiae,
2363 1408 2382 1431 ι)

1353 1460 1394 1497 et
1413 1469 1513 1498 vere
1538 1469 1664 1510 super
1692 1469 1792 1498 eum
1820 1458 2055 1511 requievit:
2089 1472 2188 1500 nam
2219 1463 2390 1514 perfecit

1353 1527 1396 1566 in
1425 1528 1658 1580 sapientia:
1692 1540 1793 1568 nam
1821 1529 1980 1581 accepit
2010 1529 2120 1569 dona
2148 1530 2238 1572 sine
2266 1544 2388 1574 men-

1354 1612 1468 1642 sura.
1493 1600 1554 1641 Et
1572 1601 1709 1640 omnis
1735 1600 2074 1641 mansuetudinis
2103 1601 2207 1654 ejus.
2236 1603 2301 1644 Ad
2321 1617 2386 1645 os-

1352 1670 1607 1710 tendendam
1629 1671 1931 1722 innocentiam,
1955 1672 2070 1712 venit
2089 1673 2195 1713 Abel
2207 1689 2217 1724 ;
2241 1675 2294 1715 ad
2315 1687 2386 1716 os-

1352 1741 1606 1782 tendendam
1637 1741 2006 1794 longanimitatem
2035 1744 2123 1796 spei
2156 1750 2196 1786 et
2225 1747 2385 1799 operis,

1353 1812 1468 1852 venit
1506 1811 1610 1862 Noe3
1653 1811 1704 1852 ad
1743 1812 2044 1854 ostendendam
2081 1814 2384 1869 obedientiam,

1353 1883 1469 1924 venit
1488 1883 1706 1924 Abraham
1724 1898 1733 1933 ;
1755 1883 1806 1923 ad
1827 1884 2127 1926 ostendendam
2146 1888 2385 1940 conjugalis

1353 1954 1453 1995 vitae
1474 1953 1782 2003 castimoniam,
1804 1954 1922 1994 venit
1937 1957 2066 2004 lsaac;
2089 1956 2142 1996 ad
2161 1958 2382 2000 ostenden-

1352 2026 1450 2066 dam
1477 2025 1634 2066 laboris
1671 2025 1961 2077 tolerantiam,
1996 2027 2114 2067 venit
2145 2027 2297 2079 Jacob;
2334 2031 2383 2071 ad

1353 2096 1655 2137 ostendendam
1692 2108 1769 2148 pro
1807 2097 1919 2137 malo
1956 2098 2245 2141 retributionis
2281 2113 2383 2153 gra-

1352 2168 1454 2208 tiam
1469 2200 1479 2218 ,
1501 2167 1619 2208 venit
1635 2167 1791 2220 Joseph
1807 2182 1817 2218 ;
1845 2168 1899 2209 ad
1918 2169 2221 2210 ostendendam
2241 2174 2387 2214 contra

1353 2239 1531 2280 adversa
1550 2238 1765 2288 fiduciam,
1786 2239 1902 2279 venit
1921 2239 2066 2290 Josue3
2087 2241 2140 2282 ad
2160 2243 2384 2284 ostenden-

1352 2310 1449 2350 dam
1470 2310 1579 2349 inter
1599 2309 1770 2361 flagella
1788 2309 2048 2362 patientiam,
2070 2312 2184 2352 venit
2202 2311 2303 2363 Job;
2328 2314 2378 2354 ad

1351 2379 1653 2420 ostendendam
1682 2380 2074 2431 mansuetudinem,
2098 2383 2215 2422 venit
2237 2383 2381 2425 David.

1350 2450 1455 2491 Ecce
1484 2462 1614 2504 quam
1643 2450 1855 2502 fulgentes
1881 2451 2020 2491 stellas
2047 2452 2092 2492 in
2121 2453 2225 2493 coelo
2245 2455 2381 2495 cerni-

1350 2532 1460 2561 mus.
1485 2520 1694 2562 Inoffenso
1721 2533 1827 2573 ergo
1858 2522 1962 2574 pede
1987 2522 2124 2574 operis
2149 2523 2229 2564 iter
2248 2525 2382 2565 noctis

1353 2591 1635 2632 ambulemus.

1402 2666 1441 2703 2.
1465 2663 1616 2704 Votum
1635 2663 1761 2703 vovit.
1783 2665 1880 2703 Octo
1900 2665 1998 2703 sunt
2016 2675 2113 2716 quae
2132 2667 2284 2706 votum
2301 2665 2383 2707 im-

1348 2734 1546 2787 pediunt:
1590 2733 1746 2786 pudor,
1786 2734 1937 2785 timor,
1979 2734 2237 2788 desperatio,
2269 2748 2382 2789 prae-
2429 2722 2518 2793 {fflffit'

1348 2805 1552 2858 sumptio,
1577 2817 1709 2855 error,
1735 2804 1908 2854 oblivio,
1941 2805 2205 2857 ignorantia,
2238 2807 2376 2859 negli-
2431 2808 2507 2835 00‘0·

1348 2876 1504 2928 gentia.
1521 2875 1675 2917 Contra
1688 2875 1779 2916 haec
1795 2879 1895 2917 sunt
1908 2879 2002 2918 octo
2014 2877 2203 2918 remedia
2216 2891 2224 2918 :
2242 2878 2379 2919 virtus

1346 2946 1605 2988 fortitudinis
1648 2948 1795 3004 contra
1839 2947 2066 2999 pudorem;
2106 2948 2266 2988 fructus
2302 2961 2376 3000 pa-

1345 3017 1503 3058 tientiae
1531 3020 1676 3058 contra
1704 3018 1921 3067 timorem3
1955 3018 2199 3070 benignitas
2228 3017 2375 3059 Salva-

1346 3088 1451 3129 toris
1480 3091 1625 3129 contra
1651 3088 2016 3141 desperationem;
2049 3088 2235 3128 districta
2255 3100 2374 3130 secu-

1347 3160 1447 3200 ritas
1471 3159 1625 3211 Judicis
1653 3161 1799 3199 contra
1828 3159 2229 3212 praesumptionem;
2263 3160 2372 3200 ratio

1346 3231 1444 3272 fidei
1473 3233 1620 3271 contra
1650 3242 1860 3280 errorem;
1889 3230 2069 3282 diligens
2098 3231 2374 3282 perscrutatio

1347 3305 1491 3343 contra
1518 3300 1803 3350 oblivionem3
1833 3300 2055 3353 prudentia
2081 3302 2228 3342 contra
2245 3301 2377 3354 igno-

1349 3372 1551 3421 rantiam3
1576 3373 1717 3413 fervor
1733 3371 1970 3413 devotionis
1990 3374 2137 3413 contra
2153 3372 2381 3425 negligen-

2439 2682 2543 2711 votum

1390 3455 1436 3494 (a)
1454 3454 1510 3486 At.
1527 3453 1857 3496 requiruntur.—(b)
1873 3454 2074 3488 nutritur.—
2089 3454 2129 3496 (c)
2139 3455 2214 3497 [ιθ.
2225 3454 2376 3489 fortiora.
