2633 3878
179 2412 267 2440 Joab.

173 2453 281 2479 Abisai.

167 2495 272 2520 Abner.

299 266 375 304 510

299 350 515 388 secutiones
546 346 775 383 animalium
801 345 1083 392 cogitationum
1109 343 1323 391 appropin-

299 415 518 460 quaverunt
531 407 724 455 iniquitati
737 407 988 443 rationalium
1003 406 1321 450 consensionum,

298 474 366 510 sed
387 484 409 509 a
433 470 749 520 pronuntiatione
780 468 966 514 legalium
986 468 1198 504 lectionum
1226 467 1325 502 sacta

299 539 353 572 est
379 534 577 579 elongatio
607 531 743 568 talium
774 530 1123 578 persecutionum?
1153 530 1325 573 Quatuor

299 608 392 641 crgo
425 598 527 639 sunt,
564 605 651 641 quan
682 603 799 640 super
831 592 912 628 brec
949 589 1104 638 pensari
1135 592 1322 637 possunt3

299 660 441 697 scilieet
461 658 729 705 cogitationes,
750 655 1026 693 consensiones
1040 682 1050 698 ,
1070 653 1267 698 lectiones,
1291 655 1327 688 et

300 721 591 767 elongationes:
619 729 787 766 quarum
808 717 969 765 quidem
989 716 1047 752 11ae
1069 718 1250 760 currunt,
1267 715 1326 750 ha?

300 785 549 825 concurrunt,
569 782 628 817 11ae
650 781 895 823 succurrunt,
916 778 975 814 hae
994 780 1210 814 recurrunt.

630 884 818 920 Articulns
843 884 995 929 primus.

350 970 519 1006 Primum
533 967 739 1015 praelucet,
755 977 844 1003 cum
866 964 1006 1001 dicitur
1022 975 1031 1000 :
1050 964 1329 1009 Appropinqua-

302 1037 423 1068 rerunt
443 1033 687 1077 persequentes
708 1040 771 1064 me.
793 1030 819 1064 T
822 1027 901 1063 ales
921 1026 1067 1073 quippe
1086 1033 1327 1071 persequen—

301 1098 378 1139 tes,
401 1096 489 1129 sunt
512 1090 798 1128 irrationabiles
818 1087 1097 1135 cogitationes,
1118 1096 1205 1133 quae
1233 1084 1328 1120 dum

302 1156 533 1204 perveniunt
552 1154 602 1190 ad
624 1151 915 1196 delectationes,
937 1149 1259 1197 appropinquant
1278 1146 1329 1182 ad

302 1217 590 1255 consensiones.
608 1215 672 1251 Hic
690 1217 825 1250 notare
839 1222 1048 1260 possumus
1064 1210 1112 1246 de
1130 1208 1330 1255 supradic-

302 1281 348 1316 tis
367 1277 705 1326 persequentibus,
730 1274 839 1322 quod
859 1272 1056 1310 interdum
1077 1271 1332 1317 cogitationes

301 1339 510 1377 rationales
540 1341 627 1374 sunt
653 1337 951 1384 persequentes,
979 1337 1014 1370 et
1048 1333 1237 1370 animales
1270 1332 1330 1368 fu-

302 1403 466 1448 gientes;
489 1399 683 1436 interdum
711 1396 900 1434 animales
925 1399 1013 1432 sunt
1039 1396 1330 1442 persequentes,

304 1467 337 1500 et
358 1462 568 1500 rationales
588 1460 799 1506 fugientes3
822 1457 1019 1494 interdum
1041 1455 1231 1493 animales
1251 1465 1332 1492 non

303 1529 391 1561 sunt
424 1525 722 1571 persequentes,
757 1524 793 1557 et
830 1524 960 1557 tamen
996 1517 1206 1554 rationales
1244 1519 1334 1552 sunt

303 1586 494 1633 fugientes
517 1597 524 1620 :
549 1593 719 1631 quorum
743 1582 916 1630 primum
945 1584 1001 1616 est
1024 1579 1248 1622 laudabile3
1272 1589 1332 1615 se-

306 1648 480 1684 cundum
505 1643 784 1692 vituperabile,
805 1642 874 1680 sed
895 1642 1144 1689 aliquatenus
1174 1650 1332 1676 excusa-

306 1710 403 1754 bile;
423 1709 579 1745 tertium
598 1704 881 1753 vituperabile,
903 1707 938 1741 et
955 1703 1109 1750 penitus
1132 1703 1333 1738 inexcusa-

307 1771 400 1809 bile.
434 1772 483 1806 De
514 1769 642 1816 primo
664 1770 674 1790 ¹
712 1779 720 1802 :
763 1781 779 1800 α
810 1765 893 1803 Filii
926 1764 1041 1802 lsrael
1068 1774 1147 1800 uno
1178 1763 1334 1810 agmine

305 1834 582 1882 persequentes
627 1828 883 1867 debilitabant
926 1837 1086 1872 omnes,
1128 1841 1144 1858 »
1192 1825 1337 1862 scilicet

307 1894 543 1942 Babylonios
578 1892 769 1938 fugientes
793 1903 804 1936 ;
846 1890 915 1926 ubi
959 1899 1029 1936 per
1071 1887 1174 1924 filios
1220 1886 1336 1922 lsrael

306 1956 574 2003 significantur
595 1953 848 1999 cogitationes
866 1950 1076 1988 ratIOnales
1091 1962 1101 1995 3
1120 1959 1190 1996 per
1211 1948 1336 1994 Baby-

307 2019 451 2063 lonios,
472 2016 728 2064 cogitationes
745 2013 1003 2051 irrationales.
1027 2014 1076 2048 De
1096 2009 1270 2047 secundo
1291 2011 1303 2030 ‘²
1327 2022 1334 2045 ε

313 2096 329 2113 «
350 2079 672 2127 persequentibus
704 2076 801 2113 Joab
832 2078 867 2112 et
891 2074 1020 2111 Abisai
1047 2074 1095 2120 (α)
1125 2071 1337 2118 fugientem

310 2144 438 2181 Abner
453 2170 463 2188 ,
485 2141 543 2178 sol
565 2139 749 2178 occubuit
772 2151 780 2175 :
811 2153 827 2173 n
853 2137 950 2174 Joab
971 2137 1244 2183 interpretatur
1264 2136 1337 2170 im·-

309 2209 448 2251 micus,
478 2205 559 2251 ipse
591 2205 648 2239 cst
685 2200 891 2245 diabolus;
926 2198 1083 2243 Abisai,
1106 2200 1211 2244 pater
1242 2207 1338 2232 meus

309 2269 532 2314 superfluus,
565 2264 647 2311 ipse
676 2265 731 2299 est
762 2260 929 2298 carnalis
966 2259 1171 2304 stimulus3
1210 2257 1340 2294 Abner

311 2329 431 2376 patris
462 2327 646 2369 lucerna,
679 2324 764 2371 ipsa
797 2326 853 2359 est
883 2321 1084 2358 rationalis
1115 2319 1338 2367 appetitiva,

312 2389 502 2434 Quocirca
550 2384 876 2434 persequentibus
918 2382 1016 2420 soal>
1056 2385 1092 2419 et
1121 2380 1251 2418 Abisai
1280 2380 1339 2416 111-

314 2452 482 2498 gientem
504 2449 646 2493 Abner,
668 2446 727 2483 sol
748 2444 967 2489 occumbit,
988 2444 1082 2491 quia
1101 2452 1341 2490 persequen-

313 2513 416 2549 tibus
433 2515 511 2548 tam
532 2508 708 2554 diabolo,
731 2518 851 2555 quam
869 2505 1015 2542 carnali
1032 2504 1204 2550 stimulo,
1223 2503 1342 2540 ratio-

313 2574 442 2611 nalem
473 2571 751 2620 appctitivam,
782 2569 880 2605 ratio
902 2578 1004 2615 saepe
1030 2565 1262 2604 succumbit.
1290 2567 1340 2601 De

314 2636 424 2673 tertio
444 2635 456 2657 ³
476 2647 483 2670 :
506 2648 523 2667 (ι
540 2633 649 2679 Fugit
668 2631 825 2679 impius,
846 2629 1002 2667 nemine
1021 2629 1299 2677 persequente3
1321 2639 1338 2660 »

314 2699 408 2745 quia
426 2696 525 2743 fugit
549 2695 688 2742 saepius
714 2692 970 2729 intellectivus
995 2691 1211 2739 appetitus,
1233 2688 1343 2726 nulla

315 2760 496 2806 passione
516 2755 692 2794 sensibili
709 2755 979 2802 impugnante.

640 2859 827 2895 Articulus
847 2856 1035 2894 secundus.

363 2942 584 2981 Secundum
598 2940 793 2985 sublucet,
809 2951 899 2976 cum
912 2939 1092 2986 adjicitur
1109 2951 1116 2975 :
1131 2939 1341 2984 Iniquitati.

317 3011 419 3046 Tunc
440 3005 732 3042 consummatur
751 3001 956 3049 iniquitas,
977 3012 1067 3039 cum
1086 2999 1346 3039 irrationabili

318 3067 543 3116 cogitationi
573 3063 764 3102 consentit
795 3062 1013 3099 deliberata
1041 3062 1234 3099 voluntas.
1271 3063 1346 3098 No·

318 3130 482 3168 tandum
509 3128 644 3175 igitur,
666 3124 777 3174 quod
804 3123 988 3171 iniquitas
1014 3124 1206 3168 nascitur,
1227 3122 1345 3160 trahi-

318 3196 381 3230 tur
394 3221 405 3239 ,
426 3195 462 3229 et
481 3189 698 3237 completur
717 3199 725 3223 :
745 3186 916 3223 nascitur
944 3195 1115 3232 namque
1138 3185 1178 3221 in
1197 3184 1346 3231 cogita-

318 3257 423 3293 tione
434 3267 445 3301 3
470 3253 632 3291 trahitur
663 3251 704 3286 in
737 3248 1013 3294 delectatione3
1053 3247 1271 3294 completur
1307 3246 1347 3282 in

321 3316 588 3355 consensione.
630 3315 680 3349 De
713 3311 843 3359 primo
879 3311 892 3332 ¹·
925 3322 934 3346 :
973 3322 991 3344 α
1028 3311 1079 3346 De
1111 3307 1348 3345 vestimentis

366 3414 518 3455 ¹Judith,
546 3421 604 3452 XV,
634 3413 664 3443 4.
694 3427 733 3434 —
760 3412 774 3433 ²
803 3411 828 3442 11
854 3411 944 3451 Req„
977 3417 1021 3450 11,
1054 3411 1106 3441 24.
1133 3424 1173 3431 ——
1199 3407 1213 3429 ³
1237 3408 1347 3446 Prov.‚

323 3470 452 3502 xxviii,
477 3465 506 3494 1.
533 3477 567 3483 —
598 3459 612 3481 ⁴
637 3457 756 3496 Eccli„
782 3464 873 3496 xm,
905 3461 954 3489 13.
974 3474 1014 3479 —
1038 3457 1051 3478 ⁵
1071 3457 1149 3495 Isca,
1179 3462 1212 3496 v,
1240 3455 1289 3486 18.
1312 3472 1346 3476 —

324 3511 337 3533 ὅ
359 3510 485 3550 Tmen„
510 3516 554 3548 iv,
580 3507 630 3550 22.
651 3523 691 3529 —
711 3506 720 3522 '¹
747 3504 871 3544 Exocl„
895 3511 974 3544 xiii,
1003 3505 1034 3536 9.
1062 3521 1102 3527 —
1134 3504 1144 3522 ⁸
1171 3503 1196 3534 11
1228 3501 1348 3539 Maeli„

992 254 1265 297 EXPOSITto
1296 252 1348 294 IN
1380 249 1727 292 Psssxlfftzntmt.

1398 339 1575 388 procedit
1597 339 1720 382 tinea,
1741 340 1777 374 et
1796 348 1819 373 a
1839 336 2001 373 muliere
2021 336 2205 384 iniquitas
2223 338 2296 375 viri
2308 352 2318 386 ;
2340 352 2358 373 »
2382 338 2423 376 id

1400 405 1455 438 est
1488 413 1510 438 a
1537 399 1720 437 muliebri
1753 398 1985 444 cogitatione
2015 398 2202 445 iniquitas
2234 401 2425 447 appetitus

1399 463 1637 500 intellectivi.
1680 464 1728 497 De
1764 459 1938 497 secundo
1967 460 1979 480 ⁵
2010 472 2017 495 :
2051 475 2066 492 ιι
2100 462 2162 495 Va}
2187 460 2255 507 qui
2281 462 2427 499 trahitis

1400 525 1644 572 iniquitatem
1676 523 1714 558 in
1747 521 1930 557 funiculis
1959 521 2140 557 vanitatis
2173 532 2181 556 ε
2212 534 2229 555 »
2264 523 2356 558 tunc
2387 523 2428 560 in

1399 586 1582 622 funiculis
1602 583 1782 621 vanitatis·
1802 582 1986 629 iniquitas
2005 582 2190 628 trahitur,
2212 593 2300 619 cum
2318 584 2428 621 vanis

1402 647 1704 684 delectationum
1727 644 1893 681 vinculis
1919 644 2099 680 voluntas
2124 644 2175 681 ad
2195 655 2429 682 consensum

1401 707 1644 745 conducitur.
1665 709 1713 742 De
1729 705 1838 742 tertio
1856 706 1869 727 ⁶
1885 717 1893 741 :
1917 719 1934 739 «
1953 705 2156 753 completa
2172 709 2227 743 est
2244 706 2428 754 iniquitas

1401 773 1486 813 tua,
1506 769 1597 805 Sion
1622 780 1630 804 ε
1653 781 1670 802 »
1690 777 1760 814 per
1789 766 1902 811 Sion,
1929 777 2017 813 quas
2037 767 2310 814 interpretatur
2339 778 2427 815 spe·
2444 779 2513 806 Sion
2525 785 2589 813 spe-

1401 832 1510 877 cula,
1537 831 1600 867 vel
1625 829 1858 877 speculatio,
1882 833 1983 865 recte
2007 831 2164 866 notatur
2189 829 2310 877 ratio,
2341 841 2428 878 quae
2477 820 2554 849 ⁰⁰¹⁸·

1403 893 1499 929 dum
1526 892 1577 928 ad
1604 902 1837 929 consensum
1865 890 2095 937 inclinatur,
2127 891 2310 940 iniquitas
2336 903 2424 930 con-

1403 956 1634 991 summatur.

1743 1052 1926 1087 Articulus
1953 1052 2092 1087 tertius.

1450 1141 1619 1177 Tertium
1645 1140 1787 1184 claret,
1809 1150 1898 1176 eum
1925 1138 2125 1176 scribitur:
2149 1141 2174 1175 Α
2212 1139 2285 1185 1696
2317 1143 2434 1176 autem

1406 1207 1483 1247 tua,
1522 1201 1668 1238 scilicet
1705 1201 1926 1248 psallendo,
1962 1200 2025 1236 vel
2063 1201 2242 1237 canendo
2279 1201 2434 1248 prolata

1404 1264 1498 1300 soris
1520 1274 1590 1311 per
1616 1273 1813 1309 organum
1844 1262 1944 1307 oris,
1967 1262 2018 1299 ad
2042 1262 2314 1299 excitationem
2340 1262 2435 1299 inte-

1405 1326 1518 1362 rioris
1552 1324 1723 1361 hominis
1762 1336 1770 1360 z
1811 1324 1862 1360 ad
1893 1324 1968 1361 hoc
2003 1323 2107 1360 enim
2138 1324 2304 1361 exterius
2339 1324 2436 1361 tuba

1406 1389 1561 1425 insonat
1589 1387 1787 1432 salutaris,
1808 1390 1848 1423 ut
1875 1386 2035 1423 interius
2062 1386 2175 1423 turba
2204 1386 2327 1433 fugiat
2355 1386 2438 1423 ani-

1406 1451 1533 1488 malis.
1565 1451 1640 1487 Sed
1666 1452 1779 1494 nota,
1799 1449 1910 1496 quod
1937 1449 2010 1485 tria
2031 1451 2120 1485 sunt
2150 1448 2368 1486 necessaria
2395 1449 2436 1485 in

1406 1513 1591 1560 praedicta
1619 1512 1714 1559 legis
1741 1511 1938 1554 custodia3
1969 1511 2125 1557 scilicet,
2158 1510 2268 1558 quod
2296 1510 2335 1547 in
2367 1521 2434 1548 ore

1407 1575 1468 1611 lex
1497 1575 1712 1620 habeatur,
1743 1584 1810 1610 cor
1836 1573 2110 1620 adaperiatur,
2139 1572 2204 1609 lex
2232 1571 2310 1609 oris
2342 1582 2435 1609 aure

1408 1638 1536 1674 cordis
1561 1637 1797 1684 percipiatur
1822 1648 1829 1672 :
1863 1646 2034 1683 quorum
2064 1635 2238 1683 primum
2271 1634 2437 1682 pertinet

1408 1699 1460 1736 ad
1480 1699 1622 1745 objecti
1651 1698 1963 1745 propositionem
1972 1710 1982 1743 3
2014 1697 2252 1742 secundum,
2274 1697 2326 1734 ad
2345 1696 2437 1733 sub-

1405 1761 1494 1807 J'ccti
1517 1760 1814 1807 dispositionem
1829 1772 1838 1806 3
1855 1759 2024 1805 tertium,
2046 1759 2097 1795 ad
2117 1759 2318 1807 utriusque
2333 1769 2437 1795 com·

1408 1822 1657 1869 positionem.
1681 1823 1731 1857 De
1756 1821 1885 1869 primo
1905 1822 1918 1843 ⁷
1942 1833 1949 1856 :
1975 1833 1994 1855 «
2012 1823 2088 1857 Lex
2111 1820 2264 1857 Domini
2284 1831 2437 1868 semper

1410 1884 1457 1920 sit
1486 1883 1527 1919 in
1566 1894 1633 1920 ore
1671 1886 1737 1920 tuo
1760 1895 1768 1919 ε
1791 1897 1809 1917 »
1833 1893 1920 1919 ecce
1954 1882 2017 1919 lex
2055 1882 2094 1918 in
2128 1893 2208 1929 ore,
2245 1881 2355 1931 quod.
2383 1883 2439 1918 est

1411 1947 1551 1993 objecti
1579 1946 1808 1994 propositio.
1835 1948 1885 1982 De
1908 1945 2082 1982 secundo
2109 1946 2122 1967 ⁸
2152 1956 2160 1981 :
2188 1957 2205 1978 «
2231 1943 2439 1992 Adaperiat

1410 2009 1596 2046 Dominus
1615 2019 1682 2045 cor
1702 2011 1874 2046 vestrum
1887 2008 1928 2044 in
1944 2007 2030 2053 lege
2047 2017 2119 2043 sua
2135 2018 2143 2043 :
2164 2019 2181 2040 »
2205 2016 2294 2043 ecce
2309 2005 2439 2043 cordis

1411 2071 1576 2118 apertio,
1595 2082 1682 2118 quae
1704 2073 1759 2107 est
1779 2070 1939 2117 subjecti
1959 2070 2176 2117 dispositio.
2199 2071 2250 2106 De
2267 2068 2378 2106 tertio
2395 2070 2409 2092 ⁹
2428 2081 2436 2106 :

1415 2132 1620 2169 «Auribus
1651 2132 1836 2180 percipite
1862 2132 1991 2178 legem
2021 2132 2087 2169 Dei
2113 2132 2230 2168 vestri
2260 2143 2268 2167 :
2300 2143 2319 2166 1)
2349 2140 2438 2167 6666

1411 2194 1608 2242 perceptio
1629 2194 1727 2240 legis
1747 2205 1841 2231 aure
1861 2194 2012 2239 cordis,
2034 2194 2144 2241 quod
2164 2196 2220 2231 est
2238 2193 2438 2240 utriusque

1413 2255 1658 2302 compositio.

1741 2354 1929 2389 Articuzus
1955 2354 2117 2398 quartus.

1461 2442 1648 2485 Quartum
1684 2440 1826 2488 liquet,
1857 2451 1946 2477 cum
1977 2440 2158 2477 scribitur
2185 2452 2193 2477 ;
2220 2442 2332 2487 Lonqe
2351 2441 2442 2485 facti
2470 2434 2473 2436 ’

1413 2508 1510 2540 sunt.
1531 2505 1615 2540 llaec
1637 2506 1692 2539 est
1711 2503 1929 2549 elongatio,
1959 2513 2038 2550 qua
2066 2502 2273 2550 elongatur
2301 2502 2443 2550 cogita-

1414 2565 1567 2602 tionum
1588 2564 1821 2601 animalium
1849 2564 2087 2611 persecutio,
2117 2564 2262 2612 quibus
2289 2563 2442 2612 inquie-

1414 2630 1516 2663 tatur
1547 2625 1707 2663 interior
1737 2626 1873 2662 homo.
1904 2625 1967 2661 Hic
1997 2627 2125 2673 potest
2159 2625 2301 2672 notari,
2333 2625 2444 2674 quod

1415 2688 1670 2735 cogitationes
1697 2686 1886 2724 animales
1917 2686 2062 2723 debent
2087 2686 2138 2723 ab
2164 2686 2338 2724 interiori
2371 2686 2444 2723 ho-

1415 2750 1521 2786 mine
1541 2748 1717 2795 elongari
1729 2761 1739 2794 3
1763 2747 1856 2794 quia
1887 2746 2122 2784 deordinant
2141 2758 2232 2785 eum
2251 2749 2443 2796 quantum

1416 2811 1468 2848 ad
1498 2814 1644 2856 Deum,
1676 2810 1728 2846 ad
1760 2809 1953 2857 seipsum,
1987 2809 2039 2846 ad
2066 2809 2293 2857 proximum
2302 2821 2314 2856 3
2348 2809 2446 2846 sicut

1416 2872 1670 2919 cogitationes
1705 2871 1883 2908 vanitatis
1898 2898 1910 2917 ,
1940 2870 2126 2917 tristitiae,
2153 2873 2190 2908 61
2215 2870 2443 2919 iniquitatis.

1416 2934 1543 2971 Prima
1568 2932 1766 2980 elongatio
1803 2932 2021 2969 continetur
2037 2933 2063 2955 ¹0
2089 2944 2097 2969 ε
2131 2945 2150 2967 «
2167 2932 2382 2970 vanitatem
2411 2934 2448 2969 et

1416 2997 1539 3034 verba
1564 2995 1773 3033 mendacia
1796 2995 1914 3042 longe
1940 2993 2002 3032 fac
2028 3005 2052 3032 a
2069 3006 2132 3032 me
2154 3006 2163 3032 :
2185 3008 2204 3031 »
2227 3005 2318 3032 6666
2337 2993 2446 3032 elon-

1417 3060 1522 3106 gatio
1542 3060 1723 3098 vanitatis
1737 3062 1774 3096 et
1793 3059 1983 3096 falsitatis.
2006 3059 2185 3096 Secunda
2203 3058 2370 3096 habetur
2390 3058 2414 3080 ¹¹
2436 3070 2445 3094 ε

1422 3135 1440 3156 a
1458 3121 1663 3159 Tristitiam
1688 3121 1805 3168 longe
1834 3120 1986 3168 expelle
2015 3131 2039 3158 a
2069 3123 2133 3157 te:
2168 3133 2187 3156 ν)
2220 3130 2308 3157 6666
2341 3119 2450 3157 elon-

1420 3185 1524 3230 gatio
1555 3183 1715 3220 tristitiae
1745 3183 1796 3219 ab
1822 3183 1996 3220 interiori
2022 3183 2196 3219 homine.
2230 3181 2355 3219 Tertia
2384 3191 2447 3218 re-

1420 3249 1598 3283 censetur
1632 3247 1660 3268 ¹²
1689 3257 1697 3281 ε
1725 3257 1743 3279 ι(
1766 3247 1896 3292 Longe
1920 3244 2037 3281 facies
2066 3244 2115 3292 (b)
2149 3242 2393 3291 iniquitatem
2426 3251 2449 3279 a

1420 3306 1677 3345 tabernaculo
1697 3308 1764 3344 tuo
1783 3318 1792 3343 ι
1813 3320 1830 3341 »
1855 3316 1943 3343 ecce
1961 3305 2159 3353 elongatio
2174 3302 2398 3352 iniquitatis.

1421 3404 1445 3436 1,
1466 3398 1496 3429 4.
1517 3413 1557 3420 —
1582 3398 1594 3415 ⁹
1613 3397 1691 3434 Isa„
1715 3403 1738 3435 1,
1761 3398 1810 3428 10.
1833 3413 1873 3418 —
1895 3397 1917 3415 ¹⁰
1933 3396 2044 3436 Prov„
2066 3402 2146 3434 xxx,
2171 3395 2201 3425 8.
2219 3411 2258 3417 —-
2284 3394 2307 3416 ¹¹
2329 3393 2448 3435 Eccli.‚

1421 3451 1504 3484 xxx,
1526 3445 1577 3476 24.
1593 3460 1633 3466 —
1655 3443 1679 3464 ¹²
1698 3441 1771 3484 Job,
1790 3450 1878 3480 xxii,
1898 3444 1950 3474 23.

1466 3500 1511 3541 (a)
1525 3500 1607 3532 Caet.
1621 3498 1706 3530 edil.
1721 3501 1742 3530 Α
1748 3497 1854 3539 bysai,
1868 3499 1900 3529 et
1909 3497 1956 3529 sic
1967 3495 2169 3538 deinceps.-
2184 3496 2230 3538 (l.)
2243 3497 2325 3530 Item
2338 3496 2448 3529 faciet.
