2633 3878
62 1100 138 1133 Papa
149 1099 199 1127 de-

62 1139 110 1167 lie.⁴
137 1149 200 1168 esse

75 1183 184 1215 per-‘ec-

67 1224 194 1250 tissimus

60 1266 201 1293 insci-om-

60 1314 121 1333 nes.

229 218 245 256 Ἰ
257 219 306 256 42

226 306 312 344 tem
338 303 492 344 babent
516 312 642 354 super
668 300 852 341 ecclesiis
876 301 1144 353 partialibus,
1167 297 1255 339 sola

225 376 367 414 tamen
392 372 525 413 Roma
551 371 861 421 universaliter,
893 371 1002 412 sicut
1032 370 1101 411 Sol
1129 382 1255 422 super

225 443 430 495 planetas,
460 443 586 483 habet
613 441 917 495 plenitudinem
944 441 1158 493 potestatis
1181 453 1254 480 su-

224 526 299 566 per
323 526 486 555 omnes,
516 514 565 555 Et
586 514 819 555 secundnm
840 514 919 554 hoc
950 516 1049 552 sunt.
1074 516 1158 552 tres
1184 524 1254 551 or—

223 583 364 635 dines,
389 597 476 626 non
497 585 664 639 quidem
688 588 858 638 propter
878 584 979 624 novi
999 583 1253 624 characteris

222 654 568 708 impressionem,
601 656 696 709 quia
726 656 836 695 ultra
862 655 1141 695 sacerdotium
1167 666 1252 693 non

223 729 287 766 est
312 728 486 778 gradus,
521 727 591 768 sed
620 730 791 779 propter
819 726 1092 766 eminentiam
1113 728 1154 765 et
1178 736 1250 777 po-

222 799 429 839 testatem.
452 799 619 840 Primus
635 797 861 850 respondet
880 796 1083 846 'I'hronis;
1107 808 1253 837 secun-

221 868 300 909 dus
337 869 589 920 Cherubim
635 870 781 910 tertius
823 868 1079 921 Seraphim:
1119 866 1249 920 quia¹

228 955 247 978 α
261 944 421 997 oportet
439 941 679 994 episcopum
696 953 784 981 esse
801 940 1122 992 amplectentem
1134 950 1248 988 eum,

221 1011 294 1064 qui
323 1013 555 1052 seeundum
588 1012 821 1053 doctrinam
853 1014 933 1061 est,
969 1010 1136 1050 fidelem
1162 1021 1249 1049 ser·

221 1094 406 1124 monem.
429 1099 447 1121 »
477 1084 591 1137 Papa
615 1087 755 1124 autem
776 1083 897 1124 debet
917 1094 1006 1123 esse
1035 1081 1250 1134 perfectis-

221 1155 352 1196 simus
374 1156 482 1196 inter
505 1168 665 1196 omnes.
689 1156 730 1196 Si
752 1160 893 1196 autem
919 1154 976 1194 sic
1003 1156 1112 1193 esset
1139 1152 1251 1193 ordi-

221 1227 335 1267 natio
367 1227 563 1276 interius,
594 1227 700 1267 sicut
730 1227 939 1276 exterius,
966 1229 1068 1265 tunc
1094 1225 1252 1277 optime

221 1301 342 1338 esset.
367 1297 506 1338 Tertia
535 1297 741 1338 ordinatio
772 1300 835 1337 est
862 1296 1096 1337 secundum
1122 1296 1250 1336 ratio-

219 1381 317 1408 nem
351 1368 674 1419 exercitiorum,
712 1380 808 1421 quae
840 1370 939 1408 sunt
967 1367 1064 1417 tria,
1100 1367 1254 1406 scilicet

219 1442 454 1490 actuosum,
477 1439 679 1489 otiosum,
712 1443 751 1479 ct
780 1451 833 1478 ex
860 1442 1042 1490 utroque
1071 1437 1253 1490 permix-

218 1512 335 1561 tum;
360 1511 446 1551 vita
466 1510 616 1561 activa,
646 1511 733 1551 vita
753 1510 1102 1562 contemplativa,
1131 1511 1172 1549 et
1199 1520 1252 1548 ex

219 1584 400 1634 utroque
420 1582 644 1634 permixta.
668 1582 718 1622 Et
737 1582 833 1622 licet
860 1582 962 1622 ordo
979 1581 1249 1634 praelatorum

220 1653 450 1694 secundum
479 1654 670 1694 ordinem
701 1666 953 1694 ascensuum
989 1655 1175 1706 ponatur
1207 1652 1252 1692 in

219 1736 411 1775 summo,
435 1728 577 1765 tamen
601 1725 834 1765 secundum
854 1726 984 1765 istum
1005 1735 1250 1777 processum

218 1796 389 1847 ponitur
423 1797 465 1836 in
492 1798 658 1848 medio,
692 1809 746 1838 ex
775 1809 860 1850 qno
894 1797 1144 1849 permixtus.
1180 1795 1252 1835 Est

219 1878 325 1917 ergo
345 1868 447 1909 ordo
473 1869 724 1919 activorum,
746 1868 981 1918 mimimo,
1009 1867 1111 1908 ordo
1137 1879 1250 1920 prae-

218 1936 416 1989 latorum,
441 1939 485 1979 in
502 1940 661 1990 medio;
686 1941 788 1981 ordo
803 1940 1247 1993 contemplativorum,

219 2009 262 2049 in
285 2022 468 2050 summo.
492 2010 601 2052 Ordo
617 2011 854 2052 activorum
876 2011 1098 2064 respondet
1119 2010 1249 2061 Patri,

219 2080 286 2120 cui
314 2082 513 2133 competit
540 2082 786 2134 productio;
820 2083 923 2123 ordo
952 2083 1248 2136 praelatorum,

218 2148 443 2201 Fili030rdo
452 2154 874 2205 contemplativorum
883 2184 894 2203 ,
906 2154 1080 2206 Spiritui
1090 2157 1248 2195 sancto.

219 2220 324 2270 Quia
353 2222 398 2262 in
427 2222 610 2264 Ecclesia
638 2227 736 2264 sunt
762 2227 848 2265 tres
878 2225 1067 2275 ordines,
1097 2225 1253 2265 scilicet

218 2291 492 2345 Monastieus,
521 2297 594 2347 qui
614 2299 674 2335 est
696 2296 923 2348 productus
946 2299 1138 2347 tantum3
1162 2297 1253 2337 Lai·

218 2377 307 2415 cus,
330 2366 404 2418 qni
437 2370 499 2406 est
533 2367 770 2420 producens
800 2371 994 2418 tantum;
1025 2367 1248 2419 Clericalis,

218 2435 291 2487 qui
308 2439 367 2476 est
383 2437 611 2489 productus
626 2442 666 2479 et
681 2439 917 2492 producens
933 2454 941 2479 ε
963 2451 1063 2478 nam
1079 2451 1132 2479 ex
1145 2438 1251 2479 laico

218 2507 266 2547 fit
285 2507 460 2549 clericus
473 2541 485 2560 ,
509 2513 548 2550 et
576 2522 661 2550 non
681 2524 704 2551 e
726 2522 945 2559 converso,
968 2511 1001 2550 si
1014 2512 1105 2563 jam
1125 2510 1253 2551 habet

218 2579 409 2620 ordinem
435 2592 624 2632 sacrum3
648 2594 725 2622 nec
744 2582 824 2622 alio
849 2582 900 2635 (a)
924 2582 1048 2622 modo
1070 2582 1164 2623 fieri
1184 2582 1252 2623 de-

218 2649 302 2689 bet.
325 2649 389 2691 Ex
417 2650 566 2692 clerico
584 2653 632 2692 fit
651 2653 900 2704 religiosus,
932 2655 973 2693 et
999 2665 1087 2693 non
1107 2665 1129 2693 e
1151 2665 1249 2694 con-

221 2731 357 2760 verso.
383 2720 430 2760 In
454 2722 603 2762 ordine
623 2722 831 2763 laicorum
859 2725 922 2763 est
951 2723 1106 2775 triplex
1130 2723 1249 2774 ordo,

221 2791 376 2832 scilicet
396 2805 614 2833 sacrarum
634 2793 821 2846 plebium
836 2825 846 2843 ,
869 2806 1088 2834 sacrorum
1103 2806 1252 2835 consu-

220 2861 331 2913 lum,
379 2875 597 2904 sacrorum
640 2864 897 2917 principum.
943 2879 962 2903 c(
993 2865 1248 2916 Restituam,

223 2932 362 2986 inquit
382 2937 411 2986 ²,
441 2935 604 2987 judices
630 2938 749 2986 tuos,
781 2936 888 2976 sicut
921 2948 944 2976 a
978 2936 1198 2989 principio.
1225 2949 1245 2974 n

220 3003 327 3045 Boni
347 3005 462 3046 enim
487 3006 696 3059 principes
722 3007 880 3047 habent
900 3006 1036 3048 bonos
1055 3008 1250 3049 consilia-

221 3077 326 3128 rios;
349 3081 390 3118 et
408 3078 506 3119 honi
527 3078 719 3118 consules
749 3079 905 3118 habent
931 3078 1063 3119 bonas
1086 3078 1247 3131 plebes,

222 3149 321 3202 quia
339 3149 540 3191 erudiunt
559 3149 663 3190 illaS.
686 3149 718 3190 E
739 3154 898 3200 contra,
922 3150 1021 3190 mali
1041 3151 1250 3204 principes

222 3218 379 3261 habent
396 3220 528 3262 malos
548 3220 823 3271 consiliarios,
844 3224 884 3261 et
898 3233 972 3273 per
989 3233 1250 3274 consequens

222 3291 332 3334 male
352 3292 568 3333 instruunt
587 3292 747 3346 plebes.
768 3291 889 3333 Malae
915 3292 1057 3345 plebes
1079 3293 1250 3345 eligunt

224 3362 357 3403 malos
382 3364 606 3418 principes.
631 3364 798 3406 Primus
824 3364 948 3415 ordo,
979 3363 1136 3405 scilicet
1159 3363 1248 3417 ple-

268 3470 275 3487 ¹
299 3469 374 3507 T1't.,
397 3475 418 3509 ¹,
443 3471 473 3502 9.
488 3486 528 3493 -
545 3471 559 3492 ²
576 3472 655 3512 lsa„
677 3480 701 3513 1,
718 3473 769 3504 26.
782 3489 824 3495 —
840 3472 854 3494 3
868 3471 968 3510 wid„
984 3472 1035 3504 23.
1051 3488 1091 3511 ,-
1108 3471 1121 3492 ’”
1137 3470 1249 3511 Helm,

226 3523 258 3556 ν,
283 3520 309 3548 1.
331 3535 366 3540 -
392 3517 432 3557 (α)
457 3517 514 3549 Al.
534 3518 658 3559 aliquo.

931 206 1376 253 ῙΞᾸᾸΠΠΝΑΤῙΟΝΕΞ
1407 206 1669 249 ECCLESIAE

1329 296 1471 348 bium,
1500 296 1724 349 respondet
1750 296 1945 348 Angeli53
1980 297 2082 338 ordo
2111 299 2355 352 consulum,

1328 367 1628 419 Archangelis:
1643 368 1746 409 ordo
1760 367 2016 421 principum,
2031 367 2354 421 principatibus.

1327 438 1449 479 Modo
1471 442 1608 479 autem
1637 451 1722 479 non
1740 441 1804 479 est
1819 439 1889 489 ita,
1909 438 2017 478 sicut
2032 438 2200 491 quando
2213 438 2359 480 Valen-

1328 510 1514 550 tinianus
1551 511 1785 561 regnabat,
1829 511 1951 562 cujus
1986 510 2249 550 consiliarius
2281 510 2360 551 fuit

1326 580 1591 631 Ambrosius,
1614 581 1687 633 qni
1708 582 1846 621 adhuc
1860 580 2105 632 Saracenus,
2128 576 2360 622 scilicet'ca-

1327 652 1621 702 tecl‘iumenns,
1643 652 1770 704 virgo
1799 652 1892 692 fuit.
1919 652 1999 692 Sed
2018 652 2144 692 modo
2164 655 2177 677 ³
2204 667 2222 689 (ι
2242 652 2356 704 prin-

1327 724 1438 776 cipes
1457 738 1476 761 »
1503 726 1603 764 sunt
1625 738 1644 762 c<
1666 723 1767 764 socii
1785 723 1944 774 furum,
1965 738 1984 761 n
2010 725 2051 763 et
2071 722 2295 763 consiliarii
2313 723 2357 763 in

1327 807 1507 836 munere
1527 795 1766 836 consulunt.
1785 794 2003 836 Secundus
2021 794 2123 834 ordo
2139 794 2355 845 clericalis,

1325 866 1491 907 activus
1506 869 1546 906 et
1567 864 1933 918 contemplativus,
1950 865 2024 918 qui
2043 864 2250 917 populum
2267 877 2359 918 pas-

1326 949 1419 978 cere
1448 938 1589 988 debet,
1621 939 1662 977 et
1689 935 1988 988 contemplari,
2021 939 2067 976 ut
2093 936 2146 976 sit
2170 936 2359 977 medium

1328 1008 1439 1048 inter
1452 1008 1585 1049 Deum
1599 1011 1640 1049 et
1652 1008 1832 1061 plebem.
1843 1023 1861 1046 (ι
1873 1007 2018 1049 Omnis
2033 1022 2051 1044 »
2068 1006 2182 1047 enim
2194 1006 2207 1028 ⁶
2221 1021 2241 1046 α
2257 1019 2358 1060 pon-

1326 1079 1427 1120 tifex
1453 1092 1506 1120 ex
1530 1079 1776 1120 hominibus
1800 1080 2066 1131 assumptus,
2086 1091 2106 1116 n
2131 1081 2208 1118 etc.
2238 1077 2290 1119 Et
2311 1078 2356 1119 hi

1327 1153 1425 1190 sunt
1451 1154 1535 1191 tres
1565 1151 1751 1201 ordines,
1776 1149 2063 1190 ministerialis
2092 1148 2267 1200 scilicet,
2287 1160 2353 1189 sa-

1327 1222 1564 1271 cerdotalis,
1596 1221 1859 1275 pontificalis.
1889 1221 1953 1261 Ad
1982 1221 2059 1261 hos
2094 1220 2358 1261 reducuntur

1326 1304 1493 1342 omnes,
1517 1292 1617 1344 quia
1640 1304 1788 1333 omnes
1815 1294 1889 1332 aut
1919 1294 2019 1331 sunt
2045 1291 2355 1340 ministrantes,

1326 1365 1367 1403 et
1400 1366 1500 1403 sunt
1526 1363 1653 1416 primi
1682 1376 1775 1413 sex3
1814 1365 1888 1404 aut
1915 1365 2015 1403 sunt
2051 1361 2359 1403 sanctificantes

1327 1447 1401 1487 per
1430 1435 1581 1485 verba3
1613 1438 1688 1475 aut
1717 1437 1816 1475 sunt
1844 1436 2041 1486 regentes
2068 1445 2144 1487 per
2169 1433 2360 1474 eminen—

1325 1508 1445 1548 tiam.
1488 1507 1656 1548 Primus
1695 1509 1817 1559 ordo,
1856 1507 2011 1548 scilicet
2046 1506 2355 1558 ministerialis,

1325 1581 1550 1633 respondet
1562 1580 1865 1630 Potestatibus3
1882 1579 1985 1620 ordo
2001 1578 2265 1619 sacerdotalis
2276 1590 2360 1618 res-

1325 1652 1480 1704 pondet
1500 1651 1757 1701 Virtutibus;
1782 1650 1884 1691 ordo
1916 1650 2168 1703 pontificalis
2189 1661 2360 1702 respon-

1326 1724 1394 1764 det
1424 1723 1802 1764 Dominationibus.
1844 1722 1916 1762 ille
1949 1722 2063 1762 enim
2094 1722 2196 1762 ordo
2234 1721 2360 1762 habet

1320 1796 1496 1849 Jubere,
1530 1796 1571 1836 in
1593 1808 1677 1849 quo
1698 1799 1760 1835 est.
1781 1794 1965 1835 efficacia
1985 1796 2026 1834 et
2046 1793 2196 1834 virtus.
2221 1792 2267 1832 In
2293 1804 2360 1832 or-

1326 1867 1422 1908 dine
1459 1867 1886 1920 contemplativorum
1930 1867 2031 1905 sunt
2068 1867 2153 1905 tres
2192 1863 2360 1920 ordines

1325 1938 1626 1991 respondentes
1644 1949 1855 1990 supremae
1875 1935 2145 1985 hierarcbiae,
2173 1947 2358 1988 quorum

1325 2014 1387 2050 est
1419 2009 1573 2050 divinis
1601 2020 1751 2050 vacare
1782 2007 2026 2061 tripliciter:
2061 2006 2255 2060 quidam,
2285 2019 2360 2060 per

1325 2081 1501 2122 modum
1532 2079 1904 2133 supplicatorium3
1937 2078 2132 2131 quidam,
2164 2080 2245 2131 'per
2273 2089 2359 2119 mo-

1325 2153 1427 2194 dum
1466 2152 1798 2205 speculativum3
1836 2151 2034 2204 quidam,
2070 2162 2145 2203 per
2182 2150 2359 2190 modum

1326 2224 1700 2265 sursumactivum.
1729 2222 1870 2263 Primo
1897 2222 2022 2263 modo
2053 2224 2153 2262 sunt
2179 2221 2260 2272 illi,
2283 2221 2359 2274 qui

1325 2308 1370 2336 se
1397 2298 1506 2335 totos
1531 2294 1723 2335 dedicant
1746 2293 1952 2344 orationi,
1985 2295 2025 2333 et
2053 2292 2290 2343 devotioni,
2317 2294 2360 2332 et

1325 2369 1481 2410 divinae
1500 2368 1631 2418 laudi,
1660 2367 1738 2408 nisi
1760 2365 2001 2420 aliquando,
2029 2365 2199 2418 quando
2217 2364 2354 2405 inten-

1327 2439 1433 2480 dunt
1450 2439 1568 2492 operi
1587 2438 1793 2489 manuali,
1815 2450 1889 2478 seu
1904 2436 2054 2486 labori,
2076 2436 2127 2476 ad
2147 2438 2356 2476 sustenta-

1324 2511 1485 2552 tionem
1505 2522 1627 2551 suam
1643 2513 1683 2550 et
1703 2509 1884 2550 aliorum
1906 2523 1914 2549 :
1944 2511 1990 2548 ut
2022 2510 2122 2548 sunt
2142 2507 2245 2548 ordo
2264 2519 2355 2548 mo-

1324 2583 1529 2632 nasticus,
1559 2582 1648 2623 sive
1679 2581 1821 2632 albus,
1847 2581 1938 2622 sive
1969 2580 2109 2632 niger,
2142 2581 2192 2620 ut
2211 2578 2358 2620 Cister-

1325 2654 1474 2695 ciensis
1486 2685 1498 2704 ,
1540 2652 1955 2694 praemonstratensis
1965 2684 1976 2703 ,
2019 2650 2332 2693 Cartbusiensis
2343 2682 2356 2702 ,

1325 2724 1740 2774 GrandimontensiS,
1773 2723 1967 2765 Canonici
1996 2722 2229 2775 regulares.
2264 2720 2358 2762 Om-

1323 2797 1450 2837 nibus
1470 2796 1560 2836 istis
1587 2795 1695 2837 datae
1723 2797 1820 2835 sunt
1844 2794 2142 2847 possessiones,
2168 2796 2217 2834 ut
2235 2796 2358 2834 orent

1324 2880 1401 2920 pro
1438 2868 1519 2907 illis
1562 2867 1635 2920 qui
1683 2866 1904 2908 dederunt.
1953 2865 2058 2907 Huic
2105 2865 2357 2919 respondent

1324 2938 1498 2980 Throni.
1521 2938 1702 2981 Secundi
1722 2941 1819 2979 sunt
1841 2938 1916 2989 illi,
1946 2937 2020 2990 qui
2040 2936 2265 2978 intendunt
2281 2948 2356 2990 per

1324 3011 1499 3051 modum
1536 3010 1891 3064 speculatorium,
1926 3011 1975 3049 ut
2003 3008 2064 3049 illi
2096 3008 2169 3061 qui
2202 3009 2356 3049 vacant

1325 3081 1600 3134 speculationi
1631 3081 1879 3135 Scripturae,
1909 3092 2006 3132 quae
2040 3091 2130 3120 non
2157 3077 2356 3130 intelligi-

1323 3156 1406 3205 tur,
1430 3153 1512 3194 nisi
1536 3155 1589 3195 ab
1610 3153 1766 3195 animis
1784 3152 1969 3194 mundis.
1988 3151 2080 3193 Non
2102 3151 2216 3192 enim
2236 3152 2355 3203 potes

1323 3237 1445 3266 nosse
1483 3225 1615 3266 verba
1667 3224 1806 3275 Pauli,
1848 3223 1928 3263 nisi
1965 3222 2122 3264 habeas
2158 3221 2354 3274 spiritum

1324 3294 1460 3337 Pauli.
1485 3296 1580 3337 Ideo
1603 3307 1772 3337 necesse
1799 3296 1881 3345 est,
1915 3296 1962 3334 ut
1989 3293 2046 3333 sis
2069 3294 2355 3345 sequestratus

1322 3364 1368 3405 in
1386 3366 1550 3407 deserto
1570 3379 1667 3408 cum
1685 3365 1845 3418 Moyse,
1877 3366 1918 3404 et
1939 3362 2140 3404 ascendas
2158 3362 2203 3402 in
2229 3374 2352 3404 mon-

1322 3439 1423 3478 tem.
1459 3437 1566 3480 Huic
1601 3437 1859 3492 respondent
1891 3434 2133 3476 Cherubim.
2166 3433 2219 3475 Hi
2254 3435 2356 3476 sunt

1324 3507 1641 3561 Praedicatores,
1669 3513 1711 3551 et
1736 3508 1933 3550 Minores.
1959 3505 2042 3546 Alii
2067 3504 2355 3559 principaliter
